4062 5504
503 1421 505 1426 ’
588 1439 666 1540 DE
704 1437 1022 1539 TRACTATU
1054 1437 1387 1538 HIERONYMI
1418 1435 1758 1538 DEPERDITO

949 1594 1007 1693 ΙΝ
1039 1594 1318 1695 PSALMUM
1348 1594 1397 1695 L.

505 1930 508 1938 ,
541 1863 748 1946 Priusquam
765 1865 854 1948 finis
878 1868 966 1948 operi
992 1868 1187 1948 imponatur,
1211 1866 1351 1930 occurrit
1372 1864 1484 1927 animo
1510 1861 1639 1944 iusrgue
1666 1856 1834 1924 Cassiodor
1842 1856 1856 1916 i

495 1969 726 2046 testimonium,
742 1969 800 2032 ubi
812 1969 852 2032 de
859 1971 988 2052 psalmi
1002 1971 1029 2034 L
1047 1991 1142 2048 uersu
1160 1990 1200 2052 13
1216 1975 1231 2050 (
1234 1971 1280 2033 Μ
1280 1970 1353 2052 igne
1369 1983 1419 2051 70,
1432 1964 1500 2050 367
1517 1967 1569 2042 D)
1581 1989 1593 2031 .·

541 2203 631 2267 Nam
649 2215 682 2268 et
700 2205 819 2270 beatus
839 2207 1070 2292 Hieronymus
1086 2212 1247 2274 adversus
1263 2207 1450 2274 haereticos
1465 2207 1499 2270 in
1516 2206 1580 2269 hoc
1605 2203 1735 2288 psaimo
1760 2202 1853 2266 lucu-

497 2307 604 2372 lenter
620 2321 654 2372 et
671 2310 816 2375 breviter
831 2313 874 2377 de
891 2314 1057 2379 Trinitate
1073 2316 1239 2380 disseruit.
1933 2397 1946 2438 ι

2001 2341 2002 2378 i

544 2542 671 2622 Quibus
685 2544 831 2626 equidem
847 2548 954 2611 uerbis
968 2548 1121 2612 latenlem
1137 2548 1243 2612 adbuc
1261 2558 1437 2611 tractatum
1445 2545 1739 2629 potiusa'esignari
1757 2553 1854 2627 puta·

496 2648 610 2724 verim,
625 2669 724 2730 qnam
740 2651 843 2712 locum
858 2653 1006 2732 quemvis
1020 2673 1059 2715 en
1073 2652 1219 2734 operibus
1234 2651 1439 2731 Hieronymi.

2001 3109 2002 3142 i

2001 3161 2002 3188 i

2001 3213 2002 3246 i

2001 3249 2002 3276 i

2001 3293 2002 3330 i

542 2749 639 2827 Quod
651 2773 725 2814 uero
740 2755 861 2816 attinet
875 2755 924 2817 ad
936 2761 942 2786 ‘
956 2755 1081 2819 breuem
1097 2766 1128 2819 et
1142 2755 1421 2837 elegantissimum
1437 2762 1616 2816 mactatum
1632 2753 1671 2816 de
1696 2751 1851 2815 similitu-

495 2853 571 2916 dine
586 2857 697 2918 carnis
703 2857 830 2936 peceati
843 2867 956 2920 contra
972 2858 1187 2922 Manichacus
1197 2859 1203 2884 ¹
1215 2879 1308 2940 quem
1322 2857 1426 2921 ueluti
1434 2855 1475 2919 ab
1485 2856 1686 2934 Hieronymo
1696 2856 1853 2936 scriptum

491 2957 620 3037 profert
644 2958 852 3040 sigobardus,
867 2960 1005 3024 Aeivers.
1032 2961 1168 3024 felicem
1200 2961 1308 3044 Urgel.
1323 2982 1345 3022 c.
1367 2979 1415 3045 39
1441 2959 1501 3042 (M
1501 2960 1574 3041 igue
1590 2979 1663 3042 104,
1679 2958 1699 3021 6
1697 2976 1722 3039 5
1737 2981 1785 3041 sq.
1787 2963 1813 3036 p,
1828 2960 1854 3019 is

487 3061 633 3141 profecto
649 3063 735 3124 milei
749 3063 926 3128 Hilarium
943 3067 1052 3146 iringis
1066 3081 1176 3146 sapere
1192 3066 1329 3142 ue'detur,
1344 3077 1376 3126 et
1389 3085 1428 3128 ex
1453 3064 1560 3126 eodem
1579 3065 1728 3144 sortasse
1751 3062 1855 3126 libello

495 3163 659 3247 decerptus
665 3168 785 3247 fuerit,
800 3169 893 3231 ceeins
899 3172 1134 3251 fragmenlum
1151 3170 1185 3231 iu
1201 3169 1347 3233 Arnobii
1362 3166 1516 3250 Consticiu
1533 3168 1673 3230 aiterum
1695 3167 1857 3230 landatur

494 3269 554 3332 sub
569 3271 698 3334 nomine
713 3278 720 3302 ‘
735 3271 870 3335 Hilarii
882 3272 1052 3336 scribentis
1068 3272 1102 3334 iu
1133 3271 1362 3336 Conslamium
1391 3273 1615 3352 imperatorem
1642 3270 1681 3331 de
1702 3270 1853 3332 iucarna-

495 3373 580 3435 tione
594 3373 751 3437 Domini'
768 3375 902 3458 (Migm
915 3395 968 3457 53,
984 3377 1049 3461 289
1064 3376 1124 3457 sq.)
