4160 5500
607 433 798 494 nouum
822 436 868 494 m
892 435 1042 496 Lucam
1064 437 1148 506 xvi,
1175 454 1269 510 19·3t.
1535 414 1618 516 385

261 645 454 712 hominum!
475 648 633 732 Apostoli
660 651 765 715 secuti
789 650 929 728 fuerant,
955 663 987 716 et
1013 651 1145 735 fugiunt
1159 674 1167 716 :
1183 650 1245 716 iste
1269 651 1302 715 in
1319 670 1414 714 cruce
1432 651 1616 716 Dominum

261 750 444 818 confitetur.
462 753 492 818 O
512 753 617 832 Petre,
632 775 653 817 o
673 755 848 832 Iohannes,
864 755 921 838 qui
938 756 1092 821 dixeras:
1108 762 1115 788 ‘
1133 757 1178 820 Et
1193 755 1221 819 si
1238 775 1291 820 me
1308 774 1442 820 necesse
1458 763 1508 820 est
1525 754 1617 832 mori,

262 875 444 939 numquam
469 866 504 921 te
520 858 679 941 negabo.'
706 860 887 938 Promittis,
909 869 943 924 et
970 881 1036 924 non
1061 859 1143 926 sacis
1158 884 1165 926 :
1181 879 1257 924 ecee
1281 858 1365 924 alius
1387 858 1567 922 damnatus
1583 858 1616 920 in

261 957 487 1037 homicidium,
503 962 592 1044 quod
610 982 676 1027 non
689 965 896 1046 promiserat,
912 964 1000 1030 iacit.
1016 964 1182 1028 Exclusus
1197 963 1241 1027 de
1251 962 1326 1028 loco
1335 982 1370 1026 es
1383 971 1450 1039 tuo,
1474 959 1617 1026 exclusit

226 1070 294 1134 ste
311 1061 414 1128 latro:
431 1064 502 1147 ipse
530 1065 657 1148 primus
678 1067 866 1150 ingreditur
892 1089 967 1133 cum
995 1069 1118 1153 Xpisto
1143 1067 1176 1132 in
1207 1067 1409 1152 paradisum.
1434 1067 1489 1130 Ex
1515 1064 1618 1130 latere

260 1165 408 1230 diximus
426 1167 470 1232 de
485 1167 623 1248 latrone,
639 1189 747 1253 neque
773 1171 863 1238 enim
890 1171 986 1238 obliti
1007 1192 1122 1237 sumus
1137 1171 1299 1256 propositi
1314 1194 1322 1235 ε
1337 1188 1617 1254 proposueramus

262 1271 351 1335 enim
368 1272 410 1336 de
426 1273 582 1354 paradiso
604 1274 723 1351 dicere,
749 1275 839 1358 quod
857 1285 936 1340 ante
951 1277 1132 1340 adventum
1151 1277 1263 1361 Xpisti
1281 1297 1380 1341 nemo
1396 1275 1493 1340 suerit
1509 1275 1541 1336 in
1559 1294 1616 1356 pa·

262 1374 380 1442 radiso.
397 1375 618 1443 Revertamur
634 1398 713 1462 ergo
728 1381 771 1443 ad
787 1381 1007 1463 propositum.
1025 1381 1180 1446 Latronis
1195 1401 1324 1445 corona
1349 1399 1414 1444 non
1433 1397 1493 1443 nos
1508 1399 1617 1443 errare

262 1475 370 1558 faciat,
382 1482 440 1546 sed
452 1493 609 1564 provocet
625 1483 667 1547 ad
684 1503 852 1548 coronam.
868 1484 1042 1549 Abraham
1060 1486 1203 1549 necdum
1221 1495 1292 1549 erat
1310 1485 1342 1548 in
1360 1483 1523 1567 paradiso,
1539 1483 1616 1566 quia

209 1604 240 1642 10
261 1583 403 1650 necdum
421 1587 562 1669 Xpistus
579 1587 759 1653 intraverat
779 1607 855 1651 cum
869 1587 1005 1654 latrone.
1018 1587 1120 1652 Venit
1139 1588 1290 1672 Xpistus,
1306 1598 1339 1653 ct
1355 1607 1472 1671 passus
1488 1596 1538 1650 est
1557 1609 1564 1650 ε
1583 1595 1617 1650 et

260 1687 364 1754 muita
389 1708 528 1772 corpora
552 1701 742 1756 sanctorum
771 1701 1031 1768 resurrexerunt,
1047 1702 1080 1756 et
1097 1691 1168 1757 visa
1184 1701 1262 1756 sunt
1278 1691 1309 1753 in
1333 1700 1450 1754 sancta
1472 1690 1616 1756 civitate.

257 1791 350 1857 Crux
377 1793 490 1875 Xpisti
515 1793 616 1859 clavis
641 1794 785 1878 paradisi
810 1806 873 1874 est,
897 1817 981 1861 crux
1011 1795 1124 1880 Xpisti
1153 1795 1283 1878 aperuit
1310 1794 1510 1877 paradisum.
1539 1793 1615 1857 Non

256 1895 351 1961 vobis
367 1897 456 1962 dixit
467 1897 556 1980 quod
567 1901 574 1929 ‘
585 1917 723 1980 regnum
737 1899 978 1966 caelorumvim
991 1901 1116 1984 patitur
1128 1911 1161 1964 et
1174 1898 1309 1964 violenti
1324 1898 1484 1980 diripiunt
1497 1897 1578 1962 illud
1590 1897 1616 1960 ’t

257 1998 324 2087 Qui
347 2002 380 2066 in
407 2022 503 2066 cruce
529 2012 589 2081 est,
619 2023 685 2068 non
714 2003 781 2068 vim
806 2003 911 2068 facit?
939 2005 1031 2070 Nihil
1060 2003 1207 2068 medium
1235 2015 1308 2066 est:
1333 2022 1416 2066 crux
1443 2011 1477 2066 et
1501 2001 1614 2065 statim

207 2125 237 2178 15
257 2107 440 2188 paradisus,
451 2108 509 2172 sed
529 2107 727 2192 magnitudo
742 2127 925 2191 poenarum
945 2108 1023 2172 iacit
1055 2106 1321 2190 magnitudinem
1339 2105 1570 2189 praemiorum.

302 2210 397 2274 Haec
420 2211 551 2277 interim
569 2212 726 2278 diximus.
752 2213 979 2296 Deprecemur
997 2213 1194 2290 Dominum,
1217 2220 1253 2274 ut
1278 2210 1441 2274 latronem
1464 2219 1497 2274 et
1513 2209 1613 2272 istum

258 2313 420 2380 Lazarum
446 2335 637 2400 pauperem,
660 2314 688 2379 si
713 2314 900 2400 persecutio
931 2314 1066 2392 venerit,
1093 2315 1262 2378 imitemur
1283 2313 1467 2377 latronem:
1494 2314 1519 2376 si
1545 2332 1614 2396 pax

231 2467 235 2472 .
256 2415 362 2495 suerit,
378 2417 546 2482 imitemur
565 2418 738 2483 Lazarum.
757 2418 793 2484 Si
810 2419 1005 2502 martyrium
1024 2417 1206 2494 fecerimus,
1222 2416 1336 2480 statim
1357 2417 1388 2480 in
1409 2414 1614 2499 paradisum:

255 2520 282 2584 si
298 2522 504 2606 paupertatis
520 2542 664 2606 poenam
680 2521 945 2600 sustinuerimus,
961 2521 1075 2586 statim
1087 2522 1120 2585 in
1133 2521 1242 2586 sinum
1266 2521 1433 2584 Abrahae.
1452 2519 1564 2583 Habet
1581 2529 1615 2582 et

205 2649 238 2686 20
254 2627 400 2710 sanguis,
415 2626 516 2692 habet
531 2635 565 2692 et
579 2646 650 2710 pax
667 2625 741 2691 loca
755 2646 824 2690 sua.
843 2626 958 2690 Habet
978 2635 1012 2690 et
1027 2634 1206 2709 paupertas
1232 2625 1427 2708 martyrium
1451 2644 1558 2701 suum,
1581 2633 1613 2686 et

253 2740 385 2814 egestas
395 2729 486 2796 ¹bene
501 2731 643 2798 tolerata
658 2730 737 2796 iacit
754 2730 973 2814 martyrium:
989 2732 1047 2794 sed
1067 2737 1199 2812 egestas
1212 2737 1346 2811 propter
1362 2727 1531 2808 Xpistum,
1547 2745 1613 2790 non

254 2843 390 2918 propter
406 2835 647 2902 necessitatem.
660 2837 818 2904 Ceterum
834 2838 951 2922 quanti
969 2857 1131 2921 pauperes
1149 2846 1237 2914 sunt,
1253 2846 1287 2900 et
1302 2835 1422 2900 divites
1440 2855 1512 2898 esse
1528 2834 1614 2898 desi-

253 2938 380 3016 derant,
395 2949 428 3002 et
444 2937 568 3004 scelera
583 2937 718 3006 faciunt.
737 2941 815 3006 Non
832 2961 912 3024 ergo
944 2952 1122 3024 paupertas
1138 2940 1282 3023 simplex
1299 2937 1434 3004 beatum
1451 2937 1539 3016 sacit,
1555 2938 1613 3002 sed

253 3053 432 3130 paupertas
454 3053 590 3126 propter
607 3043 776 3127 Xpistum.
794 3045 893 3109 Fides
910 3045 1033 3109 samem
1051 3066 1117 3109 non
1135 3046 1239 3111 timet.
1252 3043 1319 3128 Qui
1337 3042 1496 3125 Xpistum
1513 3051 1614 3120 amat,

203 3170 235 3225 ²5
254 3167 320 3212 non
337 3146 434 3212 timet
443 3146 578 3212 samem:
594 3147 651 3230 qui
669 3148 827 3232 Xpistum
844 3149 956 3224 habet,
968 3169 1085 3212 omnes
1101 3169 1214 3214 secum
1231 3147 1364 3212 divitias
1380 3146 1490 3210 habet.
1503 3145 1613 3228 Nego-

253 3251 353 3318 tiator
369 3252 505 3336 quidam
533 3252 798 3336 sapientissimus
826 3252 976 3318 vendidit
1003 3253 1190 3317 universam
1219 3249 1443 3316 substantiam
1460 3270 1565 3326 suam,
1580 3261 1614 3314 et

253 3365 379 3422 ceteras
390 3356 595 3440 margaritas,
611 3365 644 3421 et
659 3357 740 3420 emit
753 3357 814 3420 sibi
826 3378 927 3421 unam
939 3357 1217 3440 pretiosissimam
1232 3357 1457 3440 margaritam.
1476 3355 1613 3420 Habue-

252 3469 304 3524 rat
319 3459 455 3542 quidem
473 3459 677 3544 margaritas,
693 3471 726 3524 et
743 3461 984 3544 pulcherrimae
999 3471 1092 3526 erant
1108 3472 1142 3527 et
1158 3463 1333 3544 pretiosae.
1351 3461 1492 3543 Moysen
1511 3459 1612 3523 habe·

253 3562 320 3641 bat,
337 3564 472 3628 Esaiam
492 3564 646 3642 habebat,
677 3564 883 3630 Hieremiam
901 3567 1055 3643 habebat,
1085 3577 1218 3630 sanctos
1235 3564 1436 3648 prophetas:
1454 3563 1512 3627 sed
1530 3562 1612 3626 haec

202 3695 236 3746 3⁰
252 3666 294 3729 ad
323 3668 594 3750 conparationem
624 3669 737 3751 Xpisti
761 3670 860 3735 duxit
891 3690 951 3752 pro
977 3682 1130 3735 stercore.
1157 3667 1258 3734 Unde
1273 3667 1353 3732 dicit
1377 3676 1410 3731 et
1427 3666 1612 3748 apostolus:

285 3871 471 3935 aololrauues]
490 3889 552 3924 eras.
567 3872 594 3923 in
606 3873 640 3922 N.
741 3876 801 3937 411]
820 3889 859 3940 χ;
880 3877 930 3924 oru'.
944 3872 1018 3923 codd.
1122 3874 1178 3936 5111
1191 3871 1354 3936 parodr'sum]
1375 3871 1404 3920 iu
1419 3869 1540 3935 paradiso
1554 3870 1609 3919 FN.

255 3966 283 4004 12
295 3955 354 4003 Nou
362 3951 439 4014 vobo's]
450 3955 515 4006 codd
526 3971 625 4014 monuo
636 3953 706 4003 uobis
714 3971 742 4022 χ.
815 3967 844 4016 ¹⁴
855 3953 929 4014 crux]
937 3961 960 4004 et
968 3971 1033 4004 crux
1041 3970 1075 4021 χ;
1087 3954 1113 4002 Ν
1124 3970 1180 4018 sup.
1194 3953 1237 4003 lin.
1252 3953 1311 4003 add.
1321 3954 1414 4018 primo.
1486 3962 1513 4016 15
1526 3953 1580 4014 scd]
1593 3967 1612 4019 χ

251 4043 275 4085 et
284 4035 359 4086 codd.
369 4052 415 4101 pro
425 4038 468 4086 ot?
536 4047 564 4098 17
572 4041 718 4102 pauperem]
731 4053 751 4104 χ
762 4037 820 4086 add.
834 4037 936 4087 imitari
942 4045 1082 4101 possumus,
1097 4036 1120 4085 N
1133 4053 1188 4102 sup.
1203 4034 1246 4084 lin.
1261 4051 1407 4100 sequamur.
1476 4032 1505 4082 18
1515 4033 1612 4094 statim]

252 4131 272 4183 χ
291 4116 366 4168 inser.
381 4117 535 4167 intrabimus
554 4125 579 4166 et
599 4132 648 4166 om.
665 4118 702 4168 in.
810 4117 974 4181 paradisum]
995 4117 1019 4166 N
1040 4133 1094 4181 sup.
1109 4117 1153 4167 lin.
1167 4118 1225 4168 add.
1242 4118 1439 4168 introducemur.
1543 4128 1572 4178 19
1583 4117 1612 4166 iu

251 4201 349 4263 sinum]
368 4201 397 4250 iu
414 4201 476 4250 sinu
496 4199 550 4250 FN.
669 4198 796 4260 Abrahae]
818 4199 841 4248 N
862 4215 916 4263 sup.
932 4199 975 4249 lin.
989 4200 1047 4250 add.
1062 4200 1165 4250 erimus.
1284 4212 1315 4263 23
1338 4200 1446 4265 maturo]
1463 4198 1557 4248 aaaron:
1582 4197 1610 4246 F.

252 4291 283 4342 27
296 4281 439 4343 Habuerat]
449 4281 589 4331 habuerant
602 4281 631 4332 L.
701 4279 733 4330 28
744 4278 855 4345 quadem]
866 4281 970 4345 quatiam
984 4281 1047 4342 F,N
1060 4296 1124 4332 corr.
1193 4281 1225 4332 28
1234 4282 1394 4348 squamae]
1406 4281 1526 4332 Mbcbaut
1533 4279 1609 4332 codd.
1729 4270 1733 4276 ¹

252 4377 285 4426 29
296 4364 401 4426 sanctos]
412 4370 437 4414 et
447 4370 542 4414 saucios
553 4379 580 4432 χ.

294 4553 318 4610 3.
337 4529 453 4612 negabo]
471 4533 579 4592 Matth.
598 4533 643 4604 26,
662 4549 707 4608 35.
1004 4552 1048 4608 13.
1065 4529 1153 4612 illud]
1170 4533 1277 4592 Matth.
1298 4553 1342 4606 11,
1360 4553 1403 4592 12.

295 4633 320 4689 7.
337 4613 450 4690 nemos.
466 4615 498 4672 r'a
508 4609 662 4692 paradiso]
675 4613 762 4674 Cons.
776 4631 864 4689 supra
876 4631 903 4689 p.
1001 4632 1045 4688 ²7·
1064 4611 1269 4694 margaritam]
1287 4615 1393 4676 Matth.
1411 4634 1456 4690 13,
1472 4630 1509 4690 45
1526 4633 1569 4690 sq.

252 4715 320 4774 329.
336 4698 354 4758 ¹·
371 4715 405 4772 ³¹
424 4715 488 4773 sqq·

303 4799 415 4844 Adedou
424 4797 576 4842 Muedrotana
586 4797 630 4849 111,
640 4813 659 4840 a.
1537 4812 1561 4851 ,9
