4160 5500
470 423 552 529 382
843 451 871 510 s.
897 449 1151 518 masonrnr
1175 449 1439 511 sussurrant

465 687 467 694 ’
520 669 552 732 E
554 678 568 732 t
581 667 669 735 dirr't
683 670 758 735 illi:
773 669 859 746 Non,
869 679 968 752 pater
990 671 1020 733 Α
1025 669 1162 734 braham
1175 693 1187 734 :
1202 667 1261 732 sed
1271 668 1304 732 si
1316 667 1390 751 quis
1403 689 1444 732 ex
1469 657 1608 735 rrrortrris
1623 671 1699 736 ierit
1711 672 1760 736 ad
1770 693 1829 748 eos,

472 773 715 855 paenitentiam
732 784 836 858 agent.
853 771 943 839 Dum
961 777 1135 852 nescimus,
1147 774 1199 838 hic
1210 773 1335 856 dogma
1351 782 1573 840 monstratur:
1590 775 1679 842 aliud
1692 777 1827 862 quidem

477 877 610 957 dicitur,
626 882 685 946 sed
711 879 915 962 significatur
941 879 1040 944 aliud.
1058 879 1130 944 Scit
1158 879 1272 944 iratres
1299 878 1380 941 istos
1405 871 1483 943 non¹
1499 901 1598 964 posse
1620 883 1749 959 salvari,
1765 883 1828 946 nisi

475 982 595 1066 aliquis
624 985 668 1049 ab
695 985 805 1050 inieris
837 984 1062 1049 resurrexerit.
1093 985 1248 1067 Denique
1279 982 1406 1061 ludaei,
1431 985 1488 1066 qui
1520 995 1652 1052 tantum
1684 989 1826 1071 Moysen

476 1090 616 1154 audiunt
633 1100 666 1155 et
682 1090 872 1174 prophetas,
887 1099 920 1153 et
943 1109 1043 1153 nemo
1059 1090 1106 1152 eis
1132 1087 1309 1152 resurrexit
1334 1087 1378 1151 ab
1402 1087 1538 1156 inieris:
1562 1100 1738 1174 propterea
1763 1090 1826 1156 sra-
1869 1111 1883 1164 s

475 1201 544 1257 tres
559 1191 640 1259 istos
656 1195 812 1262 Salvator
825 1202 939 1257 noster
953 1192 1064 1258 habet.
1080 1192 1146 1257 Sed
1163 1193 1191 1257 si
1208 1193 1280 1274 quis
1297 1189 1341 1255 ab
1355 1190 1467 1256 inseris
1484 1193 1557 1260 ierit
1573 1196 1614 1260 ad
1631 1217 1698 1274 eos,
1714 1195 1828 1279 paeni-

478 1301 615 1364 tentiam
633 1310 743 1384 agent.
761 1300 796 1367 Si
812 1297 888 1382 quis
912 1298 985 1362 ierit
1010 1300 1053 1362 ab
1079 1296 1199 1362 inferis.
1217 1297 1340 1360 Nescio
1356 1296 1430 1379 quis
1454 1297 1559 1364 iturus
1575 1300 1636 1364 sit:
1652 1319 1719 1364 non
1735 1299 1826 1363 enirn

475 1422 603 1468 mereor
630 1405 662 1468 in
689 1405 805 1488 poenis
829 1406 1032 1471 constitutus
1048 1427 1123 1470 eum
1148 1425 1255 1484 nosse,
1270 1405 1327 1487 qui
1344 1413 1584 1470 resurrecturus
1600 1413 1659 1469 est.
1677 1404 1744 1470 Sed
1760 1404 1826 1468 hoc

473 1510 552 1586 scio,
567 1509 646 1592 quia
672 1509 874 1594 quicumque
891 1512 1106 1576 resurrexerit
1121 1531 1141 1575 a
1157 1509 1296 1576 mortuis
1312 1518 1345 1573 et
1362 1508 1612 1590 praedicaverit,
1628 1508 1683 1574 ille
1704 1509 1827 1592 poterit

475 1613 556 1679 istos
573 1615 689 1680 iratres
705 1615 815 1679 salvos
831 1615 945 1682 facere.
964 1615 1024 1680 ille
1049 1615 1189 1681 salvavit
1204 1634 1322 1678 aures:
1338 1612 1393 1676 ille
1408 1614 1497 1678 enim
1513 1614 1594 1680 dicit
1610 1617 1618 1646 ‘
1635 1613 1701 1698 Qui
1724 1613 1828 1679 habet
1850 1635 1882 1673 2ο

478 1740 575 1783 aures
601 1720 757 1785 audiendi
785 1721 899 1784 audiat
916 1721 931 1784 '.
949 1719 1010 1784 ille
1037 1720 1178 1784 salvavit
1204 1718 1319 1784 oculos
1335 1741 1342 1783 :
1359 1717 1414 1781 ille
1440 1717 1528 1782 enirn
1555 1718 1635 1782 dicit
1650 1722 1658 1751 ⁴
1676 1717 1828 1782 Lucerna

472 1825 620 1906 corporis
636 1825 683 1889 tui
711 1834 761 1889 est
787 1824 902 1889 oculus
929 1833 1006 1888 tuus
1022 1824 1037 1890 ¹.
1057 1824 1111 1888 Ex
1128 1823 1216 1888 illius
1231 1843 1289 1887 ore
1310 1823 1482 1904 apostolus
1506 1821 1653 1905 loquitur
1667 1846 1675 1888 ε
1690 1828 1697 1856 ‘
1714 1822 1828 1904 Xpisti

473 1926 581 1993 bonus
597 1929 680 1994 odor
695 1949 810 1994 sumus
825 1929 841 1995 ’.
858 1928 914 1993 Ex
930 1929 1017 1994 illius
1033 1950 1089 1994 ore
1106 1929 1251 2013 loquitur
1267 1937 1300 1992 et
1314 1926 1487 2010 psalmista
1509 1925 1623 1990 dicens
1638 1949 1645 1990 :
1660 1931 1667 1959 ⁴
1685 1925 1829 1991 Gustare

474 2041 507 2095 et
524 2031 643 2110 videte,
658 2033 815 2116 quoniam
833 2033 943 2096 suavis
960 2043 1011 2096 est
1028 2033 1194 2098 Dominus
1209 2031 1227 2098 ¹.
1243 2031 1304 2096 Ille
1320 2030 1427 2095 salvat
1443 2039 1477 2093 et
1494 2037 1633 2096 tactum.
1654 2028 1828 2113 Quodam-

476 2137 578 2200 modo
605 2137 646 2200 de
673 2137 744 2201 istis
771 2137 926 2201 omnibus
956 2137 1113 2204 iratribus
1140 2137 1306 2202 Iohannes
1331 2135 1498 2218 loquitur:
1523 2133 1649 2217 ‘Quod
1674 2135 1830 2212 vidimus,
1853 2157 1883 2210 ¹3

475 2239 590 2322 inquit,
606 2241 695 2322 quod
712 2241 909 2318 audivimus,
926 2241 1015 2325 quod
1042 2262 1160 2306 manus
1185 2250 1318 2304 nostrae
1333 2238 1553 2321 palpaverunt
1569 2238 1586 2302 ¹.
1606 2237 1695 2300 Istos
1712 2236 1830 2302 iratres

475 2346 670 2409 resurrectio
696 2345 836 2409 salvavit
856 2345 1003 2411 Domini.
1022 2347 1176 2429 Denique
1199 2346 1252 2409 isti
1278 2344 1394 2408 iratres
1409 2351 1443 2406 et
1458 2341 1492 2406 in
1510 2341 1608 2406 nobis
1624 2351 1719 2406 erant
1735 2349 1829 2406 ante·

473 2468 573 2531 quam
591 2449 685 2514 nobis
702 2449 844 2532 Xpistus
871 2459 1063 2532 resurgeret.
1080 2448 1207 2516 Oculus
1225 2468 1317 2513 meus
1333 2446 1468 2511 videbat
1497 2445 1593 2523 male,
1613 2445 1756 2512 ducebat
1774 2467 1830 2510 me

475 2560 552 2633 post
568 2552 708 2635 vestigia
726 2551 928 2616 meretricis:
945 2554 1139 2635 simpliciter
1153 2553 1264 2617 videre
1281 2571 1347 2615 non
1364 2559 1514 2633 poteram
1532 2550 1668 2614 alterius
1685 2550 1829 2634 pulchri·

474 2653 636 2732 tudinem,
652 2653 710 2718 sed
739 2653 874 2718 alterius
902 2656 1114 2739 pulchritudo
1138 2667 1210 2722 erat
1237 2655 1373 2721 flamma
1398 2674 1482 2719 mea.
1500 2653 1584 2718 Mihi
1611 2655 1700 2718 auris
1727 2665 1829 2718 antea
1850 2681 1886 2720 20

474 2777 583 2839 poena
599 2768 689 2822 erat:
705 2757 896 2824 delectabar
912 2760 1000 2825 enirn
1018 2762 1165 2837 canticis,
1181 2771 1215 2825 et
1232 2761 1341 2845 turpia
1357 2759 1458 2824 verba
1473 2757 1616 2822 libenter
1639 2758 1829 2825 audiebam.

474 2859 644 2927 Odoribus
671 2862 872 2942 delectabar,
889 2883 955 2929 non
982 2865 1118 2948 quidem
1144 2864 1250 2943 bonis,
1266 2864 1324 2928 sed
1353 2862 1449 2927 malis
1463 2885 1472 2926 r
1488 2863 1566 2945 quia
1583 2859 1829 2927 interficiebant

474 2967 620 3034 animam
639 2989 756 3033 meam.
775 2968 881 3034 Gulae
899 2990 993 3034 meae
1009 2991 1076 3034 non
1104 2979 1260 3054 poterant
1277 2990 1336 3034 nec
1353 2977 1439 3033 terra
1457 2987 1518 3030 nec
1534 2964 1639 3030 maria
1656 2965 1830 3046 sufficere;

473 3071 571 3154 gulae
603 3092 697 3136 meae
724 3074 837 3137 omnia
864 3093 1033 3137 servorum
1062 3073 1246 3139 ministeria
1272 3072 1488 3156 adparebant.
1505 3069 1631 3134 Tactus
1657 3089 1749 3134 meus
1772 3091 1831 3135 me

476 3175 621 3240 ducebat
637 3176 669 3240 in
686 3176 915 3260 captivitatem
931 3202 938 3241 :
956 3178 1130 3242 mulierum
1146 3177 1369 3260 conplexibus
1383 3173 1583 3239 delectabar.
1596 3174 1730 3244 Videtis
1745 3194 1829 3258 quo·
1851 3197 1885 3251 25

475 3279 575 3342 modo
592 3278 645 3342 isti
663 3279 788 3358 iratres,
803 3288 983 3363 antequam
1002 3281 1143 3364 Xpistus
1159 3290 1353 3364 resurgeret,
1366 3299 1419 3343 me
1434 3277 1602 3342 ducebant
1612 3278 1645 3341 ia
1660 3288 1800 3345 mortem
1815 3283 1832 3344 Ρ

472 3381 535 3444 ille
553 3392 702 3447 mortuus
719 3393 779 3460 est,
789 3391 822 3448 et
832 3403 895 3466 ego
911 3385 980 3449 vixi
996 3385 1070 3449 :ille
1081 3394 1231 3450 mortuus
1243 3393 1303 3460 est,
1315 3394 1348 3448 et
1362 3384 1415 3449 isti
1427 3381 1544 3447 iratres
1555 3391 1805 3448 resurrexerunt
1822 3407 1831 3450 t

473 3485 577 3548 innno
593 3495 769 3569 propterea
786 3487 905 3551 mortui
923 3497 1010 3562 sunt,
1026 3497 1062 3552 ut
1077 3488 1245 3553 viverent:
1262 3487 1383 3551 mortui
1400 3494 1478 3550 sunt
1495 3505 1604 3563 carne,
1627 3495 1663 3549 ut
1680 3485 1832 3552 viverent

474 3590 599 3673 spiritu.
625 3590 726 3655 Nunc
750 3591 866 3655 oculus
894 3612 988 3656 meus
1015 3593 1173 3677 Xpistum
1205 3593 1305 3671 videt,
1330 3613 1417 3657 nunc
1449 3593 1536 3657 auris
1563 3612 1637 3657 mea
1668 3592 1832 3677 Xpistum

471 3789 474 3794 “
505 3793 667 3856 aqur'1eras.
682 3793 708 3844 in
721 3795 754 3844 N.
873 3797 1081 3870 saturaremur
1094 3795 1129 3856 (in
1152 3813 1198 3847 ras.
1212 3812 1266 3862 sup.
1281 3797 1339 3858 lin.)
1351 3813 1421 3846 nemo
1433 3797 1465 3847 N.
1578 3795 1727 3859 resurrexit]
1746 3813 1834 3847 rerur-

474 3876 568 3924 rexerr't
579 3876 654 3926 codd.
751 3878 911 3942 proptereaſs
924 3879 942 3928 i.
956 3880 983 3928 S.
995 3896 1020 3928 n.
1036 3879 1116 3940 habet]
1128 3895 1148 3946 χ
1160 3889 1184 3928 et
1196 3879 1261 3930 codd
1273 3897 1279 3938 ς
1292 3877 1404 3943 suspicor
1416 3877 1550 3942 legendum
1560 3884 1663 3943 propter
1672 3878 1762 3950 fraires
1772 3879 1836 3929 istos

472 3957 592 4006 Salvator
601 3963 684 4006 noster
694 3958 806 4007 habetur.
906 3961 1084 4028 toenim]onr.
1099 3961 1155 4010 FN.
1254 3973 1281 4008 12
1295 3959 1598 4024 Xpistr'111'elr0rcxpr'F.
1695 3962 1835 4024 t3nrmus]

472 4038 496 4108 Υ
508 4038 567 4087 add.
583 4039 643 4089 Deo.
747 4039 879 4106 lascivat]
897 4042 962 4091 codd
973 4060 980 4102 ς
1001 4045 1111 4092 saluauit
1122 4059 1149 4111 χ.
1252 4055 1284 4092 2ο
1294 4043 1337 4091 sed
1353 4041 1459 4090 alterius
1468 4041 1641 4106 pulchritudo]
1655 4043 1678 4091 N
1691 4059 1698 4101 ;
1709 4059 1759 4092 orn.
1774 4057 1794 4110 χ
1805 4055 1834 4094 et

472 4122 558 4194 ceteri.
659 4135 692 4172 2ο
710 4127 775 4190 erat]
796 4139 815 4191 χ
833 4123 892 4172 add.
907 4126 983 4174 enim.
1076 4126 1158 4191 auris]
1175 4125 1280 4174 auriens
1300 4123 1339 4184 F;
1359 4137 1434 4172 arares
1453 4138 1481 4190 χ.
1588 4135 1617 4172 21
1635 4127 1725 4190 poena]
1739 4131 1837 4188 pomae

473 4205 752 4272 ffipoenenucon.
820 4210 885 4272 eras]
895 4214 969 4255 crant
981 4223 1007 4275 χ.
1079 4205 1320 4273 aenan]½N;om.
1336 4205 1388 4254 FL.
1464 4207 1537 4270 quia]
1547 4207 1595 4270 qrrr'
1606 4205 1638 4255 N.
1713 4206 1835 4272 uadpa·

471 4287 569 4353 rebant]
581 4287 667 4352 scripsi
680 4305 687 4346 ς
699 4289 851 4352 apparebant
864 4287 886 4336 L
898 4304 904 4344 ;
916 4287 1073 4351 adparabant
1086 4287 1106 4336 F
1118 4305 1124 4345 ;
1132 4289 1258 4352 parebant
1268 4303 1288 4355 χ
1299 4305 1306 4346 ;
1324 4287 1521 4350 obtemperabant
1533 4288 1557 4336 N
1570 4303 1627 4352 sup.
1640 4286 1683 4336 lin.
1698 4287 1724 4337 in
1736 4304 1832 4340 rasura.

472 4369 757 4432 asdureba11durrbarrr
770 4371 798 4418 F.
901 4379 930 4430 27
944 4367 1147 4429 resurrexemnt]
1158 4386 1257 4420 surrex.
1272 4385 1300 4437 χ.
1402 4368 1433 4419 28
1446 4369 1657 4431 ramelcamr'F,
1671 4368 1774 4442 Ncprr.

517 4573 559 4611 rr.
577 4515 693 4633 andrai]
714 4553 816 4612 Mattb.
838 4573 883 4624 rr,
904 4569 936 4628 15
953 4560 1008 4610 etc.
1224 4574 1266 4625 14·
1284 4549 1444 4633 Dominus]
1461 4553 1506 4610 Ps.
1524 4571 1570 4627 33,
1588 4571 1614 4626 9.

517 4654 559 4693 22.
577 4631 656 4714 tuus]
673 4635 779 4694 Manu.
797 4638 823 4704 6,
843 4655 886 4692 22.
1225 4638 1266 4694 16.
1278 4630 1489 4714 palliaverunt]
1508 4653 1520 4690 1
1540 4634 1583 4692 Io.
1605 4651 1628 4706 r,
1648 4653 1670 4692 1.

518 4735 561 4794 13.
577 4711 687 4798 sumus]
706 4737 720 4775 2
738 4717 806 4778 Cor.
825 4735 850 4788 2,
871 4734 913 4793 ¹5·

2058 3197 2060 3240 l
