4202 5492
456 427 530 486 102
827 428 855 488 S.
880 427 1135 490 HIERONYMI
1158 425 1424 487 PRESBYTERI

452 645 527 708 Non
545 643 652 708 solum
671 643 768 708 Raab
784 663 912 708 memor
923 664 987 720 ero,
1001 644 1058 705 sed
1072 643 1173 706 etiam
1189 653 1223 706 et
1241 642 1431 726 Babylonis,
1446 662 1677 728 quaecumque
1693 645 1804 710 anima

452 749 538 812 vitiis
563 749 774 831 peccatisque
797 747 936 812 confusa
960 757 1020 812 est.
1044 746 1093 810 Et
1117 745 1293 828 Babylonis
1315 747 1487 810 scientibus
1503 767 1560 813 me.
1577 747 1701 814 Videte
1723 751 1803 833 quid

451 853 548 918 dicat.
566 850 660 916 Licet
676 851 795 935 aliquis
813 852 909 916 Raab
925 851 1031 927 luerit,
1048 851 1124 914 licet
1142 850 1293 933 Babylon
1318 849 1434 915 luerit:
1459 861 1572 916 tamen
1590 873 1719 918 memor
1740 874 1805 933 ero,

451 958 654 1040 quicumque
666 976 720 1019 me
736 956 852 1020 scierit.
872 955 963 1037 Ergo
979 955 1005 1016 si
1023 954 1180 1018 fuerimus
1198 953 1295 1017 Raab
1304 961 1338 1018 et
1352 954 1514 1038 Babylon,
1530 957 1630 1020 etiam
1645 957 1805 1022 debemus

452 1080 523 1124 esse
545 1060 660 1137 securi,
675 1068 709 1122 et
733 1059 865 1125 dicere:
896 1059 988 1122 Deus
1013 1059 1111 1136 dixit,
1128 1059 1260 1124 Memor
1281 1079 1337 1122 ero
1367 1060 1464 1124 Raab
1480 1071 1513 1125 et
1529 1061 1720 1144 Babylonis.
1737 1061 1805 1127 Sed
1842 1083 1856 1134 5

452 1163 658 1246 videtequid
675 1163 830 1246 sequitur.
846 1163 1028 1228 Scientibns
1044 1184 1100 1227 me.
1113 1163 1261 1228 Fuerunt
1278 1162 1376 1226 Raab
1387 1174 1421 1228 et
1433 1164 1596 1249 Babylon,
1611 1167 1670 1230 sed
1688 1177 1805 1249 postea

452 1269 601 1333 conversi
629 1279 706 1333 sunt
731 1270 773 1331 ad
799 1288 860 1332 me.
885 1268 1017 1332 Memor
1032 1289 1086 1332 era
1110 1267 1206 1331 Raab
1221 1277 1252 1330 et
1266 1268 1445 1348 Babylonis
1465 1270 1637 1334 scientibus
1662 1292 1719 1335 me.
1745 1271 1806 1336 llla

452 1391 539 1455 quae
554 1372 697 1436 condam
723 1380 794 1437 erat
821 1373 853 1435 in
879 1372 1056 1436 latitudine
1081 1380 1303 1454 peccatorum,
1319 1375 1471 1437 ascendit
1498 1384 1615 1458 postea
1632 1377 1665 1440 in
1682 1396 1806 1441 memo·
1838 1451 1841 1456 ¹

454 1477 535 1541 riam
554 1478 626 1542 Dei.

499 1581 683 1664 Hucusque
700 1582 793 1664 quasi
818 1600 878 1664 pet
892 1581 1084 1662 aenigmata
1100 1579 1231 1644 loeutus
1246 1587 1298 1643 est
1318 1602 1325 1642 ι
1342 1597 1429 1644 nunc
1447 1601 1525 1646 vero
1541 1583 1687 1665 apertius
1704 1583 1806 1666 loqui·
1829 1605 1860 1641 ro

454 1697 507 1752 tur
522 1685 775 1749 advocationem
796 1685 955 1767 gentium.
977 1684 1098 1750 Videte
1122 1684 1211 1747 enim
1235 1684 1315 1766 quid
1342 1683 1441 1751 dicat.
1458 1686 1538 1750 Ecce
1559 1686 1758 1770 alienigenae
1779 1698 1810 1751 et

461 1791 565 1873 Tyrus
578 1800 610 1853 et
618 1789 756 1872 βορηίης
768 1788 965 1871 Aethiopum,
975 1787 1177 1869 lrir'fuerunt
1192 1787 1265 1851 illic.
1283 1786 1501 1871 Alienigenas
1517 1800 1615 1855 vocat
1631 1793 1673 1856 ad
1690 1792 1804 1856 distin·

454 1895 597 1959 ctionem
615 1893 738 1958 Israhel
755 1919 762 1958 :
779 1914 839 1958 nos
849 1895 937 1957 enim
952 1912 1065 1956 sumus
1078 1891 1292 1973 alienigenae.
1300 1891 1346 1954 Et
1368 1892 1398 1955 T
1387 1913 1481 1974 yrus.
1493 1895 1603 1977 Tyrus
1614 1896 1807 1978 interpreta-

456 2011 508 2064 tur
520 1999 701 2076 tribulatio,
713 1998 776 2062 hoc
791 2008 841 2062 est
858 2011 936 2062 sou.
948 1996 995 2060 Et
1003 1993 1345 2078 populusAetbiopnm
1356 2018 1369 2060 .·
1385 1997 1486 2079 niger,
1498 2008 1532 2061 et
1547 1999 1579 2061 in
1596 2009 1807 2081 peccatorum

456 2103 609 2168 sordibus
622 2103 799 2169 involutus.
811 2101 859 2166 Et
865 2101 1003 2183 populus
1019 2099 1221 2182 Aetbrbpum.
1235 2099 1311 2163 Hoc
1327 2101 1479 2182 estquod
1495 2101 1635 2166 dicitur:
1651 2101 1807 2167 ‘Aethio
1829 2125 1859 2178 ις

457 2212 512 2294 pia
536 2209 726 2291 praeveniet
751 2225 869 2271 manus
895 2207 965 2268 eius
994 2201 1070 2267 Deo
1085 2204 1102 2269 '.
1117 2203 1196 2267 Ecce
1210 2202 1411 2285 alienigenae
1437 2214 1469 2267 et
1499 2204 1604 2286 Tyrus
1623 2215 1653 2269 et
1672 2206 1809 2288 βορηίης

456 2313 659 2394 Aethiopum.
676 2310 776 2395 Quod
793 2310 922 2385 dicitur,
938 2309 1000 2372 hoc
1016 2319 1088 2373 est:
1108 2308 1158 2371 llli
1176 2309 1232 2390 qui
1253 2318 1332 2373 ante
1348 2309 1446 2373 alieni
1463 2319 1566 2387 erant,
1587 2310 1634 2373 illi
1654 2311 1806 2394 quiante

456 2425 550 2480 erant
566 2417 598 2478 in
617 2413 839 2490 tribulatione,
855 2413 912 2494 qui
939 2422 1034 2476 erant
1059 2412 1159 2494 positi
1187 2411 1219 2475 in
1247 2412 1347 2477 corde
1373 2415 1472 2478 maris
1496 2415 1633 2497 (dicitur
1657 2415 1745 2480 enim
1766 2416 1808 2479 de

459 2522 550 2603 Tyro
572 2525 579 2552 ‘
597 2520 706 2602 Tyrus
724 2519 832 2602 posita
848 2518 881 2580 in
898 2517 996 2580 corde
1015 2517 1113 2580 maris
1128 2515 1151 2599 ’)
1166 2540 1173 2581 r
1189 2517 1235 2580 illi
1253 2518 1353 2599 igitur
1367 2519 1423 2601 qui
1444 2519 1535 2601 prius
1558 2529 1653 2584 erant
1669 2521 1702 2584 in
1720 2521 1810 2598 mari,

459 2633 493 2688 et
517 2623 671 2687 fluctibus
696 2622 932 2698 tundebantur,
957 2630 1075 2702 postea
1100 2620 1225 2684 inventi
1253 2631 1331 2685 sunt
1361 2622 1393 2685 in
1425 2624 1571 2687 ecelesia.
1602 2623 1651 2688 Et
1672 2624 1862 2708 populusne

459 2726 662 2809 Aethiopum.
681 2727 752 2790 Nos
768 2726 937 2809 quondam
963 2725 1148 2806 Aethiopes
1165 2723 1296 2802 luimus,
1311 2726 1497 2809 Aethiopes
1513 2729 1602 2792 vitiis
1618 2739 1719 2812 atque
1734 2747 1809 2811 pec·

459 2831 551 2895 catis.
577 2829 669 2913 Qui?
686 2831 842 2912 quoniam
861 2839 997 2911 peccata
1021 2848 1081 2891 nos
1106 2830 1218 2911 nigros
1234 2828 1389 2894 fecerant.
1406 2829 1472 2896 Sed
1491 2841 1607 2914 postea
1624 2833 1810 2898 audivimus

460 2937 662 3012 ‘Lavamini
691 2936 805 2999 mundi
833 2944 940 2997 estote
961 2933 977 3009 ’‚
1004 2942 1036 2996 et
1060 2932 1207 2995 diximus
1230 2938 1238 2965 ⁴
1263 2933 1406 2997 Lavabis
1432 2954 1495 3011 me,
1522 2947 1554 3000 et
1579 2915 1809 3019 supernivem

460 3038 642 3102 dealbabor
653 3043 668 3102 '.
687 3037 758 3101 Nos
784 3056 865 3118 ergo
893 3035 1079 3116 Aethiopes
1106 3035 1190 3098 versi
1218 3056 1332 3100 sumus
1348 3036 1381 3100 in
1398 3039 1588 3102 candorem.
1602 3039 1811 3104 Erceale'eni·

453 3165 558 3228 genae
571 3154 602 3208 et
622 3143 653 3206 T
642 3163 728 3224 yrus
742 3153 773 3206 et
787 3141 926 3226 populns
940 3139 1145 3220 Aethiopum,
1163 3138 1364 3220 biifuernnt
1378 3140 1453 3206 illic.
1471 3142 1538 3207 Ubi
1557 3142 1688 3208 luerunt
1702 3149 1717 3206 t
1733 3143 1811 3210 Glo·
1831 3169 1862 3222 ²5

461 3249 547 3311 riosa
562 3249 652 3312 dicta
668 3258 745 3312 sunt
761 3249 804 3312 de
819 3258 862 3326 te,
877 3245 993 3310 civitas
1011 3245 1083 3308 Dei.
1100 3243 1314 3325 Hiisuerunt
1329 3245 1415 3310 illic:
1430 3245 1534 3322 idest,
1551 3247 1582 3308 in
1595 3247 1728 3312 civitate
1740 3247 1813 3312 Dei.
1830 3261 1871 3319 μ’

504 3351 682 3433 Numquid
701 3351 782 3416 Sion
798 3351 880 3414 dicet
893 3350 993 3424 boma
1008 3359 1039 3412 et
1049 3348 1141 3411 borno
1158 3358 1319 3412 natusest
1334 3349 1368 3412 in
1384 3370 1421 3412 ea
1439 3350 1460 3412 ί
1476 3347 1699 3434 Septuaginta
1715 3352 1813 3417 inter·

461 3467 570 3539 pretes
587 3457 633 3521 ita
649 3456 908 3521 transtulerunt:
934 3453 1112 3535 Numquid
1134 3453 1215 3517 Sion
1241 3453 1324 3516 dicet
1346 3453 1471 3518 boitro?
1487 3454 1712 3537 Speraverunt
1735 3477 1813 3540 ergo
1835 3437 1840 3446 ¹

463 3559 566 3634 multi,
592 3579 652 3622 nee
683 3560 920 3625 intellexerunt
938 3556 1011 3646 μήτι
1028 3554 1109 3620 Σιών
1126 3561 1206 3644 quid
1223 3573 1273 3624 est
1288 3585 1294 3625 :
1311 3571 1344 3625 et
1369 3562 1572 3628 addiderunt
1599 3583 1625 3650 p,
1640 3574 1675 3628 et
1700 3563 1814 3648 legunt

495 3772 509 3808 2
521 3760 603 3822 uitiis]
614 3777 630 3810 a
641 3761 713 3811 uitiis
726 3759 750 3828 β.
852 3777 866 3828 3
870 3763 966 3828 suerit]
978 3773 1034 3830 post
1044 3765 1155 3830 Babylon
1165 3781 1215 3816 non
1228 3771 1306 3830 repet.
1320 3765 1346 3815 S.
1448 3763 1722 3831 Scandam1qrrondam
1736 3764 1779 3833 βὸ,
1794 3765 1815 3816 C

462 3841 585 3906 (quine).
673 3855 703 3892 to
708 3850 758 3908 per
766 3845 919 3912 aenigmata]
926 3855 973 3909 per
982 3847 1214 3911 enignrateC3per
1224 3848 1340 3910 aenigma
1354 3844 1377 3914 β.
1474 3859 1500 3897 tt
1515 3848 1708 3912 advocationem]
1719 3849 1815 3900 litterae

462 3925 497 3972 ad
505 3933 646 3990 expunctae
657 3937 714 3975 sum
726 3927 751 3976 in
765 3927 785 3977 C
797 3945 803 3986 ;
816 3929 851 3976 ad
859 3930 1008 3978 vacationem
1023 3927 1037 3996 β
1048 3946 1056 3988 ;
1074 3930 1102 3977 de
1120 3930 1243 3978 uacatione
1256 3930 1283 3978 P.
1385 3941 1418 3978 20
1424 3926 1559 3992 fluctibus]
1570 3930 1727 3994 instuctibus
1744 3929 1765 3980 C
1777 3930 1816 3988 (in

462 4007 520 4056 add.
532 4023 586 4072 sup.
601 4008 658 4068 lin.)
757 4021 787 4058 22
809 4007 875 4070 Qui]
894 4010 954 4069 SG;
974 4027 1024 4060 om.
1041 4009 1065 4077 β.
1166 4009 1295 4075 quoniam]
1315 4026 1391 4074 quarn
1409 4011 1442 4061 G.
1544 4025 1574 4075 23
1594 4009 1674 4073 estate]
1693 4011 1813 4062 stoteSG.

463 4089 494 4139 28
505 4091 642 4156 Numquid
659 4088 731 4151 Sion]
744 4090 801 4158 βΟς
822 4101 902 4141 rerater
920 4094 981 4141 Sion
994 4093 1046 4143 SG.
1148 4091 1327 4157 Speraverunt]
1346 4099 1449 4158 sperant
1460 4093 1479 4142 P
1490 4109 1553 4143 corr.
1569 4094 1611 4154 G,
1630 4101 1777 4159 spreverunt
1789 4091 1813 4162 β.

462 4171 501 4222 Cl.
516 4188 572 4237 pag.
587 4188 624 4237 sq.
639 4172 683 4223 lin.
698 4188 721 4224 2.
823 4187 854 4236 29
865 4175 951 4238 legunt
1005 4169 1154 4242 ἅνθρωπος]
1165 4177 1278 4238 ίεμνηηί
1289 4190 1326 4224 nre
1337 4181 1359 4223 te
1370 4175 1424 4224 sion
1436 4174 1485 4238 tegi
1494 4181 1614 4239 antropus
1626 4177 1652 4226 S.

506 4376 548 4428 14.
566 4357 616 4416 boc
628 4366 670 4417 est
682 4355 797 4438 SOR]V.
814 4377 901 4436 supra
923 4378 950 4436 p.
967 4363 1014 4431 82,
1031 4361 1048 4418 l.
1068 4377 1111 4436 ²5·
1166 4358 1238 4419 bent
1265 4364 1363 4436 ‘quae
1378 4357 1490 4418 habitat
1505 4357 1534 4417 in
1554 4358 1676 4421 introitu
1698 4361 1785 4422 maris
1799 4362 1814 4420 '.

506 4443 550 4499 16.
566 4436 642 4519 Dea]
662 4443 705 4500 Ps.
722 4444 769 4515 67,
783 4460 830 4517 3²·
1209 4459 1254 4515 ²3·
1270 4437 1364 4520 estote]
1384 4443 1418 4499 ls.
1441 4460 1465 4512 1,
1485 4444 1527 4499 16.

507 4541 549 4597 19.
570 4526 667 4598 positu
691 4523 722 4581 in
743 4523 824 4582 corde
848 4519 951 4602 rnarr's]
976 4523 1021 4580 lta
1043 4541 1114 4581 sane
1209 4541 1254 4593 24.
1270 4518 1432 4601 dealbabor]
1452 4523 1495 4580 Ps.
1514 4539 1561 4598 50,
1578 4542 1604 4598 9.

467 4602 669 4680 Hieronymus
696 4605 802 4664 Erech.
833 4624 878 4677 27,
904 4623 920 4680 3
949 4603 999 4662 ‘in
1022 4604 1114 4663 corde
1208 4623 1251 4678 ²9-
1270 4604 1446 4663 addiderunt
1461 4599 1488 4682 ρ]
1508 4605 1553 4664 Ci.
1571 4604 1813 4666 Commentariol.

464 4686 551 4745 maris
576 4684 630 4745 sita
645 4687 660 4758 ’,
677 4685 728 4746 ubi
744 4687 828 4762 Vulg.
847 4687 910 4746 Lat.
933 4697 963 4746 et
987 4688 1036 4745 Gr.
1065 4684 1113 4743 ha·
1165 4703 1192 4762 p.
1210 4687 1256 4744 66.
