4160 5500
806 405 1061 467 PRAEFATIQ
1560 411 1609 475 xix

258 563 395 636 Esaiae
418 561 677 658 Hieronymus
695 561 913 647 dictaverat,
933 572 975 635 ut
991 573 1026 636 et
1042 565 1328 660 experimentum
1335 565 1486 663 faceret
1513 569 1608 664 inge-

254 679 352 754 m'oli
366 680 435 767 sui,
456 689 491 753 el
515 681 644 752 amicis
667 679 875 754 iubentibus
900 681 1078 755 oboediret
1095 679 1154 782 (¹).
1179 682 1405 781 Resragatus
1425 705 1483 756 est
1503 711 1609 760 meus

257 800 310 872 lo.
334 797 492 872 Mercati
509 796 567 899 (²),
591 800 781 898 evicitque
805 800 969 874 subitum
996 800 1096 874 illum
1124 820 1322 878 tractatum
1353 805 1439 876 anni
1469 808 1536 896 381
1560 804 1609 878 ab

253 915 428 1014 Epistola
456 939 555 989 xvrn
587 917 634 991 ad
666 918 871 994 Damasum
905 920 953 994 de
985 920 1184 1018 Seraphim
1214 939 1253 995 et
1284 920 1427 995 calculo
1454 923 1607 997 minime
1642 965 1647 974 ·

248 1035 556 1133 distinguendum
586 1063 694 1126 esse;
732 1039 845 1112 immo
876 1064 976 1124 vero,
1008 1065 1094 1112 num
1128 1057 1308 1114 tractatus
1344 1065 1555 1137 anonymus
1586 1069 1606 1116 e

249 1153 520 1228 Casinensibus
548 1154 650 1229 libris
683 1173 768 1231 mss.
800 1174 928 1230 erutus
956 1158 1143 1255 genuinus
1178 1160 1225 1232 D.
1252 1159 1477 1254 Hieronymi
1508 1159 1604 1233 letus

250 1271 449 1345 habendus
480 1295 589 1359 esset,
610 1275 855 1349 subdubitare
888 1303 928 1350 se
955 1301 1192 1375 nequaquam
1221 1276 1482 1350 dissimulavit.
1506 1278 1606 1351 Tum

248 1416 323 1488 ego
341 1389 478 1486 duplici
498 1391 599 1464 edito
611 1392 920 1467 commentariolo
935 1391 983 1492 (3)
997 1395 1157 1480 ostendi,
1178 1395 1431 1470 Amellianum
1449 1405 1608 1472 ἀνέκδοτον

247 1524 290 1582 et
306 1508 355 1581 ab
377 1508 615 1606 Hieronymo
641 1527 793 1586 auctore
819 1513 1075 1587 indubitanter
1103 1539 1286 1599 manasse,
1308 1535 1346 1588 et
1366 1515 1409 1588 iis
1429 1517 1605 1591 orationi-

249 1629 320 1702 bus
339 1628 661 1704 adnumerandum
679 1656 773 1714 esse,
795 1658 889 1731 quas
908 1633 946 1706 S.
971 1632 1117 1722 Ductor
1136 1658 1235 1705 anno
1254 1633 1401 1707 circiter
1420 1659 1503 1727 402,
1521 1661 1603 1708 cum

248 1747 433 1821 adversus
466 1747 705 1845 Origenistas
739 1750 859 1823 acrius
895 1750 1116 1834 decertaret,
1148 1733 1293 1824 'subitas
1324 1751 1467 1826 habuit.
1508 1752 1605 1826 Mihi

247 1863 424 1964 gratulor,
462 1866 563 1962 quod
599 1883 795 1964 utramque
830 1867 1055 1942 sententiam
1092 1869 1215 1942 cuncti
1251 1869 1403 1943 demum
1448 1896 1604 1946 assensu

247 2008 451 2082 accepere;
483 2011 580 2082 quae
604 1986 756 2083 quidem
784 1986 926 2060 facilius
954 1987 1026 2059 iam
1045 2013 1135 2062 vera
1155 1987 1383 2084 probabitur,
1406 2009 1605 2088 postquam

247 2118 450 2178 tractatum
470 2105 592 2201 ipsum
613 2131 713 2180 novo
732 2124 911 2202 apparatu
927 2105 1054 2178 critico
1074 2107 1293 2182 instructum
1307 2106 1410 2181 hisce
1430 2108 1606 2183 Anecdo·

250 2224 301 2296 tis
320 2222 485 2297 inserere
503 2223 546 2301 cl.
567 2224 758 2298 Ambrosii
778 2224 917 2299 Amelli
944 2223 1126 2299 beneficio
1146 2249 1365 2299 concessum
1385 2244 1454 2300 est.

430 2537 479 2588 Do
500 2539 706 2603 Hieronymo
724 2551 840 2602 graeco
858 2541 996 2604 eiusque
1014 2542 1049 2591 in
1069 2542 1218 2592 psalmos
1237 2541 1442 2603 fragmentis.

303 2759 351 2834 X.
383 2757 493 2852 Quae
510 2758 681 2832 subnexa
694 2777 780 2832 sunt
794 2785 930 2857 graeca
945 2760 980 2832 in
998 2759 1167 2833 Psalmos
1182 2758 1391 2856 fragmenta
1411 2785 1458 2833 ex
1477 2759 1606 2833 codice

249 2876 477 2952 Taurinensi
495 2901 618 2974 graec.
635 2878 677 2950 B.
698 2900 762 2951 v11.
795 2901 852 2970 30,
886 2903 981 2951 saec.
1010 2895 1049 2950 ut
1069 2877 1217 2952 videtur
1244 2875 1340 2975 xlm,
1362 2877 1546 2951 suadente
1566 2876 1601 2948 in

246 2996 377 3096 primis
396 2994 721 3090 praestantissimo
740 2996 820 3069 viro
842 2996 940 3070 Prol.
958 2994 1117 3070 Alberto
1136 2994 1322 3080 Ehrhard‚
1343 3010 1476 3093 gustus
1491 2995 1604 3068 dandi

245 3114 369 3214 gratia
400 3111 563 3186 exhibui.
588 3112 688 3186 Nam
720 3131 758 3186 et
790 3114 861 3187 alia
890 3114 1008 3188 multa
1038 3115 1176 3212 passim
1207 3115 1244 3188 in
1273 3114 1418 3213 graecis
1449 3114 1604 3188 Catenis

250 3235 490 3328 Hieronymo
504 3232 615 3305 tribui
630 3230 680 3332 (4)
693 3231 783 3306 mihi
797 3252 1030 3330 compertum
1043 3252 1101 3308 est
1119 3261 1126 3320 ;
1143 3259 1210 3308 nec
1226 3252 1351 3306 tamen
1366 3235 1446 3329 ipsa
1461 3233 1604 3329 paucis·

246 3353 352 3438 sima¹
374 3374 470 3447 quae
490 3375 586 3424 nunc
606 3351 766 3448 prolem,
776 3353 903 3426 omnia
922 3378 1009 3426 vere
1027 3339 1327 3448 Hieronymiana
1345 3376 1429 3424 esse
1447 3368 1602 3424 conten-

246 3469 468 3556 derim,llcet
482 3468 517 3540 ln
530 3467 626 3541 libro
639 3493 705 3542 mS.
725 3474 970 3540 ‘IEPnNt'ltot'
992 3474 1283 3540 ΠΡΕΣΒΥΤΕΡΟΥ
1305 3472 1606 3540 ἸΕΡΟΣΟΛΙἸΙΩΝ

245 3607 465 3668 constanter
497 3589 754 3675 inscribantur,
776 3588 1030 3686 nonnullaque
1049 3615 1131 3663 cum
1161 3588 1285 3663 latinis
1315 3585 1353 3658 S.
1379 3584 1499 3658 Patris
1517 3608 1604 3656 con-

245 3709 417 3786 cionibus
447 3709 648 3782 maximam
685 3707 850 3782 habeant
885 3707 1180 3783 similitudinem.
1219 3706 1297 3782 Sed
1334 3703 1436 3790 mihi,
1476 3702 1604 3786 fateor,

250 3829 418 3904 nondum
437 3826 558 3926 caligo
576 3827 745 3902 discussa
764 3845 823 3903 est
841 3830 888 3903 de
908 3828 951 3902 iis
970 3852 1067 3924 quae
1095 3827 1142 3900 ad
1163 3845 1182 3906 t
1201 3827 1479 3922 Hieronymum
1499 3847 1605 3920 grae-

283 4190 303 4225 1.
319 4175 346 4226 S.
362 4175 470 4226 Hieron.
488 4177 623 4226 Commenl.
638 4176 666 4224 in
679 4177 713 4225 Is.
728 4176 751 4235 6,
769 4190 788 4224 1.
805 4176 893 4239 Migne
906 4189 946 4236 24,
961 4187 993 4238 93
1006 4176 1035 4225 C.

279 4265 303 4302 2.
327 4251 413 4302 nem
426 4250 553 4315 Biblique,
568 4265 653 4301 mense
665 4249 709 4300 iul.
727 4263 795 4311 1901,
808 4267 832 4315 p.
847 4250 963 4313 385·392.

279 4338 301 4386 3.
321 4327 356 4374 Le
366 4325 491 4374 Nouveau
508 4325 594 4374 Traitl
603 4325 632 4373 de
644 4326 669 4374 S.
692 4323 788 4386 ltrtme
809 4326 893 4373 surla
915 4324 1001 4373 Vr'sr'on
1019 4322 1322 4387 d‘lsareldirtparoom
1346 4324 1377 4370 A.
1393 4323 1490 4371 Amellr'
1502 4323 1605 4380 (Revue

240 4399 386 4448 a'Hisrotre
399 4399 599 4463 Ecclesiaslique,
613 4407 662 4448 oct.
681 4411 752 4460 1901,
766 4415 791 4463 p.
806 4397 855 4450 810
865 4402 942 4462 sqq.).
957 4427 989 4435 —
1003 4399 1073 4447 Pour
1082 4395 1267 4446 l’authmtr'cr'l!
1271 4397 1307 4444 du
1321 4395 1411 4445 Troitl
1418 4413 1465 4445 sur
1476 4396 1502 4444 la
1519 4395 1604 4445 Vr'sion

241 4473 339 4522 d'lrai'e
351 4471 435 4533 (ibid,
448 4473 497 4522 ian.
516 4485 586 4535 1902,
602 4490 627 4536 p.
642 4487 675 4536 30
686 4476 766 4537 sqq.).

277 4561 301 4606 4.
322 4544 360 4595 Cf.
376 4546 397 4595 Ι.
415 4547 443 4596 Β.
459 4546 537 4606 Pina,
550 4548 673 4596 Artalerta
684 4563 764 4604 sacru,
779 4554 796 4596 t.
813 4547 865 4604 111,
879 4563 902 4609 p.
919 4545 966 4607 518
983 4553 1007 4594 et
1025 4546 1082 4608 631.
1103 4573 1134 4580 —
1154 4545 1242 4608 Migne
1261 4545 1328 4593 Patr.
1345 4546 1389 4594 Gr.
1405 4551 1424 4594 t.
1437 4559 1478 4605 40,
1492 4545 1540 4594 col.
1557 4544 1605 4607 845

242 4635 302 4686 sqq.
318 4647 349 4654 -
360 4619 482 4670 Codicem
494 4619 599 4670 Coislin.
615 4619 655 4680 80,
670 4635 734 4670 saec.
750 4621 797 4678 x1,
818 4620 867 4668 iam
879 4619 940 4668 olim
958 4636 973 4667 a
989 4618 1183 4668 hlontlauconio
1201 4626 1289 4670 nostro
1305 4624 1430 4678 notatum,
1445 4627 1535 4683 rogatu
1549 4635 1606 4667 meo

241 4696 330 4745 denuo
342 4693 436 4743 evolvit
448 4693 484 4743 vir
495 4709 642 4758 graecarum
654 4695 793 4746 litterarum
806 4693 972 4758 peritissimus
987 4694 1114 4744 Henricus
1126 4694 1232 4742 Omont.
