4062 5504
515 399 591 454 112
878 390 907 447 S.
939 389 1194 448 HIERONYMI
1224 389 1491 447 PRESBYTERI

503 591 680 654 foveantur
711 589 849 660 semina,
879 587 1068 650 nutriantur
1095 587 1256 669 germina,
1283 597 1317 649 et
1343 587 1424 650 solis
1451 587 1619 650 caloribus
1650 595 1845 662 torreantur,

502 693 718 758 rationabiles
746 711 880 775 quoque
907 699 941 754 et
969 692 1153 754 invisibiles
1178 700 1347 754 creaturas
1373 711 1435 755 suo
1460 691 1630 755 illustrans
1662 691 1793 766 lumine,
1817 701 1846 752 ut

501 818 634 878 semper
651 797 714 860 Dei
741 816 856 859 amore
879 805 1067 870 teneantur,
1083 804 1117 858 et
1133 816 1345 877 nequaquam
1363 796 1405 858 ad
1425 808 1557 858 terrena
1571 795 1750 859 declinent
1767 795 1846 877 Quin
1995 763 1996 854 i

499 904 598 964 rebus
614 902 811 976 ostenditur,
828 899 993 980 Seraphin
1011 919 1078 962 non
1093 899 1158 962 Dei
1169 899 1297 962 vultum
1311 899 1483 982 pedesque
1499 901 1636 976 texisse,
1645 910 1684 963 ut
1697 900 1848 980 Origenes
1995 857 1996 918 ¹

500 1007 656 1080 somniat,
672 1004 790 1066 volens
815 1004 909 1066 illum
935 1004 1078 1084 probare
1098 1003 1312 1079 invisibilem,
1328 1023 1394 1066 non
1413 1012 1552 1066 naturae
1569 1005 1783 1085 proprietate,
1797 1003 1848 1066 sed
1864 1016 1874 1069 5

500 1107 663 1173 beneficio
690 1119 926 1171 creaturarum.
959 1108 1049 1170 Nam
1077 1127 1154 1170 cum
1180 1107 1352 1190 propheta
1382 1107 1526 1170 dixisset
1573 1106 1653 1171 Vidi
1678 1107 1849 1170 Dominum

501 1212 647 1278 Sabaoth
669 1211 828 1275 sedentem
852 1223 948 1292 super
972 1210 1125 1273 thronum
1148 1210 1305 1274 excelsum
1323 1221 1355 1273 et
1368 1211 1540 1287 elevatum,
1555 1231 1686 1274 rursum
1702 1213 1851 1274 videntur

500 1317 666 1399 Seraphin
693 1316 823 1399 operire
846 1315 965 1379 faciem
983 1336 1079 1378 suam
1098 1325 1131 1379 et
1148 1316 1260 1396 pedes,
1280 1325 1316 1378 ut
1344 1315 1531 1396 prophetae
1557 1315 1775 1379 ostenderent
1792 1316 1849 1378 Dei

499 1420 786 1502 magnificentiam
814 1440 880 1482 non
906 1420 1021 1497 videri,
1036 1420 1095 1483 sed
1117 1440 1179 1502 pro
1201 1419 1366 1500 qualitate
1383 1419 1579 1482 meritorum
1595 1418 1714 1482 offerre
1729 1439 1765 1481 se
1779 1439 1849 1482 con-

498 1526 626 1608 spectui
645 1525 848 1600 mortalium,
864 1525 910 1586 ita
927 1534 1052 1596 tamen,
1069 1534 1105 1586 ut
1122 1523 1298 1586 invisibilis
1315 1532 1536 1604 permaneret.
1555 1523 1655 1587 Unde
1670 1534 1706 1585 et
1720 1523 1849 1604 Moyses
1865 1539 1888 1574 10
1995 1555 1996 1600 r

497 1631 652 1694 erudiens
677 1627 840 1710 populum
865 1628 956 1710 quod
980 1637 1070 1692 esset
1101 1627 1278 1690 invisibilis
1304 1627 1407 1702 Deus,
1430 1626 1597 1708 loquitur:
1619 1627 1766 1690 ‘Vocem
1790 1648 1848 1690 ser·
1995 1601 1996 1694 i

498 1753 636 1798 monum
665 1735 736 1797 eius
752 1733 905 1809 audistis,
920 1743 953 1795 et
970 1732 1227 1796 similitudinem
1245 1751 1311 1794 non
1329 1732 1469 1808 vidistis,
1484 1732 1544 1793 sed
1561 1741 1694 1796 tantum
1711 1731 1849 1795 vocem'
1995 1749 1996 1822 l

498 1838 599 1920 Quod
627 1837 763 1920 quidem
794 1836 963 1899 Dominus
988 1846 1090 1918 atque
1113 1834 1271 1899 Salvator
1285 1835 1387 1897 etiam
1405 1834 1446 1897 de
1463 1834 1593 1916 Spiritu
1610 1834 1738 1899 Sancto
1754 1837 1850 1900 dicit:

497 1942 665 2025 ‘Spiritus
690 1941 746 2003 ubi
772 1940 843 2003 vult
865 1940 981 2021 spirat,
997 1950 1030 2003 et
1046 1959 1162 2003 vocem
1179 1940 1250 2002 eius
1265 1940 1373 2014 audis,
1389 1939 1447 2000 sed
1465 1939 1573 2001 nescis
1589 1941 1679 2002 unde
1696 1941 1806 2003 veniat
1820 1949 1850 2003 et

498 2066 566 2128 quo
582 2045 675 2108 vadit
689 2045 706 2120 ’,
721 2045 823 2106 etiam
843 2043 1006 2126 Spiritum
1025 2042 1227 2106 invisibilem
1251 2059 1285 2106 et
1302 2043 1675 2123 incomprehensibilem
1693 2063 1766 2106 esse
1782 2064 1849 2125 pro·
1867 2059 1892 2110 ¹5

498 2157 635 2213 testans.
649 2147 681 2210 Α
704 2169 771 2230 quo
790 2148 908 2210 doctus
924 2147 1098 2229 apostolus
1118 2145 1241 2210 Paulus
1258 2148 1290 2209 iu
1308 2149 1390 2209 haec
1406 2148 1507 2210 verba
1524 2147 1733 2228 prorumpit:
1750 2147 1851 2229 ‘Quis

498 2253 587 2316 enim
601 2251 851 2315 scithominum
866 2271 905 2314 ea
917 2271 1004 2334 quae
1017 2252 1138 2314 suntin
1152 2251 1519 2332 homine,nisispiritus
1531 2251 1676 2322 hominis
1688 2252 1746 2333 qui
1758 2262 1809 2315 est
1821 2251 1850 2313 in

497 2355 628 2420 eoiSic
645 2365 678 2419 et
694 2375 832 2437 eaquae
850 2355 914 2418 Dei
932 2365 1011 2419 sunt
1027 2355 1138 2418 nullus
1149 2355 1253 2431 novit,
1269 2354 1330 2416 nisi
1348 2353 1496 2435 Spiritus
1513 2355 1577 2417 Dei
1594 2357 1651 2436 qui
1667 2357 1768 2418 estin
1784 2377 1830 2419 eo.
1845 2355 1852 2382 ¹
1995 2417 1996 2456 ,

497 2459 651 2541 Cumque
679 2460 773 2522 Deus
800 2459 976 2522 invisibilis
1000 2460 1052 2537 sit,
1079 2467 1326 2541 consequenter
1352 2468 1385 2521 et
1411 2458 1557 2540 Spiritus
1581 2461 1638 2541 qui
1654 2460 1686 2520 in
1715 2461 1789 2524 Deo
1805 2471 1850 2522 est
1995 2529 1996 2576 1

496 2565 672 2629 invisibilis
699 2563 900 2646 appellatur,
923 2566 1102 2627 continens
1129 2565 1244 2628 omnia
1271 2574 1373 2645 atque
1396 2565 1632 2644 pertransiens,
1656 2564 1752 2628 iuxta
1775 2566 1852 2629 illud
1867 2581 1896 2618 2⁰
1995 2597 1996 2648 r

497 2671 587 2752 quod
604 2669 684 2732 alibi
712 2669 873 2750 scriptum
901 2679 974 2732 est:
991 2672 998 2700 ⁴
1013 2668 1159 2749 Spiritus
1189 2667 1329 2731 Domini
1354 2667 1495 2748 inplevit
1518 2669 1635 2731 orbem
1660 2671 1853 2734 terrarum'

497 2774 657 2855 Legimus
684 2773 727 2836 de
751 2771 986 2854 omnipotente
1013 2773 1110 2836 Deo:
1128 2777 1135 2804 ⁸
1152 2773 1276 2836 Nonne
1292 2772 1422 2833 caelum
1439 2781 1473 2835 et
1489 2781 1611 2835 terram
1628 2793 1692 2854 ego
1709 2774 1854 2855 impleo?

495 2877 578 2941 dicit
595 2875 792 2941 Dominus.'
810 2875 910 2958 Quod
927 2887 961 2939 et
978 2879 1020 2939 de
1038 2876 1221 2948 Salvatore,
1236 2877 1293 2958 qui
1312 2875 1497 2939 humanum
1522 2896 1642 2957 corpus
1666 2879 1856 2960 assumpsit,

495 2981 670 3064 apostolus
682 2982 821 3044 credens
838 2980 984 3061 loquitur
998 3003 1006 3043 ι
1020 2985 1027 3012 ‘
1041 2979 1108 3062 Qui
1125 2980 1306 3054 descendit,
1324 2980 1396 3060 ipse
1411 2989 1462 3043 est
1478 2981 1579 3061 etqui
1593 2982 1744 3044 ascendit
1756 3002 1856 3064 super

495 3106 613 3149 omues
638 3085 758 3162 caelos,
775 3094 811 3148 ut
836 3084 974 3166 impleat
998 3083 1142 3148 omnia.’
1159 3083 1263 3148 Cuius
1280 3084 1536 3166 participatione
1552 3095 1585 3146 et
1603 3083 1769 3168 Seraphin
1786 3085 1854 3166 ple·
1869 3099 1897 3151 25

495 3189 685 3252 uitudinem
717 3190 911 3266 sortiuntur,
937 3197 971 3252 et
1002 3208 1061 3270 per
1092 3186 1393 3251 sanctificationem
1423 3187 1568 3269 Spiritus
1596 3188 1713 3252 Sancti
1737 3210 1855 3252 omnes

495 3301 633 3356 sanctae
650 3291 865 3355 tortitudines
881 3293 1047 3373 recipiunt
1063 3292 1288 3356 sanctitatem.

538 3395 763 3458 Transeamus
774 3395 817 3459 ad
833 3395 1061 3471 Hiezechihel,
1073 3405 1109 3459 ut
1126 3394 1219 3458 illum
1234 3415 1369 3477 quoque
1378 3395 1499 3458 similia
1509 3396 1655 3460 sensisse
1665 3397 1856 3462 doceamus.

495 3499 700 3563 Describens
718 3499 882 3562 visionem
901 3499 1083 3576 Cherubin,
1099 3510 1131 3563 et
1148 3509 1291 3580 quatuor
1307 3499 1532 3562 animantium
1549 3511 1768 3578 sacramenta,
1790 3501 1856 3565 hoc

526 3703 541 3753 8
550 3704 694 3768 prophetae]
706 3719 723 3754 α
734 3723 741 3764 ;
747 3704 868 3768 propheta
878 3703 909 3754 C.
1014 3715 1040 3752 11
1052 3703 1206 3763 sermonum]
1213 3718 1229 3751 α
1241 3717 1394 3760 ;serrnanem
1403 3703 1431 3753 C.
1537 3703 1565 3750 16
1571 3705 1729 3767 prorumpit]
1735 3707 1857 3768 prorupit

493 3787 542 3845 Ca,
556 3795 581 3834 ιιι
595 3802 652 3850 pag.
667 3786 796 3851 praeced,
810 3787 826 3835 1.
840 3786 865 3836 6.
967 3798 998 3834 20
1011 3785 1098 3845 iuxta]
1109 3787 1184 3834 iuxta
1197 3785 1217 3834 C
1231 3800 1354 3834 moresuo.
1456 3798 1484 3832 21
1499 3785 1617 3848 inplevit]
1637 3785 1658 3835 C
1674 3798 1683 3834 l
1699 3803 1731 3835 m.
1744 3802 1808 3835 corr.
1823 3803 1856 3836 ex

492 3869 606 3932 replevit.
707 3881 739 3928 24
756 3867 866 3928 credens]
880 3887 903 3909 =
931 3867 1079 3917 ‘conlidens
1089 3867 1104 3927 ’,
1118 3868 1154 3917 uti
1177 3883 1215 3932 gr.
1240 3861 1379 3917 πιστεύων.
1481 3877 1511 3929 25
1530 3867 1657 3931 Seraphin
1665 3869 1856 3932 plenitudinem

490 3949 646 4011 sortiuntur]
658 3949 819 3998 scribendum
831 3949 930 3999 conicio
942 3967 950 4009 ;
963 3949 1090 4014 Seraphin
1103 3951 1132 3998 in
1138 3949 1303 4013 plenitudine
1314 3951 1462 3999 sortirentur
1473 3948 1520 3999 Cn.

535 4145 579 4184 ιι.
595 4142 685 4186 vacem
718 4126 805 4185 Deut.
823 4146 850 4198 4,
873 4145 916 4184 ιι.
1198 4124 1228 4184 in
1253 4128 1293 4185 Is.
1319 4129 1379 4202 6,5
1408 4125 1583 4200 ‘Seraphim
1599 4144 1677 4202 quos
1701 4127 1857 4203 angelicas

534 4225 579 4282 15.
596 4121 751 4369 vaditilo.
769 4227 795 4282 3,
813 4211 839 4266 8.
1196 4206 1388 4266 fortitudines
1403 4205 1604 4283 intellegimus
1616 4209 1623 4234 '
1636 4228 1644 4280 3
1658 4219 1687 4266 et
1702 4208 1857 4274 Translat.

533 4293 577 4348 18.
595 4290 627 4348 in
642 4308 671 4347 eo
703 4307 714 4345 1
735 4291 803 4350 Cor.
823 4309 848 4361 ι,
871 4307 912 4344 rr.
1198 4287 1322 4364 Didymi
1334 4289 1372 4347 de
1385 4288 1460 4364 Spir.
1471 4301 1578 4347 sancto
1590 4307 1619 4347 n.
1633 4291 1671 4364 56
1685 4293 1858 4368 ‘supernae

532 4391 575 4428 ιι.
593 4377 743 4428 terranem
774 4371 844 4446 Sap.
865 4387 888 4438 ι,
908 4387 932 4442 7.
1197 4368 1453 4446 rationabilesque
1495 4370 1628 4442 virtutes,
1664 4389 1738 4446 quas
1774 4376 1858 4436 solet

531 4473 545 4510 2
550 4471 575 4528 3.
593 4365 757 4530 Βιιιιιίνιιιι]Ι
769 4453 823 4509 ler.
844 4471 890 4525 23,
908 4471 953 4520 24.
1194 4451 1340 4527 scriptura
1364 4452 1487 4528 angelos
1502 4465 1531 4511 et
1546 4451 1740 4511 fortitudines
1756 4458 1859 4517 nomi-

530 4551 575 4608 ²5·
593 4529 703 4612 arania]
722 4533 798 4607 Eph.
815 4551 843 4604 4,
864 4551 906 4590 ιο.
1195 4535 1281 4592 nare’
1305 4532 1365 4592 Sed
1392 4547 1420 4592 et
1446 4552 1543 4607 supra,
1572 4532 1612 4592 de
1638 4533 1684 4591 Ps.
1711 4535 1741 4592 X
1768 4559 1797 4608 4,
1818 4543 1857 4598 16

530 4633 574 4688 ²7·
598 4623 713 4672 sanctae
719 4609 925 4692 firrtitndines]
948 4614 994 4674 Ci.
1014 4613 1139 4672 Hieron.
1197 4614 1385 4674 ‘haereticae
1395 4613 1440 4672 uel
1450 4613 1618 4673 contrariae
1628 4613 1828 4680 fortitudines
1839 4624 1855 4678 ’.
