4160 5500
474 431 557 536 378
856 455 883 512 s.
910 452 1162 512 uinaourur
1190 452 1451 510 sussurrant

473 669 707 754 dignabantur,
722 667 840 732 saltem
859 687 953 732 aures
970 688 1084 731 vocem
1103 687 1169 731 non
1186 667 1393 732 audiebant?
1413 666 1482 745 Qui
1495 667 1618 731 iacebat
1632 667 1680 732 ad
1692 667 1830 732 ianuam

475 772 631 836 ulceribus
639 770 764 853 plenus.
781 771 858 835 Non
876 771 1022 835 habebat
1038 791 1139 834 unum
1158 771 1271 834 ulcus:
1287 778 1396 834 totum
1414 790 1534 853 corpus
1550 771 1660 834 ulcera
1676 779 1781 849 crant,
1791 781 1829 835 ut

476 876 673 958 magnitudo
688 893 869 956 poenarum
887 874 1008 939 faceret
1026 873 1291 957 magnitudinem
1309 874 1563 938 misericordiae.
1576 871 1834 952 Quir'acebarad

476 981 611 1044 renuam
634 976 704 1040 eius
730 976 888 1041 ulceribus
907 979 1030 1060 plenus,
1045 977 1173 1060 cupiens
1198 976 1351 1040 saturari
1373 977 1412 1040 de
1438 979 1531 1043 micis
1553 999 1635 1062 quae
1657 980 1778 1043 cadunt
1792 978 1832 1042 de

475 1104 585 1148 rueusa
611 1080 735 1145 diuitis.
755 1080 955 1164 Aegrotatio
981 1081 1083 1146 habet
1110 1081 1246 1164 aliquod
1278 1080 1448 1160 solacium,
1470 1083 1498 1146 si
1523 1104 1605 1166 opes
1630 1082 1752 1147 habet:
1779 1083 1830 1146 sin
1863 1101 1876 1154 5

476 1199 587 1252 autem
614 1187 656 1249 ad
685 1183 886 1248 infirmitatis
914 1186 1180 1268 magnitudinem
1212 1194 1246 1249 et
1276 1195 1465 1268 paupertas,
1487 1184 1615 1268 duplex
1632 1184 1832 1250 infirmitas.

477 1290 676 1374 Aegrotatio
702 1309 833 1370 semper
861 1287 1002 1352 delicata
1030 1301 1090 1364 est,
1106 1299 1139 1352 et
1166 1288 1362 1353 indelicatas
1378 1309 1429 1352 res
1453 1288 1603 1372 accipere
1627 1309 1694 1354 non
1720 1298 1831 1374 potest

476 1404 577 1476 atque
595 1391 730 1456 fastidit.
747 1390 884 1473 Quanta
899 1411 977 1455 vero
994 1391 1026 1455 in
1044 1392 1108 1454 isto
1124 1411 1233 1474 poena
1250 1392 1319 1454 est!
1338 1392 1383 1456 Et
1400 1393 1485 1456 inter
1500 1401 1594 1457 tanta
1610 1392 1829 1458 vulnera'non

479 1497 631 1562 meminit
657 1494 788 1559 dolores
816 1494 999 1577 plagarum,
1015 1495 1073 1558 sed
1102 1494 1207 1558 lamis.
1226 1493 1365 1576 Cupiens
1390 1496 1543 1559 saturari
1566 1495 1606 1558 de
1632 1495 1726 1559 micis
1750 1515 1832 1578 quur

476 1601 598 1666 cadunt
621 1599 660 1662 dc
684 1619 793 1662 mensa
820 1597 945 1664 diuitis.
970 1597 1232 1680 Quodammodo
1259 1598 1373 1662 dicens
1397 1602 1440 1664 ad
1468 1600 1628 1666 divitem:
1654 1600 1832 1665 Sufficiunt
1850 1624 1878 1660 ro

479 1705 558 1769 mihi
576 1704 680 1766 micae
697 1722 831 1765 mensae
848 1712 945 1766 tuae:
962 1703 1051 1785 quod
1064 1702 1184 1784 proicis
1196 1699 1238 1766 de
1250 1722 1373 1780 mensa,
1390 1706 1511 1786 praebe
1528 1704 1745 1769 elemosinam
1760 1703 1830 1768 :lac

476 1811 601 1874 damna
618 1807 754 1871 lucrum.
771 1804 840 1870 Sed
851 1814 884 1869 et
895 1825 989 1868 curres
1004 1803 1174 1868 veniebant
1187 1815 1218 1868 et
1228 1806 1394 1890 lingebant
1404 1809 1511 1872 ulcera
1525 1808 1601 1873 eius.
1613 1808 1710 1892 Quae
1722 1806 1830 1872 nuilus

477 1913 650 1975 hominum
668 1909 777 1972 lavare
793 1909 993 1996 dignabatur
1009 1918 1042 1972 et
1058 1911 1253 1986 obtrectare,
1269 1909 1356 1974 serae
1373 1913 1470 1976 mites
1487 1911 1648 1976 lambunt.
1727 1927 1728 1934 ’

480 2075 483 2080 .
520 2011 658 2076 Factum
683 2019 731 2074 est
756 2019 865 2074 aretem
887 2020 925 2074 ut
947 2023 1126 2074 rnoreretur
1152 2012 1322 2091 mendicus,
1337 2024 1368 2078 et
1376 2024 1567 2096 portaretur
1589 2015 1631 2080 ab
1654 2014 1781 2096 argelis
1797 2013 1831 2077 iu

478 2120 589 2183 sinum
617 2116 782 2180 Abrahae.
798 2115 956 2178 Mortuus
978 2125 1027 2178 est
1049 2127 1157 2179 aurem
1182 2127 1213 2180 et
1238 2117 1330 2181 dives
1355 2129 1386 2182 et
1408 2119 1574 2202 sepultus:
1589 2127 1620 2182 et
1646 2119 1681 2182 iu
1705 2118 1881 2198 inserueris

477 2223 605 2286 elevans
621 2217 987 2286 oculos...·Audivimus
1003 2219 1091 2301 -quid
1119 2219 1250 2301 utrique
1275 2221 1309 2283 in
1336 2231 1423 2286 terra
1451 2225 1538 2307 passi
1556 2225 1642 2289 sint:
1660 2225 1832 2288 videamus

480 2327 559 2408 quid
577 2325 708 2407 utrique
723 2343 838 2387 eorum
855 2321 1025 2405 patiantur
1052 2324 1141 2404 apud
1167 2323 1297 2392 inferos.
1314 2324 1416 2408 Quod
1444 2328 1629 2411 temporale
1652 2327 1723 2406 suit,
1739 2347 1832 2410 prae-

478 2431 585 2493 teriit:
601 2429 691 2510 quod
719 2428 874 2510 sequitur,
890 2435 1061 2490 aeternum
1087 2436 1146 2493 est.
1165 2427 1314 2511 Uterque
1330 2433 1451 2495 mortui
1469 2441 1566 2496 sunt:
1595 2432 1686 2496 illum
1713 2431 1833 2514 angeli,

479 2535 580 2597 istum
597 2551 725 2614 poenae
741 2530 924 2612 suscipiunt
939 2552 947 2590 ε
963 2529 1018 2595 ille
1030 2532 1226 2612 portabatur
1239 2531 1270 2594 in
1285 2533 1430 2598 humoris
1443 2535 1721 2618 angelorum,iste
1731 2533 1833 2598 fertur

479 2635 521 2698 ad
540 2653 688 2717 poenas:
704 2634 797 2696 illum
816 2631 989 2696 Abraham
1017 2632 1106 2697 laeto
1130 2635 1204 2698 sinu
1232 2637 1367 2718 excipit,
1383 2639 1483 2703 istum
1508 2649 1650 2704 tartarus
1666 2647 1769 2702 vorat.
1784 2636 1833 2700 Et
1851 2669 1885 2706 so

471 2749 664 2822 portaretur
676 2739 718 2802 ab
741 2738 874 2821 augelis.
891 2737 1021 2802 Tantae
1048 2759 1175 2820 poenae
1203 2751 1337 2823 repente
1361 2742 1488 2806 deliciis
1511 2751 1769 2808 commutantur.
1787 2741 1833 2806 Et

478 2854 665 2928 portaretur
690 2845 734 2908 ab
761 2843 897 2926 angelis,
930 2852 964 2904 et
988 2842 1207 2921 induceretur,
1234 2864 1276 2908 ne
1306 2847 1416 2914 saltim
1451 2849 1627 2913 ambulans
1659 2847 1833 2912 laboraret.

481 2951 633 3013 l'ortatur
658 2959 732 3030 post
768 2957 880 3011 tantos
905 2945 1043 3023 labores,
1058 2947 1136 3029 quia
1152 2934 1332 3015 deiecerat.
1345 2953 1389 3015 Et
1413 2962 1601 3036 portaretur
1629 2953 1671 3017 ab
1696 2953 1834 3035 augelis.

480 3051 557 3114 Non
575 3049 748 3114 suffecerat
764 3048 806 3112 ad
824 3050 1024 3131 portandum
1044 3051 1180 3132 pauperi
1193 3070 1279 3116 unus
1290 3056 1428 3136 angelus
1443 3081 1449 3122 :
1466 3059 1523 3121 sed
1537 3067 1712 3140 propterea
1722 3057 1833 3139 plures

479 3155 625 3230 veniunt,
642 3162 678 3216 ut
704 3153 842 3216 clrorum
870 3153 1014 3218 laetitiae
1041 3153 1172 3218 iaciant.
1192 3155 1240 3224 Ut
1265 3166 1452 3239 portaretur
1478 3163 1522 3225 ab
1546 3160 1681 3244 angelis
1698 3159 1833 3225 Gaudet
1854 3189 1885 3244 ²5

480 3257 706 3339 unusquisque
733 3256 927 3339 angelorum
945 3268 1075 3321 tantum
1102 3278 1187 3322 onus
1203 3267 1363 3343 tangere:
1380 3264 1521 3330 libenter
1537 3266 1659 3330 talibus
1674 3266 1832 3330 oneribus

479 3370 750 3443 praegravantur,
765 3371 802 3424 ut
818 3362 988 3426 adducant
1015 3361 1167 3425 homines
1191 3363 1234 3426 ad
1261 3384 1363 3447 regna
1380 3369 1557 3434 caelorum.
1576 3369 1620 3434 Et
1636 3368 1756 3455 ductus
1773 3381 1835 3447 est,

516 3549 912 3625 rdrguahanturldrgnuulurx.
987 3557 1180 3618 saltem1ralrr'm
1193 3559 1246 3619 FL,
1262 3559 1362 3611 Ncorr.
1438 3559 1629 3621 aures]1.add.
1643 3573 1709 3616 luae.
1785 3581 1837 3614 uon

480 3637 645 3698 audiaeluutl]
666 3637 686 3686 F
697 3655 705 3696 3
727 3653 804 3701 quare
827 3654 876 3686 uon
899 3639 1170 3704 astruebanrthuare
1189 3651 1214 3690 et
1234 3641 1247 3690 ι’
1264 3644 1323 3693 add.
1337 3660 1391 3710 sup.
1408 3645 1473 3706 lin);
1497 3646 1605 3695 audrbrrt
1625 3648 1669 3715 χΙ,
1687 3647 1833 3708 (omnen).

481 3715 597 3778 r'aurraru]
610 3737 629 3789 χ
641 3721 699 3770 add.
714 3723 774 3770 eius.
875 3735 891 3782 4
902 3722 966 3783 eius]
978 3739 1028 3771 oru.
1045 3723 1073 3771 F.
1174 3737 1197 3783 4.
1213 3736 1228 3786 9
1239 3741 1302 3789 quae
1313 3725 1415 3786 cadunt]
1427 3743 1464 3792 gr.
1478 3731 1531 3778 τῶν
1544 3725 1712 3788 πιπτόντωνς
1732 3746 1756 3794 q.
1769 3731 1837 3778 rarle-

480 3803 607 3851 lrarrtFN.
710 3797 847 3865 salr'quod]
858 3803 960 3865 aliquid
971 3804 998 3850 F.
1100 3801 1162 3866 opes]
1173 3805 1258 3864 codd;
1277 3814 1337 3870 opus
1349 3822 1377 3875 χ.
1478 3809 1528 3858 det
1533 3808 1681 3875 paupertas]
1693 3811 1799 3872 Ft.;aeu
1806 3819 1835 3875 p.

481 3901 519 3953 ‘Li
532 3911 568 3933 ..a
575 3894 604 3951 p.
619 3887 653 3935 N.
754 3885 770 3933 8
781 3883 865 3948 atque]
879 3885 940 3944 FL;
952 3901 1038 3949 easque
1050 3885 1074 3933 N
1088 3887 1109 3943 (s
1122 3887 1180 3935 add.
1194 3903 1248 3950 sup.
1264 3888 1309 3950 lin)
1321 3906 1328 3947 ;
1340 3906 1403 3954 quus
1415 3907 1444 3960 χ.
1536 3890 1652 3956 fastidit]
1663 3894 1770 3958 sordide!
1781 3895 1802 3942 F
1806 3894 1837 3954 L,

482 3968 505 4015 N
518 3983 582 4018 corr.
650 3965 845 4026 Etr'uter1cum
857 3965 893 4024 (in
905 3967 989 4026 litura)
1001 3967 1070 4016 inter
1082 3967 1114 4017 N.
1197 3969 1339 4032 rzdauura]
1352 3973 1581 4035 codd3dcdamno
1593 3993 1620 4046 χ.
1697 3979 1841 4042 ueniebant]

480 4049 597 4098 uidebant
617 4051 647 4109 F,
671 4049 695 4098 N
709 4065 772 4098 corr.
887 4060 915 4110 13
934 4046 1074 4107 obtrectare]
1095 4050 1168 4099 codd.
1183 4049 1224 4100 Cf.
1240 4053 1346 4105 Hieron.
1363 4056 1413 4106 Vit.
1430 4059 1500 4108 Pauli
1521 4073 1576 4124 n.3
1600 4061 1701 4126 ‘coepit
1723 4062 1841 4112 manibus

481 4139 614 4181 attrectare
627 4133 671 4192 (al.
687 4131 839 4190 obtrectare)
852 4129 932 4179 virilia
946 4129 969 4191 ';
981 4138 1087 4180 tractare
1101 4148 1127 4199 χ.
1231 4145 1242 4182 1
1246 4145 1260 4197 5
1272 4137 1382 4198 sepultus
1386 4157 1397 4194 ,·
1407 4139 1442 4201 et]
1461 4141 1571 4204 sepultus
1581 4150 1618 4192 ert
1628 4159 1656 4212 χ.
1757 4144 1785 4192 r'u
1798 4145 1841 4192 r'u·

473 4210 600 4277 serualur
613 4213 743 4278 infernum
757 4213 836 4280 gun.
940 4213 969 4262 16
986 4216 1084 4263 elevans
1103 4212 1190 4273 occulos]
1209 4224 1326 4279 expunct.
1342 4217 1366 4266 in
1381 4219 1413 4269 N.
1514 4223 1626 4288 utrique]
1644 4231 1747 4290 uterque
1766 4223 1798 4284 L,
1812 4225 1840 4273 N

482 4309 536 4358 sup.
552 4294 595 4344 lin.
609 4294 634 4344 in
656 4311 748 4345 rasura.
867 4291 929 4353 siut]
950 4297 996 4344 FN
1007 4313 1014 4354 3
1028 4301 1096 4346 'sunt
1116 4313 1142 4364 χ.
1264 4309 1292 4360 17
1313 4297 1424 4366 utrique]
1448 4311 1550 4370 uterquc
1570 4305 1594 4354 N
1614 4321 1669 4372 sup.
1684 4306 1728 4356 lin.
1742 4305 1767 4356 in
1788 4322 1839 4358 ras.

486 4375 514 4424 18
531 4373 648 4440 Uterque]
668 4378 716 4425 FN
731 4390 739 4425 1
755 4393 797 4436 m;
817 4377 919 4439 rurique
931 4393 958 4445 χ.
1060 4391 1092 4427 2ο
1110 4379 1212 4442 excipit]
1231 4382 1325 4444 excepit
1344 4399 1371 4450 χ.
1473 4398 1501 4434 21
1516 4385 1554 4435 El
1557 4381 1599 4452 p.]
1618 4387 1762 4438 coniunctio
1773 4388 1799 4438 in
1814 4389 1840 4438 N

482 4470 609 4508 erasaest.
679 4473 710 4507 22
722 4465 745 4508 et
757 4457 823 4514 tuat]
837 4458 857 4504 F
869 4475 918 4508 om.
932 4468 963 4508 cr.
1040 4457 1210 4518 induceretur}
1224 4461 1283 4520 FL;
1296 4461 1508 4535 adducturum
1521 4467 1622 4526 cresin
1635 4469 1669 4520 N.
1742 4471 1842 4534 saltim]

483 4541 558 4588 codd.
661 4554 692 4603 23
705 4535 838 4597 portatur]
853 4543 1001 4603 portabatur
1012 4559 1039 4610 χ.
1136 4537 1294 4608 portaretur]
1317 4545 1338 4593 L
1353 4557 1362 4594 1
1377 4563 1420 4606 m;
1436 4549 1586 4614 portabatur
1603 4551 1656 4622 zF,
1671 4551 1693 4602 1.
1711 4567 1766 4617 sup.
1779 4551 1838 4612 lin;

482 4625 610 4685 por-tatlur
620 4623 645 4672 in
658 4625 752 4682 rasura)
767 4623 799 4672 N.
902 4635 934 4683 24
944 4624 1081 4688 sufficerat]
1099 4625 1224 4689 sufficerat
1243 4623 1272 4684 F,
1287 4624 1345 4676 Lel
1359 4628 1383 4676 N
1396 4645 1460 4679 corr.
1561 4643 1591 4696 25
1608 4628 1652 4690 Ur]
1670 4633 1735 4683 codd
1744 4651 1753 4694 ;
1769 4641 1794 4683 et
1809 4649 1841 4704 χ.

484 4715 514 4766 27
519 4706 734 4770 praegravamur]
744 4722 764 4774 χ
770 4721 777 4764 ;
784 4713 980 4769 praegravatum
990 4707 1009 4754 F
1012 4707 1047 4766 L;
1053 4709 1233 4771 praegrauata
1245 4707 1270 4756 in
1283 4713 1377 4770 rasura)
1388 4711 1421 4760 N.
1491 4713 1531 4775 ut]
1543 4715 1601 4782 χ1,;
1609 4730 1659 4766 orn.
1672 4715 1729 4766 FN.
1797 4719 1843 4766 ul·
