4154 5494
467 441 548 523 214
607 495 611 504 ,
847 445 875 503 s.
902 431 1153 506 uru'uouvm
1177 447 1440 507 namuurum

461 657 543 738 quid
567 657 663 736 dixit,
685 659 818 725 Credidi
844 663 1092 746 propterquod
1120 663 1250 727 locutus
1274 669 1372 729 sum?
1395 665 1484 748 Quid
1510 664 1706 729 credidisti?
1733 664 1818 747 quid

463 760 594 825 locutus
606 768 666 826 es?
683 764 774 828 Prior
790 765 937 847 psalmus
954 767 1000 830 ita
1016 767 1121 832 finivit
1134 773 1164 832 :‘
1184 768 1324 833 Placebo
1335 789 1445 835 coram
1463 770 1611 835 Domino
1628 769 1659 833 in
1681 770 1820 852 regione

462 864 610 929 vivorum
628 867 642 932 '.
662 869 751 932 Dicit
767 890 847 952 ergo
863 870 1026 953 propheta
1040 865 1197 938 :Credidi
1215 875 1452 957 propterquod
1474 873 1603 938 locutus
1624 893 1705 938 sum.
1723 872 1817 957 Quid

461 969 609 1033 credidi?
625 971 793 1056 Quoniam
811 973 950 1054 placebo
965 997 1076 1040 coram
1094 977 1241 1041 Domino
1265 978 1298 1041 in
1320 979 1454 1060 regione
1470 978 1628 1041 vivorum.
1655 975 1731 1038 Hoc
1746 993 1818 1037 cre-

467 1073 546 1152 didi,
562 1083 595 1140 et
617 1076 746 1141 locutus
770 1099 850 1140 sum.
870 1081 958 1164 Quid
984 1091 1095 1145 autem
1121 1082 1251 1147 locutus
1277 1088 1373 1152 sum?
1389 1083 1460 1164 Ego
1490 1091 1598 1144 arctam
1622 1079 1819 1143 krcmilr'atus
1860 1100 1876 1154 5

463 1178 697 1245 snrunimis.O
715 1202 837 1264 magna
866 1183 1093 1265 intellegentia
1115 1185 1217 1249 divini
1245 1186 1425 1250 sermonis!
1443 1183 1587 1260 Credidi,
1604 1183 1719 1265 inquit,
1734 1201 1818 1264 quo-

465 1282 554 1345 niam
573 1285 711 1366 placebo
734 1287 890 1364 Domino,
905 1289 1064 1372 quoniam
1082 1310 1138 1353 ero
1162 1289 1309 1370 angelus,
1324 1291 1483 1372 quoniam
1500 1310 1557 1353 ero
1583 1289 1615 1353 in
1647 1288 1766 1352 caelis:
1781 1296 1817 1350 et

464 1407 529 1450 nou
549 1388 593 1452 sui
610 1393 780 1472 superbus,
796 1413 861 1457 non
886 1413 958 1458 sum
987 1394 1102 1471 elatus,
1117 1395 1174 1458 sed
1193 1393 1385 1459 humiliatus
1413 1413 1485 1458 sum
1513 1393 1621 1456 nimis.
1645 1391 1816 1474 Quoniam

466 1512 522 1555 ero
539 1493 569 1556 in
596 1495 730 1576 regione
753 1497 911 1574 vivorum,
931 1499 1173 1564 misericordiae
1191 1500 1328 1564 Domini
1356 1508 1414 1563 est.
1433 1499 1506 1581 Ego
1522 1507 1634 1562 autem
1652 1497 1731 1561 novi
1748 1515 1817 1560 me-

466 1598 656 1678 metipsum,
671 1601 748 1681 quia
765 1612 851 1666 terra
867 1623 939 1668 sum
956 1613 989 1668 et
1005 1605 1086 1686 cinis
1102 1629 1108 1669 :
1125 1615 1299 1687 propterea
1313 1603 1475 1685 dico,Ego
1495 1611 1607 1665 autem
1623 1600 1817 1665 humiliatus
1844 1623 1877 1662 ιο

466 1721 538 1764 sum
557 1703 663 1766 nimis.
681 1703 770 1787 Quid
788 1717 899 1770 autem
916 1717 967 1770 est
983 1718 1069 1772 terra
1086 1718 1119 1773 et
1134 1709 1240 1772 cinis?

510 1806 581 1888 Ego
596 1817 703 1871 55555
718 1808 792 1872 dixi
806 1811 840 1873 r'n
855 1833 978 1876 excessu
995 1833 1062 1876 meo
1073 1837 1084 1877 .·
1098 1813 1214 1879 Omnis
1230 1813 1321 1876 horno
1337 1811 1482 1876 mendax.
1497 1811 1535 1875 In
1548 1809 1706 1874 hebraico
1721 1809 1820 1873 aliter

466 1909 586 1974 habet:
604 1915 611 1943 ¹
629 1911 703 1993 Ego
718 1913 791 1977 dixi
808 1915 840 1978 in
858 1937 997 1980 excessu
1015 1938 1089 1982 meo
1105 1943 1112 1982 :
1128 1917 1248 1982 Omnis
1263 1917 1365 1981 homo
1378 1914 1588 1992 mendacium
1610 1915 1618 1940 '
1634 1913 1723 1997 quod
1736 1913 1818 1977 dici-

469 2024 522 2077 tur
537 2029 666 2080 ZECAM.
686 2017 828 2082 Placebo
852 2019 1000 2085 Domino
1024 2023 1055 2085 in
1081 2023 1216 2106 regione
1231 2023 1400 2086 vivorum:
1416 2021 1473 2085 sed
1491 2039 1554 2100 ego
1581 2019 1649 2082 scio
1667 2018 1817 2082 memeti-

468 2139 563 2200 psum
581 2123 763 2187 secundum
783 2126 1008 2190 conditionem
1025 2129 1171 2211 corporis
1188 2127 1268 2192 nihil
1281 2147 1372 2191 esse:
1388 2145 1454 2188 non
1471 2132 1522 2187 est
1537 2123 1625 2186 enim
1643 2123 1763 2186 veritas
1783 2121 1817 2186 in
1845 2147 1876 2201 ις

469 2222 655 2289 substantia
672 2237 793 2303 nostra,
808 2228 866 2292 sed
884 2231 1001 2295 umbra
1024 2241 1074 2295 est
1094 2241 1127 2295 et
1142 2232 1236 2316 quasi
1250 2229 1470 2296 mendacium.
1490 2227 1526 2289 ln
1544 2226 1732 2290 substantia
1747 2243 1819 2288 cor-

470 2331 573 2411 porali
602 2331 686 2409 dico,
702 2353 768 2396 uon
795 2333 827 2396 in
853 2335 973 2398 anima.
992 2335 1036 2398 Et
1061 2337 1150 2418 quod
1178 2334 1268 2412 dicit,
1283 2334 1347 2396 hoc
1373 2339 1431 2395 est„
1449 2328 1592 2394 Placebo
1621 2328 1769 2391 Domino
1784 2327 1819 2390 in

468 2433 605 2516 regione
620 2434 769 2498 vivorum
785 2461 792 2501 ι
808 2437 864 2500 sed
882 2438 1034 2519 cogitans
1058 2437 1239 2501 humanam
1265 2437 1376 2511 vitam,
1392 2444 1426 2499 ct
1441 2433 1655 2498 considerans
1673 2433 1821 2496 diversos

469 2557 603 2615 errores,
618 2557 684 2601 non
703 2539 835 2603 invenio
850 2541 1022 2604 veritatem
1039 2541 1071 2603 in
1089 2540 1152 2604 hoc
1166 2541 1299 2604 mundo.
1318 2537 1490 2622 Siquidem
1503 2543 1510 2570 ‘
1524 2557 1567 2600 ex
1590 2545 1684 2619 parte
1696 2555 1821 2618 coguo-

468 2638 599 2718 scimus,
616 2650 705 2706 etex
723 2653 816 2725 parte
832 2644 1070 2726 prophetamus
1081 2645 1097 2707 '.
1116 2645 1294 2725 Propterea
1310 2642 1405 2706 dico:
1421 2640 1533 2706 Omne
1554 2642 1643 2724 quod
1661 2639 1822 2718 videmus,
1845 2671 1880 2710 20

472 2763 572 2808 omne
589 2746 678 2824 quod
707 2747 939 2830 intellegimus,
956 2747 1164 2811 mendacium
1193 2756 1252 2811 555.
1275 2746 1456 2830 Quomodo
1483 2744 1584 2826 igitur
1609 2743 1820 2806 mendacium

470 2851 546 2909 est?
564 2847 777 2913 Mendacium
794 2850 847 2914 hic
863 2851 959 2928 dixit,
975 2853 1068 2934 quasi
1093 2850 1256 2929 umbram,
1271 2849 1365 2933 quasi
1382 2848 1562 2930 imaginem
1578 2868 1585 2924 ;
1602 2846 1821 2929 quemadmo-

472 2949 551 3012 dum
568 2951 690 3017 dicitur
705 2961 738 3017 et
755 2954 786 3017 in
804 2953 869 3018 alio
886 2957 959 3020 loco
974 2981 981 3021 :
996 2961 1003 2988 ⁸
1019 2957 1260 3020 Verumtamen
1286 2955 1317 3018 in
1336 2953 1481 3036 imagine
1497 2953 1675 3036 pertransit
1691 2953 1820 3016 homo'.

474 3053 601 3119 Eadem
626 3057 853 3142 intellegentia
868 3069 901 3122 et
919 3078 1006 3123 nunc
1029 3057 1158 3134 dicitur,
1174 3057 1295 3123 Omnis
1310 3056 1412 3120 homo
1430 3057 1640 3120 mendacium
1657 3079 1664 3119 :
1680 3057 1743 3120 hoc
1760 3065 1822 3134 est,

469 3159 578 3222 omnis
594 3160 697 3226 homo
713 3163 837 3227 umbra.
854 3163 930 3226 Hoc
946 3171 1057 3226 autem
1074 3161 1215 3225 dicimus
1231 3160 1414 3223 secundum
1427 3159 1618 3223 hebraicam
1636 3159 1820 3224 veritatem.
1843 3192 1876 3247 ²5

470 3261 665 3344 Loquamur
689 3276 801 3330 autem
818 3278 851 3330 et
867 3267 1050 3330 secundum
1077 3265 1289 3347 septuaginta
1318 3263 1522 3345 interpretes.
1540 3262 1640 3326 Dicat
1655 3262 1745 3326 enim
1761 3261 1820 3326 ali-

467 3364 560 3448 quis:
578 3367 667 3450 Quid
684 3370 726 3433 ad
745 3389 806 3446 me,
819 3371 897 3452 quid
909 3370 1009 3433 habet
1023 3369 1055 3431 in
1069 3369 1248 3432 hebraico?
1264 3387 1327 3450 ego
1339 3364 1512 3429 ecclesiam
1524 3385 1653 3447 sequor.
1668 3363 1824 3447 Egodu‘i

469 3471 503 3532 r'n
515 3493 638 3536 excessu
655 3495 745 3539 meo:
763 3475 880 3541 Omnis
894 3476 985 3539 homo
1001 3474 1146 3539 rrrendux.
1157 3473 1283 3537 Verum
1302 3473 1381 3536 dicit
1400 3470 1520 3547 David,
1532 3489 1574 3533 an
1589 3469 1766 3532 mentitur?
1783 3469 1820 3534 Si

468 3595 580 3639 verum
595 3587 654 3656 est,
667 3579 788 3644 Omnis
798 3579 900 3643 homo
912 3579 1073 3657 mendax,
1085 3587 1118 3642 et
1130 3578 1193 3642 hoc
1205 3577 1295 3660 quod
1306 3577 1395 3652 dicit,
1411 3574 1532 3639 Omnis
1545 3573 1648 3636 homo
1662 3572 1821 3650 mendax,

501 3746 589 3809 tquid
596 3746 678 3815 dixit]
690 3750 756 3813 quod
765 3750 788 3798 d.
804 3749 978 3816 Bscmom.
992 3751 1062 3814 qnid.
1155 3751 1220 3815 quid
1228 3748 1333 3808 locutus]
1345 3749 1410 3814 quur!
1419 3747 1435 3795 l.
1452 3744 1513 3812 stBl.
1608 3741 1730 3812 sedbel
1743 3745 1817 3794 codd.

464 3827 547 3878 unoG
560 3837 666 3894 excepto
678 3839 755 3895 repet.
770 3833 820 3882 hor.
924 3846 952 3881 12
965 3833 1019 3896 Ego
1029 3833 1123 3894 autem]
1137 3831 1175 3900 βΒ
1188 3835 1233 3896 (gr.
1247 3825 1299 3898 ἐγὼ
1313 3825 1351 3892 δέ)
1363 3849 1369 3890 ;
1383 3829 1448 3880 CSG
1458 3843 1507 3880 orn.
1519 3833 1611 3876 autam.
1716 3839 1745 3889 13
1756 3827 1824 3890 quod

464 3908 561 3957 dicitur
572 3912 692 3973 ZECAM]
713 3913 751 3962 Ita
770 3913 830 3973 iere,
844 3930 889 3978 pm
909 3915 1004 3964 ‘cazab
1016 3913 1031 3974 ⁹,
1052 3913 1067 3982 β
1086 3923 1111 3964 55
1131 3915 1231 3964 codices
1247 3913 1372 3964 innumeri
1388 3928 1451 3978 quos
1468 3911 1498 3960 ad
1521 3910 1588 3960 hunc
1599 3910 1681 3959 locum
1699 3908 1820 3966 adhibui;

465 3989 543 4038 eciam
557 3990 593 4041 IG
611 3993 703 4058 aliique
721 3994 835 4043 nonnulli
848 4013 854 4053 ;
875 3995 927 4045 ocia
938 3995 995 4044 cod.
1007 3995 1155 4060 Gratianop.
1167 3995 1233 4055 2183
1253 4011 1309 4044 raca
1323 3997 1357 4055 S;
1377 3993 1470 4045 ke'mhb
1491 3992 1598 4042 Hieron.
1611 3991 1637 4040 in
1660 3991 1820 4042 Commenta·

465 4069 534 4119 riolis
546 4088 569 4136 p.
584 4073 624 4136 83,
639 4076 655 4124 l.
671 4087 709 4124 20.
726 4075 780 4124 Erit
793 4075 856 4126 lorte
868 4077 910 4140 qui
922 4077 1060 4141 suspicetur
1077 4077 1199 4140 cogitasse
1212 4084 1371 4126 tractatorem
1384 4076 1416 4124 de
1428 4073 1552 4124 vocabulo
1565 4043 1632 4150 ῠὲξ,
1646 4073 1713 4137 quod
1731 4074 1820 4123 eodem

464 4169 537 4201 55555
558 4171 594 4218 ps.
610 4155 650 4218 38,
664 4165 677 4216 7
691 4157 781 4221 iegitur
792 4158 834 4218 (ci.
849 4157 912 4207 inira
925 4159 941 4208 Ι.
957 4160 1015 4221 23l3
1032 4166 1059 4208 at
1077 4167 1185 4222 praestat
1205 4174 1261 4208 curn
1283 4157 1408 4208 Vallarsio
1426 4154 1568 4206 huiusmodi
1587 4149 1731 4222 σφάλματα
1750 4163 1821 4205 nota·

464 4233 555 4282 riorum
574 4235 687 4286 inscitiae
706 4237 823 4288 tribuere.
926 4254 954 4288 21
972 4239 1103 4302 erorrrodu]
1115 4241 1234 4305 quoniam
1247 4241 1323 4291 BCG.
1417 4251 1447 4300 23
1460 4239 1489 4286 r'n
1501 4236 1622 4300 integrm]
1636 4237 1700 4288 BSG
1712 4253 1762 4287 om.
1775 4239 1821 4300 c'n3

464 4313 493 4361 in
505 4315 640 4378 imaginem
653 4319 674 4369 C
687 4337 693 4380 ;
707 4321 840 4382 imaginem
854 4323 886 4371 G.
982 4323 1135 4386 pertransit]
1145 4323 1297 4386 pertransiet
1307 4321 1331 4389 β.
1433 4334 1465 4381 24
1474 4319 1642 4381 urendacium]
1654 4320 1762 4368 mendax
1772 4319 1820 4386 βΒ.

466 4408 496 4458 27
508 4398 573 4462 quid
581 4399 663 4460 habet]
672 4417 695 4466 q.
709 4402 831 4451 habeatur
842 4402 866 4470 β
969 4403 1000 4453 28
1017 4404 1121 4465 Verum]
1133 4421 1188 4453 vere
1200 4403 1256 4455 CG.
1358 4415 1389 4464 29
1402 4403 1688 4464 mendax]nrendatr'um
1701 4403 1752 4454 c:

510 4569 553 4626 13.
571 4549 761 4632 mendacium]
784 4555 872 4613 Psalt.
890 4553 971 4612 hebr.
989 4555 1113 4614 Hieron.
1211 4574 1255 4614 20.
1267 4551 1487 4634 prophetamus]
1506 4574 1518 4612 1
1536 4553 1607 4615 Cor.
1627 4571 1671 4630 13,
1688 4573 1716 4629 9.

466 4632 663 4776 :nifflciffl
672 4645 794 4742 ’stupore
809 4653 878 4694 meo
889 4656 894 4692 :
906 4633 1013 4697 Omnis
1025 4635 1117 4695 homo
1212 4655 1256 4714 23.
1273 4633 1367 4720 1555]
1385 4639 1428 4696 Ρ5.
1448 4639 1495 4714 38,
1514 4653 1537 4714 7.
1612 4669 1615 4674 ·
