4154 5494
476 401 560 482 228
862 426 891 485 s.
915 423 1170 486 arneomai
1196 424 1465 486 reuenirent

481 639 624 705 mittitur
639 641 681 704 ad
700 640 914 723 loquendum.
935 641 1028 722 Ergo
1042 641 1099 722 qui
1124 639 1211 704 labia
1235 641 1396 704 inmunda
1417 641 1528 720 babet,
1543 662 1610 707 nou
1627 653 1738 726 potest
1761 665 1835 726 pro-

484 745 631 828 phetare,
647 764 713 810 non
731 755 842 827 potest
867 746 954 808 mitti
971 746 1003 808 in
1020 745 1216 828 obsequium
1235 745 1308 808 Dei.
1326 743 1408 810 Cum
1422 747 1613 812 carbonibus
1625 749 1836 813 desolatoriis.
1912 744 1915 748 ’

483 849 622 914 Utinam
646 859 832 931 praestetur
847 849 942 913 nobis
958 859 991 913 et
1002 850 1065 912 ista
1080 849 1235 925 solitudo,
1247 859 1284 912 ut
1295 851 1530 934 quodcumque
1541 852 1665 916 malum
1678 863 1729 916 est
1738 853 1837 917 tollat

482 955 524 1017 de
547 953 660 1036 lingua
692 965 824 1017 nostra:
839 963 876 1017 ut
903 953 959 1016 ubi
985 953 1102 1034 spinae
1116 962 1204 1029 sunt,
1220 953 1275 1016 ubi
1292 974 1407 1036 vepres
1422 943 1510 1033 sunt,
1525 955 1582 1020 ubi
1610 957 1734 1020 urticae
1749 968 1838 1036 sunt,

482 1059 635 1123 mittatur
657 1059 743 1141 ignis
760 1058 908 1135 Domini,
924 1067 957 1121 et
972 1059 1125 1121 universa
1140 1066 1270 1134 exurat,
1285 1067 1317 1121 et
1334 1057 1391 1122 fiat
1407 1059 1553 1124 solitudo
1569 1061 1692 1143 Xpisti.
1872 1079 1886 1134 5

524 1165 601 1228 Heu
624 1165 715 1244 milei,
730 1165 809 1246 quia
839 1163 996 1226 r'ncalatus
1017 1182 1107 1225 meas
1126 1162 1337 1244 prolongatus
1350 1172 1404 1228 est.
1422 1163 1499 1228 Hoc
1525 1177 1660 1228 sanctus
1674 1165 1764 1241 dicit,
1779 1166 1837 1248 qui

447 1251 450 1256 ⁵
483 1291 603 1352 corpus
620 1291 686 1334 non
711 1269 887 1346 desiderat,
899 1270 954 1352 qui
971 1279 1091 1331 terram
1106 1286 1171 1330 non
1184 1270 1323 1350 quaerit,
1334 1269 1392 1350 qui
1404 1269 1530 1333 caelum
1542 1270 1642 1352 cupit.
1657 1269 1735 1334 Heu
1746 1269 1839 1346 mibi,

481 1376 560 1458 quia
576 1376 740 1440 incolatus
763 1395 856 1438 meus
872 1373 1089 1456 prolongatus
1112 1381 1172 1437 est.
1188 1372 1334 1456 Quando
1349 1382 1571 1455 aegrotamus,
1586 1377 1722 1456 quando
1738 1373 1837 1436 febri-

485 1482 637 1556 citamus,
655 1477 789 1563 quando
804 1479 1012 1560 suspicamur
1027 1496 1088 1540 nos
1109 1477 1201 1550 mori,
1212 1478 1348 1558 quando
1364 1478 1527 1542 iactamus
1544 1477 1687 1554 brachia,
1699 1479 1838 1562 quando

485 1587 651 1663 timemus,
668 1586 803 1668 quando
826 1591 1039 1649 conmeatum
1064 1581 1218 1663 petimus,
1233 1580 1332 1645 istum
1361 1580 1556 1644 versiculum
1574 1601 1641 1644 non
1659 1601 1838 1663 possumus
1859 1603 1890 1640 ro

482 1690 599 1754 dicere.
629 1689 697 1752 Iste
722 1707 822 1752 sanus
849 1697 928 1763 erat,
944 1705 1010 1750 non
1035 1685 1240 1768 aegrotabat,
1255 1695 1289 1749 et
1313 1685 1392 1768 quid
1416 1685 1523 1748 dicit?
1548 1685 1625 1750 Heu
1653 1686 1743 1762 mihi,
1758 1687 1837 1768 quia

482 1794 647 1858 incolatus
672 1813 766 1857 meus
783 1792 1000 1876 prolongatus
1012 1800 1072 1854 est.
1083 1789 1253 1872 Quamdiu
1269 1790 1357 1853 enim
1372 1809 1486 1853 sumus
1497 1789 1529 1852 in
1542 1788 1835 1855 tabernaculocor·

405 1923 407 1927 ·
481 1897 570 1981 poris
595 1897 702 1974 huius,
713 1898 961 1981 peregrinamur
977 1915 997 1960 a
1014 1895 1171 1959 Domino.
1185 1895 1262 1958 Heu
1280 1893 1370 1971 mihi,
1385 1894 1462 1975 quia
1478 1893 1642 1957 incolatus
1658 1914 1752 1960 meus
1762 1917 1838 1978 pro-

484 2002 640 2084 longatus
662 2011 722 2066 est.
737 1997 901 2065 Incolatus
922 2022 1031 2066 meus:
1047 2022 1112 2066 non
1130 2001 1227 2077 dixit,
1241 2000 1406 2066 habitatio
1429 2022 1511 2068 mea.
1535 2001 1705 2066 Incolatus
1721 2021 1839 2066 meus:

482 2108 513 2170 in
526 2107 658 2171 saeculo
676 2106 764 2170 enirn
776 2107 941 2188 praesenti
953 2127 1019 2170 non
1029 2105 1514 2184 habemushabitationem,sed
1526 2107 1838 2189 peregrinationem.
1859 2127 1889 2181 ις

486 2211 587 2276 Unde
603 2221 636 2277 et
648 2213 819 2295 apostolus
832 2212 911 2276 dicit
928 2235 935 2276 :
950 2211 1075 2294 ‘Quasi
1095 2213 1244 2275 advenae
1255 2220 1288 2274 et
1299 2211 1462 2294 peregrini
1475 2211 1491 2276 '.
1507 2215 1515 2243 ‘
1532 2211 1676 2275 Aduena
1688 2233 1752 2294 ego
1761 2232 1838 2276 sum

480 2326 513 2380 et
547 2317 739 2398 peregrinus
757 2316 772 2380 ¹.
796 2317 872 2380 Heu
899 2315 989 2393 mihi,
1004 2316 1081 2397 quia
1106 2314 1269 2378 incolatus
1295 2334 1388 2378 meus
1415 2315 1632 2398 prolongatus
1659 2329 1717 2380 est.
1735 2315 1838 2398 Quod

481 2421 573 2499 dicit,
592 2419 656 2484 hoc
667 2431 726 2485 est.
740 2420 864 2484 Infelix
880 2441 953 2503 ego,
961 2421 1120 2504 quamdiu
1132 2440 1204 2483 sum
1222 2403 1254 2482 in
1273 2421 1337 2482 isto
1352 2439 1498 2501 corpore.
1512 2420 1596 2503 Quis
1613 2429 1761 2484 nostrum
1773 2421 1842 2486 hoc

483 2533 596 2606 potest
620 2526 748 2589 dicere?
765 2524 800 2590 Si
813 2526 1016 2608 octogenarii
1029 2525 1196 2600 fuerimus,
1204 2523 1362 2588 timemus
1378 2526 1460 2588 mori
1470 2545 1478 2604 ;
1489 2526 1516 2588 si
1528 2526 1710 2591 centenarii
1723 2547 1841 2590 sumus

480 2637 514 2693 et
546 2637 768 2710 aegrotamus,
784 2638 897 2693 tamen
922 2639 1145 2694 commeatum
1173 2640 1207 2694 et
1231 2630 1376 2713 spatium
1400 2630 1618 2712 postulamus.
1636 2631 1712 2695 Hoc
1727 2641 1838 2695 totum
1859 2652 1893 2690 ao

481 2753 584 2816 quare
601 2731 739 2796 iacimus
758 2734 865 2816 tquia
885 2744 1096 2816 peccatorum
1113 2755 1175 2798 nos
1190 2735 1393 2797 conscientia
1409 2736 1584 2802 remordet.
1597 2735 1729 2802 Scimus
1739 2735 1842 2818 enim,

482 2839 559 2921 quia
588 2839 614 2901 si
633 2839 826 2904 recedamus
849 2840 891 2903 de
906 2859 1053 2924 corpore,
1069 2860 1135 2902 non
1162 2840 1247 2903 imus
1263 2841 1305 2903 ad
1323 2839 1491 2922 Xpistum,
1506 2842 1564 2905 sed
1581 2843 1624 2906 ad
1640 2841 1844 2930 gehennam.

484 2941 670 3024 Apostolus
701 2944 781 3024 quid
807 2943 914 3007 dicit?
937 2943 1069 3026 ‘Cupio
1093 2943 1228 3007 dissolvi
1256 2953 1289 3007 et
1312 2963 1383 3006 esse
1410 2964 1485 3007 cum
1503 2944 1627 3028 Xpisto
1642 2945 1658 3009 ⁸.
1675 2946 1730 3009 Da
1756 2945 1841 3010 mihi

482 3047 704 3123 securitatem,
721 3047 800 3129 quia
817 3056 893 3130 post
910 3057 1051 3111 mortem
1064 3047 1193 3111 iuturus
1209 3066 1281 3111 sum
1299 3066 1374 3110 cum
1392 3046 1635 3130 Xpisto,etiam
1653 3069 1741 3112 nunc
1754 3051 1841 3114 mori

482 3151 588 3234 cupio
601 3151 692 3233 Ergo
714 3151 776 3214 iste
789 3152 865 3234 quia
876 3161 1010 3215 sanctus
1022 3161 1080 3228 est,
1090 3161 1265 3233 propterea
1277 3151 1357 3214 dicit
1372 3173 1378 3214 :
1391 3150 1468 3214 Heu
1481 3151 1571 3229 mihi,
1580 3153 1659 3235 quia
1675 3152 1842 3218 incolatus
1860 3175 1891 3227 25

484 3274 578 3318 meus
600 3255 818 3338 prolongatus
834 3267 892 3320 est.
907 3255 1075 3319 Habitari
1086 3275 1158 3318 cum
1175 3253 1399 3318 habitantibus
1416 3253 1529 3320 Cedar.
1545 3255 1654 3321 Cedar
1676 3257 1708 3320 in
1724 3257 1841 3339 lingua

483 3367 595 3421 nostra
617 3359 853 3441 interpretatur
868 3359 1032 3423 tenebrae.
1048 3358 1137 3423 Vide
1153 3379 1231 3440 ergo
1247 3359 1327 3442 quid
1344 3359 1442 3423 dicat.
1460 3360 1498 3422 In
1516 3359 1606 3442 quali
1620 3361 1694 3425 loco
1706 3367 1839 3426 sumus?

483 3461 517 3525 in
545 3461 634 3544 quali
662 3463 789 3526 mundo
813 3467 952 3526 sumus?
970 3462 1131 3526 Habitavi
1155 3482 1231 3526 curn
1258 3461 1488 3526 babitantibus
1515 3461 1630 3528 Cedar.
1649 3463 1715 3529 Diu
1740 3464 1786 3530 lui
1803 3467 1839 3530 in

516 3660 531 3712 3
538 3653 693 3716 praestetur]
705 3657 817 3714 praestet
836 3651 865 3702 C.
966 3664 982 3710 4
1001 3650 1107 3712 urticae]
1126 3648 1216 3699 articae
1234 3650 1264 3710 B,
1279 3650 1298 3698 P
1314 3664 1378 3700 corr.
1479 3665 1495 3714 9
1514 3652 1626 3720 brachia]
1643 3653 1760 3705 araer'aC
1769 3669 1836 3706 corr.

487 3743 516 3780 ιο
526 3732 691 3793 carmentem]
704 3733 723 3780 P
736 3749 742 3792 3
754 3740 888 3782 comeatum
901 3733 959 3783 BCI
969 3751 976 3792 3
988 3739 1148 3800 ramaneaturn
1161 3749 1188 3795 μ.
1271 3743 1297 3780 11
1311 3730 1382 3792 dicit]
1391 3733 1484 3783 dicebat
1495 3751 1515 3798 μ
1526 3751 1533 3793 ;
1545 3735 1653 3785 dicebare
1667 3737 1693 3786 S.
1778 3737 1840 3788 Here

483 3811 643 3874 mitificent
654 3813 675 3862 C
687 3829 750 3862 corr.
855 3825 883 3874 14
894 3811 973 3872 dixit]
984 3829 1034 3864 om.
1050 3813 1076 3864 S.
1178 3813 1419 3881 mea]pinser.sea.
1524 3819 1796 3883 r9sremus]freere'mus
1809 3821 1838 3872 S.

482 3907 515 3944 20
529 3900 701 3961 commeatum]
719 3900 854 3968 comeatum
873 3895 926 3972 BC.
1027 3895 1058 3945 26
1080 3897 1169 3960 cedar]
1190 3897 1287 3946 Caedar
1297 3895 1373 3950 BCP.
1473 3910 1504 3962 27
1516 3900 1590 3964 quali
1599 3900 1657 3962 Iaca]
1674 3904 1748 3966 quate
1764 3903 1782 3954 l.
1797 3903 1840 3965 B,

481 3991 530 4041 qua
541 3977 558 4026 l.
574 3976 621 4040 μδ.

526 4137 569 4194 13.
587 4138 606 4177 α
620 4116 763 4199 Damr'na]
780 4137 796 4178 2
813 4119 882 4180 Cor.
900 4137 926 4197 5,
944 4121 971 4180 6.
1186 4119 1262 4179 tibus
1293 4122 1394 4194 Cedar,
1424 4124 1548 4183 rneltum
1570 4128 1760 4202 peregrinata
1796 4139 1843 4190 est

526 4201 572 4260 16.
587 4207 615 4259 et
621 4196 787 4280 peregrim]
807 4220 818 4258 1
838 4201 914 4260 Petr.
934 4221 959 4274 a,
980 4221 1024 4261 rr.
1186 4203 1288 4261 aniene
1303 4223 1371 4263 mea.
1389 4204 1419 4264 Si
1434 4205 1534 4266 Cedar
1556 4208 1696 4270 tenebrae
1714 4222 1791 4283 sunt,
1808 4224 1839 4272 et

526 4299 569 4356 17·
580 4279 765 4362 peregrinus]
783 4283 831 4342 Ps.
847 4286 894 4358 38,
914 4303 958 4358 13.
989 4357 991 4361 ,
1187 4285 1317 4344 mundus
1343 4283 1398 4346 iste
1426 4299 1495 4346 sunt
1520 4287 1661 4350 tenebrae
1676 4291 1682 4318 ’
1697 4303 1765 4365 etc;
1789 4311 1838 4371 ep.

524 4383 538 4420 2
544 4383 569 4438 3.
587 4383 649 4422 crem
670 4359 786 4444 Xpista]
802 4363 930 4440 Philipp.
950 4384 974 4436 r,
993 4384 1039 4439 ²3·
1190 4365 1255 4438 108,
1272 4385 1297 4424 n.
1320 4385 1332 4424 1
1352 4370 1448 4427 ‘voce
1463 4387 1580 4444 semper
1595 4369 1839 4450 flebiliquereba·

525 4462 571 4518 27.
597 4447 809 4523 interpretatur
835 4442 976 4526 tenebrae]
1006 4443 1130 4506 Hieron.
1186 4457 1231 4503 tur
1242 4447 1345 4506 dicens
1356 4448 1423 4507 Heu
1434 4450 1514 4521 rrer'let',
1526 4453 1837 4529 qur‘aperegn'natta...

482 4543 528 4600 ep.
547 4545 594 4602 39,
612 4545 639 4585 n.
658 4547 675 4604 3
692 4531 698 4557 ‘
716 4528 780 4600 Illa,
793 4524 842 4586 illa
858 4546 913 4586 nos
927 4526 1038 4602 cupido
1054 4543 1131 4586 tene·
1184 4529 1286 4586 antina
1310 4548 1378 4587 mea.
1397 4531 1463 4589 Nec
1477 4532 1585 4590 mirum
1599 4532 1624 4591 si
1648 4535 1792 4611 planxerit
1807 4555 1841 4598 se

482 4617 511 4664 nt
523 4608 608 4668 :Hei
620 4611 696 4668 mr'lri
706 4609 775 4686 quia
786 4609 980 4684 peregrinatio
995 4629 1057 4668 mea
1067 4619 1131 4686 pra·
1184 4608 1291 4668 versari
1307 4609 1336 4668 in
1352 4610 1492 4685 tenebris,
1508 4614 1566 4674 hoc
1587 4611 1667 4674 enim
1683 4615 1782 4678 Cedar
1796 4615 1840 4678 in·

481 4688 600 4766 largata
615 4697 687 4748 esta
702 4710 752 4764 me,
768 4691 902 4750 habitari
923 4709 986 4749 cum
999 4691 1131 4750 habitan·
1183 4702 1395 4768 terpretatur...
1413 4694 1420 4720 '
