4092 5502
570 407 825 470 Tnacrnrus
847 409 905 468 on
928 408 1095 471 rsnnno
1117 408 1255 472 cxnvr.
1510 406 1589 492 297

278 625 327 690 Et
348 627 408 692 dat
430 629 584 694 iumentis
609 651 712 694 escam
737 629 887 712 ipsorum.
916 630 1087 714 Scriptura
1103 630 1166 694 ista
1194 651 1295 714 quarn
1323 631 1473 715 legimus,
1489 652 1589 716 quam

238 739 426 810 tractamus,
450 729 552 818 quam
579 733 741 798 habemus
769 737 802 800 in
830 735 993 813 manibus,
1010 739 1142 799 montes
1167 735 1344 814 dicuntnr;
1361 735 1393 800 in
1420 736 1590 820 scripturis

240 854 333 898 mons
359 848 497 902 vocatur
513 837 696 914 Abraham,
713 859 809 904 mons
836 849 974 905 vocatur
1003 840 1106 916 Isaac,
1122 859 1219 903 mons
1244 838 1443 916 Hieremias,
1459 848 1590 905 montes

238 939 344 1002 sancti
369 941 561 1025 prophetae.
579 942 714 1006 Montes
739 943 792 1009 isti
818 943 943 1008 habent
970 951 1004 1007 et
1032 942 1206 1018 frumenta,
1221 940 1346 1006 habent
1362 951 1396 1008 et
1412 941 1534 1008 lenum.
1552 943 1589 1010 Si

204 1062 220 1117 5
238 1038 338 1107 homo
353 1063 399 1120 es,
408 1045 532 1127 accipis
544 1046 588 1108 ab
598 1045 678 1128 ipsis
691 1045 894 1112 frumentum
909 1047 955 1112 :si
968 1067 1068 1130 pecus
1080 1067 1125 1124 es,
1137 1044 1249 1110 fenum
1262 1045 1410 1129 accipis‘
1425 1046 1590 1135 Homines

237 1151 270 1206 et
294 1144 444 1212 iumenta
468 1147 578 1215 salvos
605 1149 706 1214 facies
734 1151 879 1215 Domine
896 1151 911 1214 '.
936 1151 972 1216 Si
990 1151 1173 1215 iumentum
1202 1169 1246 1226 es,
1262 1147 1375 1213 lenum
1402 1149 1525 1234 accipis
1540 1171 1547 1228 ;
1563 1151 1590 1214 si

238 1248 340 1314 homo
355 1270 400 1327 es,
412 1251 615 1317 immeritum
633 1255 756 1338 accipis
771 1278 778 1318 :
793 1256 976 1319 secundum
990 1253 1090 1318 tidem
1100 1263 1192 1318 tuam
1203 1253 1349 1318 salvaris.
1360 1251 1427 1335 Qui
1437 1254 1591 1336 producit

237 1351 271 1414 in
288 1354 458 1418 montibus
475 1354 598 1434 lenum,
614 1365 646 1421 et
663 1357 722 1421 dat
738 1358 895 1422 iumentis
911 1377 1023 1422 escam
1040 1357 1197 1440 ipsorum.
1215 1357 1250 1422 Si
1266 1356 1369 1420 homo
1384 1376 1428 1434 cs,
1440 1357 1473 1420 in
1489 1358 1590 1440 scrip-

238 1456 319 1520 turis
331 1459 455 1523 sanctis
470 1461 592 1544 accipis
608 1460 791 1542 spiritalem
809 1461 1070 1544 intellegentiam
1087 1485 1094 1525 :
1109 1463 1137 1524 si
1148 1462 1333 1525 iumentum
1351 1479 1395 1537 es,
1407 1461 1589 1526 secundum

190 1587 221 1626 ιο
238 1558 381 1624 litteram
399 1583 491 1626 more
508 1563 654 1630 ludaico.
671 1565 757 1629 Rem
783 1585 941 1648 magnam
958 1567 1064 1630 video.
1081 1566 1183 1642 Deus,
1199 1565 1255 1649 qui
1281 1565 1382 1628 tantis
1406 1565 1591 1647 praeconiis

237 1665 458 1732 conlaudatus
482 1677 542 1746 est,
557 1669 732 1735 deducitur
748 1670 790 1733 ad
806 1668 931 1746 viliora,
946 1679 980 1732 et
995 1669 1134 1734 dicitur:
1152 1667 1311 1750 Etpullis
1324 1688 1491 1732 tomorum
1502 1669 1591 1734 invo-

238 1769 385 1834 cantibus
406 1793 487 1838 eurn.
500 1773 537 1838 Si
552 1775 596 1838 de
611 1773 728 1839 avibus
743 1773 877 1852 diceret,
893 1773 1000 1856 magis
1015 1773 1143 1856 aquilas
1159 1772 1348 1838 nominaret
1362 1782 1421 1837 aut
1435 1773 1591 1840 vultures.

240 1873 287 1938 Et
301 1876 400 1957 pullis
426 1897 599 1942 corvorum
625 1878 857 1944 invocantibus
872 1898 961 1942 eum.
979 1877 1082 1942 Nulla
1107 1876 1173 1942 alia
1198 1879 1270 1941 avis
1294 1887 1513 1960 nuncupatur,
1530 1881 1592 1944 nisi

239 1978 321 2060 pulli
345 2000 543 2060 corvorum;
568 1992 601 2046 et
629 2003 696 2047 non
724 1982 786 2065 ipsi
812 1983 911 2060 corvi,
935 1983 994 2046 sed
1028 1981 1108 2066 pulli
1134 2001 1318 2048 corvorum.
1344 1981 1421 2046 Non
1447 1982 1594 2048 salvatur

190 2109 220 2164 ις
239 2102 366 2160 corvus,
380 2084 439 2148 sed
468 2085 578 2168 pullus
593 2087 649 2170 qui
676 2087 719 2151 de
745 2107 786 2152 eo
803 2096 974 2152 natusest.
993 2086 1064 2152 Nos
1092 2084 1172 2169 pulli
1198 2106 1371 2150 corvorum
1399 2105 1536 2151 sumus:
1551 2087 1594 2150 de

239 2187 434 2269 parentibus
443 2189 532 2252 enim
543 2189 694 2255 idolatris
705 2192 878 2256 nascimur.
892 2191 1051 2274 Legimus
1062 2191 1094 2254 in
1106 2189 1297 2267 Salomone,
1306 2189 1466 2272 quoniam
1478 2190 1594 2255 oculus

241 2290 296 2372 qui
314 2290 434 2356 inridet
446 2299 575 2374 patrem
601 2303 634 2358 et
650 2315 838 2360 sennonem
856 2295 979 2373 matris,
994 2292 1155 2359 effodiant
1171 2312 1247 2357 eum
1264 2293 1353 2356 corvi
1376 2292 1420 2356 de
1435 2292 1593 2356 convalli-

241 2393 312 2460 bus,
328 2394 406 2458 Non
418 2395 516 2474 dixit,
531 2396 613 2480 pulli
629 2419 812 2476 corvorum,
827 2400 886 2464 sed
900 2399 962 2482 ipsi
975 2398 1073 2463 corvi.
1084 2399 1151 2483 Qui
1164 2401 1253 2464 enim
1270 2419 1388 2464 corvus
1403 2409 1464 2476 est,
1474 2399 1593 2464 salvari

241 2516 308 2562 non
324 2507 445 2582 potest.
461 2501 587 2565 Corvus
603 2504 646 2566 de
662 2523 738 2568 arca
762 2503 952 2581 dimittitur,
967 2513 1000 2567 et
1019 2523 1084 2568 non
1113 2503 1295 2568 revertitur.
1319 2503 1357 2567 ln
1374 2501 1501 2568 diluvio
1516 2522 1593 2568 cum

190 2637 223 2674 ω
240 2604 357 2668 ceteris
384 2615 457 2670 est:
480 2615 557 2688 post
587 2607 749 2672 diluvium
775 2609 807 2672 in
835 2607 993 2672 felicitate
1018 2610 1184 2692 proicitur,
1211 2612 1274 2676 hoc
1290 2621 1350 2688 est,
1377 2631 1417 2676 eo
1445 2620 1595 2692 ternpore

241 2706 376 2788 quando
391 2707 613 2790 tranquillitas
638 2721 698 2788 est,
714 2731 780 2776 non
797 2722 908 2795 potest
928 2733 1000 2777 esse
1017 2715 1050 2777 in
1076 2735 1153 2780 arca
1170 2717 1243 2782 Dei.
1260 2716 1297 2780 Si
1313 2716 1449 2798 quando
1466 2723 1593 2796 tempe-

239 2823 310 2878 stas
325 2824 384 2891 est,
399 2817 425 2878 si
443 2819 579 2898 quando
601 2817 773 2898 diluvium,
793 2839 911 2885 corvus
927 2821 960 2885 in
978 2823 1090 2886 medio
1116 2830 1186 2884 est:
1213 2817 1435 2901 tranquillitas
1452 2817 1545 2895 redit,
1561 2828 1595 2882 et

240 2937 358 2982 corvus
373 2919 469 3002 sugit.
484 2919 551 3003 Qui
578 2934 656 2988 sunt
683 2925 736 2989 isti
761 2924 949 3007 corvilqui
967 2935 1045 2988 sunt
1073 2924 1153 3008 pulli
1180 2922 1382 2988 corvorum?
1410 2921 1486 3004 Ego
1512 2930 1594 3003 puto

240 3043 357 3088 corvos
373 3023 458 3107 nigri
474 3026 602 3104 coloris,
617 3027 673 3110 qui
689 3048 820 3111 semper
845 3038 1089 3112 persequuntur
1114 3031 1277 3095 cadavera
1305 3037 1522 3105 mortuorum,
1538 3028 1594 3110 qui

190 3159 222 3213 25
242 3146 380 3210 semper.
388 3148 469 3193 voce
485 3132 678 3195 raucissima
704 3134 795 3196 rixas
821 3145 1017 3216 conparant,
1032 3135 1213 3199 daemones
1229 3153 1302 3198 esse
1315 3155 1322 3213 ;
1337 3142 1372 3197 et
1394 3132 1597 3216 quicumque

241 3229 461 3296 daemonibus
477 3235 659 3314 servierint,
674 3237 769 3302 iuxta
796 3257 913 3301 corvos
938 3248 972 3302 et
988 3239 1050 3321 ipsi
1067 3240 1211 3305 colorem
1228 3258 1401 3304 corvorum
1419 3239 1596 3321 accipiunt.

244 3336 352 3420 igitur
367 3339 470 3403 nostri
487 3350 651 3423 parentes,
666 3343 751 3406 sicut
767 3342 833 3406 iam
851 3342 1010 3423 diximus,
1022 3343 1078 3426 qui
1095 3343 1192 3408 idolis
1208 3343 1396 3408 serviebant
1412 3351 1446 3407 et
1461 3345 1597 3407 daemo-

243 3441 350 3518 nibus,
365 3443 454 3506 corvi
470 3456 572 3510 erant.
590 3445 667 3509 Non
683 3447 771 3510 enim
789 3447 1004 3513 inveniuntur
1020 3447 1081 3511 nisi
1100 3448 1156 3512 ubi
1172 3449 1335 3512 cadavera
1355 3456 1389 3511 et
1406 3445 1545 3511 inluvies
1564 3453 1598 3508 et

244 3547 402 3629 spurcitia
413 3557 449 3612 et
464 3550 625 3614 cadavera
642 3560 856 3616 mortuorum.
874 3553 946 3616 Nos
962 3573 1040 3616 vero
1057 3551 1112 3635 qui
1129 3551 1171 3614 de
1187 3551 1293 3615 corvis
1310 3549 1379 3615 nati
1395 3570 1519 3626 sumus,
1530 3568 1595 3612 non

278 3721 439 3786 rseriptura]
458 3724 611 3786 scripturam
632 3725 663 3774 G.
764 3724 893 3786 amentes]
912 3723 933 3773 C
955 3731 1035 3774 mutat
1048 3722 1074 3773 in
1086 3737 1171 3782 ntorn3
1190 3722 1313 3770 urentibus
1326 3721 1365 3781 B;
1387 3718 1402 3786 β
1421 3719 1494 3769 inser.
1508 3719 1596 3769 suncti.

241 3803 374 3865 dicuntur]
391 3804 488 3852 dieitur
507 3805 600 3854 Czrn.
615 3821 670 3870 sup.
684 3804 728 3856 lin.
829 3819 844 3866 4
865 3812 889 3854 tt
900 3801 1047 3868 frutrrrenta]
1066 3804 1257 3869 etsneurenturn
1269 3803 1299 3853 C.
1400 3800 1600 3864 dralvosjircies]

241 3887 349 3936 rabelis
361 3887 391 3937 C.
475 3885 665 3950 9sanctr'slom.
680 3889 712 3939 G.
806 3901 833 3938 12
846 3888 944 3949 avibus]
958 3887 973 3956 β
986 3888 1060 3939 inser.
1074 3889 1143 3938 caeli.
1234 3886 1385 3947 nontinaret]
1396 3885 1547 3934 nominasset
1558 3881 1598 3950 βΙ.

241 3966 367 4027 vultures]
377 3969 484 4020 vultures
496 3971 527 4020 C.
616 3970 832 4035 14pulli1pullus
844 3967 869 4035 β
957 3970 986 4018 16
998 3969 1147 4030 idolatrisll
1159 3965 1508 4035 3irlololutri533idolatn'ae
1520 3967 1598 4016 BCG.

246 4065 273 4116 17
285 4049 390 4112 inridet]
402 4054 467 4102 ridel
478 4053 507 4102 B.
583 4065 615 4101 2ο
626 4052 792 4115 infelicitate]
808 4053 861 4112 BG,
872 4053 894 4103 C
909 4065 919 4101 1
933 4068 976 4112 m;
990 4053 1018 4100 in
1031 4051 1202 4116 infelicitatem
1216 4049 1231 4117 β
1241 4069 1248 4112 3
1260 4052 1289 4100 in
1301 4051 1447 4115 infelicitate
1459 4049 1479 4098 C
1489 4064 1544 4114 sup.
1554 4047 1597 4099 lin.

243 4148 270 4183 2ι
293 4141 420 4199 terrtpestar
436 4141 479 4194 ert,
500 4135 524 4183 si
542 4129 651 4197 quando]
670 4149 720 4183 om.
736 4130 760 4200 β.
862 4145 892 4182 22
911 4133 1008 4194 corvus]
1028 4141 1115 4198 corpus
1136 4130 1160 4196 β.
1268 4131 1344 4193 redit]
1361 4131 1438 4180 rediit
1458 4131 1487 4190 B,
1501 4129 1523 4179 C
1535 4145 1598 4180 corr.

243 4230 273 4281 25
285 4213 444 4283 quicumque]
455 4219 503 4283 qui
511 4233 568 4266 cum
580 4218 613 4267 G.
714 4213 745 4264 28
756 4214 876 4264 cadavera
886 4213 920 4274 et]
931 4231 980 4265 orn.
997 4213 1020 4280 β.
1123 4212 1242 4274 inluvies]
1255 4213 1293 4273 B;
1313 4212 1413 4261 illuvies
1426 4209 1459 4272 53
1477 4211 1602 4274 ingluvies

243 4300 279 4350 CI
283 4337 290 4363 ,
303 4300 428 4365 ingluuiis
440 4301 472 4351 G.
575 4311 607 4361 29
617 4296 751 4364 spurcitia]
762 4297 897 4362 spurcitiae
910 4296 931 4346 1.
1033 4296 1200 4357 ritortnorurn]
1213 4295 1228 4362 β
1240 4295 1300 4346 add.
1304 4294 1418 4358 steerint.

283 4447 310 4504 6.
327 4439 465 4523 Domine]
482 4443 528 4501 Ps.
545 4458 592 4518 35,
612 4457 636 4513 7.
946 4457 1011 4499 mus
1026 4439 1065 4499 de
1080 4436 1266 4498 idololatriae
1281 4455 1378 4498 errore
1392 4435 1516 4497 venisse.
1531 4438 1601 4496 Non

286 4546 297 4585 1
303 4543 328 4603 5.
341 4525 375 4584 tle
378 4524 550 4602 perennius
560 4543 581 4582 e.
591 4523 725 4582 idolatris
735 4516 892 4600 nascrinur]
945 4519 1025 4580 enirn
1052 4517 1208 4591 nascimur,
1239 4519 1292 4579 sed
1315 4517 1497 4578 renascimur
1519 4517 1602 4581 Chri·

243 4607 368 4668 Hieron.
384 4619 488 4667 contra
502 4604 639 4683 Vigilant.
657 4623 684 4663 n.
703 4620 717 4676 7
737 4604 827 4662 ‘Non
841 4601 894 4661 dil·
945 4600 1032 4662 stiani
1046 4601 1062 4661 ³.

242 4690 335 4763 fiteor,
350 4705 455 4750 omnes
471 4706 526 4749 nos
540 4685 591 4764 qui
617 4683 647 4744 in
669 4683 788 4746 Christo
802 4683 894 4744 credi·
990 4701 1034 4759 17·
1051 4684 1084 4742 de
1092 4673 1279 4762 convallibus]
1296 4683 1380 4742 Prov.
1395 4701 1441 4760 30,
1462 4697 1505 4757 17.

293 4819 405 4863 Amcdota
413 4815 563 4860 Maredsolana
573 4815 618 4868 111,
628 4829 647 4856 a.
1505 4814 1529 4862 38
