4160 5500
614 461 870 524 anscausus
893 460 939 520 ru
963 457 1092 520 unae.
1116 455 1171 525 x1,
1198 469 1292 530 1547.
1547 420 1630 530 363

272 708 371 770 quaen
398 707 458 750 uus
478 695 541 768 per
564 684 724 767 templum.
751 683 803 748 Eo
818 693 969 767 tempore
995 682 1028 744 in
1055 677 1178 744 carnali
1202 673 1329 758 templo
1346 693 1412 738 non
1439 669 1629 736 dimittebat

275 794 348 858 lerri
365 813 445 858 vas:
465 801 499 857 et
525 789 625 855 hodie
645 799 770 872 quanta
792 789 823 852 in
841 787 969 872 templo
985 787 1050 851 Dei
1066 805 1145 850 vasa
1170 791 1340 848 morantur
1366 779 1553 844 inmunda?
1578 775 1630 839 Eo

275 907 426 981 tempore
455 895 621 960 transferri
653 913 718 957 non
748 893 868 957 licebat
896 913 984 968 vasa,
1010 901 1042 956 et
1070 909 1137 954 non
1166 888 1246 954 dicit
1273 886 1444 963 inmunda,
1468 885 1525 948 sed
1550 903 1630 947 vasa

275 1022 507 1086 quaecumque
531 1000 726 1086 simpliciter
753 999 956 1084 nuncupavit
972 1023 980 1063 :
996 1017 1083 1062 nunc
1099 1015 1178 1061 vero
1200 1001 1326 1078 quanta
1351 1011 1431 1056 vasa
1459 999 1629 1054 morantur

239 1120 252 1174 5
274 1106 495 1172 intrinsecus?

323 1211 491 1294 Scriptum
514 1219 568 1286 est,
594 1210 725 1292 inquit:
740 1213 868 1276 Doruus
893 1231 964 1274 uren
986 1209 1101 1272 damus
1114 1203 1272 1270 orationis
1297 1200 1464 1266 uocabitur
1483 1197 1630 1263 amnibus

273 1316 432 1398 gentibus.
451 1317 527 1381 Hoc
556 1316 587 1378 in
605 1315 767 1398 propheta
793 1315 922 1398 legitur.
948 1315 1009 1378 Vos
1023 1323 1130 1378 aretem
1138 1309 1268 1393 feristis
1293 1327 1364 1372 earn
1379 1306 1558 1389 speluncam
1581 1302 1628 1366 la·

275 1429 412 1486 tronum.
429 1420 460 1486 O
478 1419 705 1484 infelicitatem
723 1411 881 1498 nostram,
898 1441 918 1483 o
936 1440 995 1484 nos
1019 1418 1111 1482 omni
1127 1414 1336 1480 lacrimarum
1355 1411 1447 1475 sonte
1468 1409 1628 1492 plangen-

271 1526 356 1589 dos!
383 1527 514 1589 Domus
543 1525 607 1588 Dei
635 1523 723 1589 sacta
751 1534 801 1590 est
819 1526 978 1609 spelunca
994 1525 1170 1588 latronum.
1200 1520 1269 1582 Ista
1286 1524 1336 1580 est
1352 1514 1482 1594 domus,
1497 1513 1540 1578 de
1562 1531 1629 1596 qua

223 1646 253 1682 ¹0
272 1629 392 1694 dicitur
408 1630 440 1693 in
461 1627 652 1694 Hieremia:
667 1632 674 1661 ¹
699 1628 871 1713 Numquid
889 1630 1048 1713 spelunca
1070 1627 1223 1710 hyaenae
1239 1623 1326 1686 facta
1343 1629 1392 1685 est
1409 1621 1529 1684 domus
1553 1636 1627 1681 mea

273 1733 396 1798 mihte'
415 1732 515 1817 Quod
542 1733 596 1796 hic
612 1733 740 1810 dicitur,
766 1735 839 1798 Vos
856 1743 966 1798 autem
996 1733 1210 1797 fecistiseam
1241 1727 1434 1810 speluncam
1452 1724 1628 1798 latronum,

273 1839 337 1903 hoc
352 1849 413 1917 est,
436 1839 575 1904 domurn
601 1857 735 1904 meam:
753 1840 784 1903 in
817 1840 989 1905 Hieremia
1013 1839 1141 1914 dicitur,
1157 1833 1315 1916 spelunca
1330 1830 1490 1913 hyaenae.
1516 1826 1627 1892 Debe-

272 1965 349 2010 mus
365 1966 463 2010 nosse
480 1952 632 2010 naturam
661 1945 814 2009 animalis
832 1945 935 2011 istius.
951 1947 1007 2010 Ex
1025 1952 1143 2008 natura
1159 1940 1247 2004 enim
1264 1934 1391 2000 bestiae
1406 1935 1490 1998 scire
1506 1931 1627 2016 poteri·

272 2071 355 2129 mus,
371 2071 471 2135 quare
488 2049 655 2115 vocaverit
670 2049 812 2115 domurn
831 2051 1000 2134 quondam
1014 2049 1087 2126 Dei,
1103 2045 1295 2131 speluncam
1306 2041 1467 2124 hyaenae.
1481 2039 1628 2122 Hyaena

220 2169 249 2222 1⁵
270 2175 454 2239 numquam
472 2155 601 2220 videtur
618 2153 650 2217 in
676 2154 740 2228 die,
757 2155 815 2220 sed
840 2176 971 2238 semper
987 2155 1019 2218 in
1037 2151 1191 2218 noctibus
1210 2165 1417 2228 :numquam
1444 2143 1576 2209 videtur
1593 2141 1625 2206 in

268 2258 351 2338 luce,
366 2261 423 2325 sed
442 2279 572 2341 semper
589 2258 620 2320 in
638 2259 794 2325 tenebris.
813 2259 858 2323 Et
873 2259 961 2323 hanc
982 2267 1135 2324 naturam
1152 2255 1263 2330 habet,
1279 2261 1315 2315 ut
1333 2249 1470 2315 effodiat
1486 2265 1625 2332 corpora

269 2348 485 2442 mortuorum,
501 2375 534 2430 et
562 2366 633 2447 ipsa
649 2364 776 2428 caedat.
795 2365 950 2448 Denique
977 2365 1003 2428 si
1020 2363 1094 2446 quis
1111 2359 1326 2442 neglegenter
1341 2354 1509 2439 sepelierit
1536 2374 1622 2418 mor-

266 2479 373 2546 tuum,
397 2469 514 2534 effodit
538 2478 644 2545 nocte,
669 2477 702 2532 et
727 2469 815 2533 tollit
842 2489 971 2553 corpus,
998 2478 1032 2533 et
1055 2466 1222 2532 comedit:
1247 2463 1449 2546 ubicumque
1470 2460 1622 2544 sepulcra

268 2583 355 2650 sunt,
379 2573 580 2657 ubicumque
604 2593 680 2636 ossa
697 2583 902 2638 mortuorum
932 2584 1019 2650 sunt,
1036 2573 1081 2638 ibi
1097 2571 1204 2637 cubile
1220 2567 1373 2650 hyaenae
1390 2575 1448 2632 est.
1468 2567 1514 2631 Et
1537 2564 1623 2628 banc

218 2695 249 2732 ao
267 2685 419 2741 naturam
447 2675 569 2742 habet:
594 2675 743 2739 maxime
759 2677 896 2742 canibus
924 2678 1118 2755 delectatur,
1133 2684 1167 2741 et
1183 2676 1273 2759 ipsos
1301 2675 1387 2761 rapit
1415 2684 1448 2740 et
1474 2674 1622 2738 devorat.

266 2783 390 2847 Videte
405 2782 484 2863 quid
512 2783 603 2848 dicat
617 2805 624 2845 ε
640 2779 817 2862 diligenter
840 2782 1104 2848 animadvertite.
1119 2781 1273 2865 Hyaena,
1288 2780 1396 2845 bestia
1413 2780 1623 2862 sanguivora,

266 2887 374 2953 bestia
402 2908 478 2970 quae
509 2886 703 2970 corporibus
728 2885 920 2966 delectatur,
937 2887 1044 2952 bestia
1063 2907 1149 2970 quae
1176 2905 1307 2968 semper
1333 2885 1366 2947 in
1393 2895 1501 2962 nocte,
1525 2902 1620 2946 num·

265 3010 365 3074 quam
388 2990 419 3054 in
437 2990 491 3055 die
507 2999 576 3054 est:
590 3009 655 3053 non
673 2989 856 3054 delectatur
870 2992 931 3055 nisi
955 2981 1172 3057 cadaveribus
1189 2999 1395 3055 mortuorum
1413 2999 1446 3054 et
1463 2988 1622 3054 canibus:

265 3115 322 3159 eos
347 3094 416 3160 vult
441 3094 592 3159 occidere
619 3094 674 3177 qui
701 3105 833 3160 servant
855 3096 1003 3160 domurn.
1023 3097 1167 3179 Hyaena
1191 3104 1224 3159 et
1254 3093 1340 3158 hanc
1362 3093 1483 3158 dicitur
1498 3093 1621 3157 habere

215 3208 246 3262 25
266 3207 428 3275 naturam,
443 3197 522 3280 quia
542 3196 673 3272 spinam
691 3199 822 3262 unicam
847 3199 957 3278 habet,
972 3222 1059 3284 quae
1082 3199 1170 3264 flecti
1196 3217 1261 3263 non
1280 3198 1394 3280 possit.
1411 3198 1566 3281 Denique
1594 3197 1621 3259 si

264 3310 391 3365 vertere
414 3321 450 3365 se
465 3300 615 3378 voluerit,
630 3310 701 3366 tota
721 3303 929 3382 {convertitur
944 3325 951 3369 :
966 3323 1030 3368 non
1049 3313 1160 3388 potest
1181 3325 1217 3368 se
1233 3305 1374 3382 flectere,
1399 3305 1483 3368 sicut
1511 3313 1621 3368 cetera

265 3405 430 3470 animalia.
447 3405 578 3470 Videtis
603 3425 682 3489 ergo
698 3409 777 3490 quia
804 3409 867 3473 ista
893 3429 978 3492 quae
1005 3429 1138 3492 semper
1154 3410 1186 3474 ln
1203 3417 1311 3487 nocte,
1326 3429 1458 3490 semper
1474 3410 1507 3473 in
1530 3420 1619 3472 tene·

264 3509 331 3572 bris
341 3517 401 3588 est,
414 3528 596 3593 numquam
607 3512 818 3576 convertitur.
832 3513 908 3577 Hoc
925 3522 1036 3577 autem
1055 3513 1175 3576 dicitur
1185 3514 1227 3576 de
1237 3514 1466 3579 sacerdotibus
1478 3515 1620 3578 Iudaeo·

265 3635 346 3679 rum.
374 3615 536 3678 Iudaeum
565 3614 652 3677 enim
680 3613 776 3679 facile
800 3625 896 3698 potes
923 3616 1088 3681 adducere
1112 3616 1154 3681 ad
1180 3618 1421 3699 paenitentiam
1445 3620 1488 3683 de
1511 3618 1617 3701 plebe,

211 3736 246 3788 30
262 3719 306 3782 de
321 3715 548 3781 sacerdotibus
560 3737 639 3780 vero
654 3727 687 3782 et
704 3719 896 3783 doctoribus
914 3739 977 3783 non
996 3729 1111 3802 potes:
1127 3721 1285 3802 quoniam
1303 3704 1434 3806 semper
1449 3721 1618 3787 delectan-

262 3833 316 3885 tur
331 3820 547 3886 cadaveribus
572 3830 787 3900 mortuorum,
803 3843 916 3887 eorum
934 3843 1018 3906 quos
1041 3823 1243 3890 induxerint.
1262 3826 1306 3890 Et
1331 3847 1398 3890 non
1426 3825 1548 3890 sufficit
1571 3825 1618 3890 eis

299 4021 325 4072 17
337 4009 433 4070 caedat]
444 4024 463 4076 χ
475 4024 520 4074 pro
532 4008 657 4056 comedat?
756 4019 785 4055 21
799 4006 1004 4074 animadvertite]
1015 4007 1084 4056 eninr
1094 4008 1216 4058 aduertite
1227 4026 1255 4078 χ.

306 4178 331 4235 7.
348 4162 379 4221 e'n
391 4156 544 4239 propheta]
560 4159 598 4218 Is.
618 4160 664 4236 56,
681 4175 704 4232 7.
966 4166 995 4218 et
1010 4155 1080 4217 vivit
1096 4175 1187 4217 succo
1201 4178 1237 4218 ac
1262 4158 1345 4220 sanie
1359 4178 1518 4236 corporum
1544 4177 1618 4219 mor-

308 4262 350 4300 11.
368 4237 454 4321 mr'lrr]
473 4243 577 4300 Ierem.
598 4260 643 4313 12,
666 4259 684 4316 9
700 4239 779 4298 iuxta
794 4259 834 4316 gr.
966 4248 1085 4299 tuorum
1100 4238 1172 4314 ';in
1190 4239 1295 4301 Ierem.
1323 4261 1367 4313 12,
1384 4261 1402 4318 9
1419 4240 1492 4300 ‘Sin
1508 4253 1616 4314 autem,

308 4326 350 4382 16.
366 4324 413 4382 Et
425 4324 501 4381 lianc
510 4328 648 4380 naturam
660 4321 746 4379 habet
757 4317 828 4400 ete]
842 4318 914 4378 Hie·
966 4328 998 4378 ut
1013 4320 1206 4399 Septuaginta
1221 4333 1250 4380 et
1265 4320 1313 4381 alii
1339 4323 1512 4397 interpretes
1527 4333 1618 4382 trans-

262 4423 325 4464 ron.
343 4403 372 4463 in
400 4406 437 4462 is.
456 4406 504 4480 65,
530 4422 549 4475 4
575 4421 618 4479 sq.
647 4403 827 4477 ‘speluncas
850 4399 912 4461 dili·
966 4400 1105 4475 tulerunt,
1142 4403 1255 4480 legatur
1290 4405 1448 4480 Numquid
1484 4405 1617 4480 spelunca

261 4497 344 4564 gunt,
360 4504 435 4562 qnas
460 4483 602 4544 Ieremias
628 4483 754 4560 mystico
775 4500 914 4542 sermone
966 4483 1092 4558 hyaenae
1105 4483 1249 4543 heredetas
1265 4505 1327 4543 urea
1352 4485 1432 4556 enilri,
1455 4487 1617 4546 reseramus

260 4568 465 4628 condemnat:
490 4567 579 4624 Facta
613 4573 655 4624 est
680 4565 821 4624 heredetas
851 4581 912 4622 mea
963 4563 1002 4623 ad
1040 4563 1259 4625 immunditiam
1303 4579 1466 4628 nocturnae
1504 4567 1616 4629 bestiae

262 4650 340 4708 ene'iri
362 4649 451 4726 qnasi
470 4647 603 4725 spelunca
637 4647 801 4722 hyaenae...
829 4645 911 4722 quod
964 4663 1042 4721 quae
1062 4645 1131 4705 vivit
1154 4646 1348 4707 cadaveribus
1368 4661 1562 4722 mortuorum,
1587 4659 1616 4708 et

261 4729 372 4791 animal
400 4747 517 4807 semper
544 4729 688 4788 cadavera
717 4727 913 4805 prosequitur,
965 4727 1004 4786 de
1032 4727 1175 4805 sepulcris
1197 4728 1272 4790 solet
1297 4729 1429 4792 effodere
1453 4750 1578 4808 corpora
1599 4731 1615 4790 ³.
