<?xml version="1.0" encoding="UTF-8"?>
<!DOCTYPE html PUBLIC "-//W3C//DTD XHTML 1.0 Transitional//EN"
    "http://www.w3.org/TR/xhtml1/DTD/xhtml1-transitional.dtd">
<html xmlns="http://www.w3.org/1999/xhtml" xml:lang="en" lang="en">
 <head>
  <title>
</title>
<meta http-equiv="Content-Type" content="text/html;charset=utf-8" />
  <meta name='ocr-system' content='tesseract 3.04.00' />
  <meta name='ocr-capabilities' content='ocr_page ocr_carea ocr_par ocr_line ocrx_word'/>
</head>
<body>
  <div class='ocr_page' id='page_1' title='image "./commentarioliin00morigoog/commentarioliin00morigoog_0718.png"; bbox 0 0 4060 5498; ppageno 0'>
   <div class='ocr_carea' id='block_1_1' title="bbox 691 422 1557 512">
    <p class='ocr_par' dir='ltr' id='par_1_1' title="bbox 691 422 1557 512">
     <span class='ocr_line' id='line_1_1' title="bbox 691 422 1557 512; baseline 0.007 -31"><span class='ocrx_word' id='word_1_1' title='bbox 691 424 735 481; x_wconf 82' lang='lat' dir='ltr'>ru</span> <span class='ocrx_word' id='word_1_2' title='bbox 762 422 920 482; x_wconf 76' lang='lat' dir='ltr'>asnrnu</span> <span class='ocrx_word' id='word_1_3' title='bbox 948 425 1001 493; x_wconf 84' lang='lat' dir='ltr'>vr,</span> <span class='ocrx_word' id='word_1_4' title='bbox 1028 444 1082 500; x_wconf 62' lang='grc' dir='ltr'>η.</span> <span class='ocrx_word' id='word_1_5' title='bbox 1483 429 1557 512; x_wconf 88' lang='lat'>107</span> 
     </span>
    </p>
   </div>
   <div class='ocr_carea' id='block_1_2' title="bbox 146 623 1565 3610">
    <p class='ocr_par' dir='ltr' id='par_1_2' title="bbox 146 623 1563 2050">
     <span class='ocr_line' id='line_1_2' title="bbox 204 623 1561 709; baseline -0.006 -14"><span class='ocrx_word' id='word_1_6' title='bbox 204 641 238 695; x_wconf 89' lang='lat' dir='ltr'>et</span> <span class='ocrx_word' id='word_1_7' title='bbox 265 631 444 694; x_wconf 87' lang='lat' dir='ltr'>elevatum.</span> <span class='ocrx_word' id='word_1_8' title='bbox 460 624 549 709; x_wconf 82' lang='lat' dir='ltr'>Quin</span> <span class='ocrx_word' id='word_1_9' title='bbox 578 626 677 689; x_wconf 90' lang='lat' dir='ltr'>rebus</span> <span class='ocrx_word' id='word_1_10' title='bbox 704 624 875 706; x_wconf 81' lang='lat' dir='ltr'>probatur,</span> <span class='ocrx_word' id='word_1_11' title='bbox 892 623 1051 706; x_wconf 86' lang='lat' dir='ltr'>Origenis</span> <span class='ocrx_word' id='word_1_12' title='bbox 1067 625 1263 708; x_wconf 84' lang='lat' dir='ltr'>allegoriam</span> <span class='ocrx_word' id='word_1_13' title='bbox 1280 646 1342 688; x_wconf 89' lang='lat' dir='ltr'>nec</span> <span class='ocrx_word' id='word_1_14' title='bbox 1358 626 1561 709; x_wconf 84' lang='lat' dir='ltr'>elegantiam</span> 
     </span>
     <span class='ocr_line' id='line_1_3' title="bbox 203 728 1562 812; baseline -0.003 -15"><span class='ocrx_word' id='word_1_15' title='bbox 203 735 328 798; x_wconf 91' lang='lat' dir='ltr'>habere</span> <span class='ocrx_word' id='word_1_16' title='bbox 345 752 406 794; x_wconf 88' lang='lat' dir='ltr'>nec</span> <span class='ocrx_word' id='word_1_17' title='bbox 423 731 622 794; x_wconf 88' lang='lat' dir='ltr'>veritatem:</span> <span class='ocrx_word' id='word_1_18' title='bbox 647 751 713 792; x_wconf 92' lang='lat' dir='ltr'>non</span> <span class='ocrx_word' id='word_1_19' title='bbox 740 729 841 802; x_wconf 91' lang='lat' dir='ltr'>euim,</span> <span class='ocrx_word' id='word_1_20' title='bbox 857 738 894 791; x_wconf 91' lang='lat' dir='ltr'>ut</span> <span class='ocrx_word' id='word_1_21' title='bbox 925 728 980 790; x_wconf 89' lang='lat' dir='ltr'>ille</span> <span class='ocrx_word' id='word_1_22' title='bbox 1005 739 1149 794; x_wconf 88' lang='lat' dir='ltr'>testatus</span> <span class='ocrx_word' id='word_1_23' title='bbox 1174 739 1235 806; x_wconf 88' lang='lat' dir='ltr'>est,</span> <span class='ocrx_word' id='word_1_24' title='bbox 1250 729 1405 812; x_wconf 90' lang='lat' dir='ltr'>princeps</span> <span class='ocrx_word' id='word_1_25' title='bbox 1429 731 1562 794; x_wconf 88' lang='lat' dir='ltr'>animae</span> 
     </span>
     <span class='ocr_line' id='line_1_4' title="bbox 201 833 1562 915; baseline -0.003 -15"><span class='ocrx_word' id='word_1_26' title='bbox 201 839 274 901; x_wconf 91' lang='lat' dir='ltr'>eius</span> <span class='ocrx_word' id='word_1_27' title='bbox 292 846 444 900; x_wconf 91' lang='lat' dir='ltr'>mortuus</span> <span class='ocrx_word' id='word_1_28' title='bbox 459 843 518 908; x_wconf 86' lang='lat' dir='ltr'>est,</span> <span class='ocrx_word' id='word_1_29' title='bbox 535 845 568 896; x_wconf 89' lang='lat' dir='ltr'>et</span> <span class='ocrx_word' id='word_1_30' title='bbox 585 837 631 897; x_wconf 88' lang='lat' dir='ltr'>sic</span> <span class='ocrx_word' id='word_1_31' title='bbox 648 833 731 897; x_wconf 91' lang='lat' dir='ltr'>vidit</span> <span class='ocrx_word' id='word_1_32' title='bbox 748 834 912 897; x_wconf 83' lang='lat' dir='ltr'>visionem</span> <span class='ocrx_word' id='word_1_33' title='bbox 935 834 1010 908; x_wconf 90' lang='lat' dir='ltr'>Dei,</span> <span class='ocrx_word' id='word_1_34' title='bbox 1026 853 1100 896; x_wconf 89' lang='lat' dir='ltr'>cum</span> <span class='ocrx_word' id='word_1_35' title='bbox 1119 842 1195 915; x_wconf 91' lang='lat' dir='ltr'>post</span> <span class='ocrx_word' id='word_1_36' title='bbox 1218 833 1381 897; x_wconf 88' lang='lat' dir='ltr'>visionem</span> <span class='ocrx_word' id='word_1_37' title='bbox 1399 834 1562 897; x_wconf 85' lang='lat' dir='ltr'>inmunda</span> 
     </span>
     <span class='ocr_line' id='line_1_5' title="bbox 204 935 1561 1018; baseline -0.005 -13"><span class='ocrx_word' id='word_1_38' title='bbox 204 943 294 1006; x_wconf 90' lang='lat' dir='ltr'>labia</span> <span class='ocrx_word' id='word_1_39' title='bbox 311 961 347 1004; x_wconf 89' lang='lat' dir='ltr'>se</span> <span class='ocrx_word' id='word_1_40' title='bbox 362 941 485 1003; x_wconf 88' lang='lat' dir='ltr'>habere</span> <span class='ocrx_word' id='word_1_41' title='bbox 501 947 644 1003; x_wconf 86' lang='lat' dir='ltr'>testatus</span> <span class='ocrx_word' id='word_1_42' title='bbox 661 939 712 1000; x_wconf 87' lang='lat' dir='ltr'>sit.</span> <span class='ocrx_word' id='word_1_43' title='bbox 730 936 809 1000; x_wconf 90' lang='lat' dir='ltr'>Sive</span> <span class='ocrx_word' id='word_1_44' title='bbox 826 937 929 1018; x_wconf 85' lang='lat' dir='ltr'>igitur</span> <span class='ocrx_word' id='word_1_45' title='bbox 945 938 1042 1001; x_wconf 91' lang='lat' dir='ltr'>iuxta</span> <span class='ocrx_word' id='word_1_46' title='bbox 1059 937 1247 1014; x_wconf 82' lang='lat' dir='ltr'>historiam,</span> <span class='ocrx_word' id='word_1_47' title='bbox 1263 935 1333 998; x_wconf 89' lang='lat' dir='ltr'>sive</span> <span class='ocrx_word' id='word_1_48' title='bbox 1358 936 1456 1000; x_wconf 85' lang='lat' dir='ltr'>iuxta</span> <span class='ocrx_word' id='word_1_49' title='bbox 1483 935 1561 999; x_wconf 89' lang='lat' dir='ltr'>alle-</span> 
     </span>
     <span class='ocr_line' id='line_1_6' title="bbox 161 1038 1560 1126; baseline -0.001 -20"><span class='ocrx_word' id='word_1_50' title='bbox 161 1066 179 1119; x_wconf 83' lang='lat'>5</span> <span class='ocrx_word' id='word_1_51' title='bbox 202 1044 342 1126; x_wconf 83' lang='lat' dir='ltr'>goriam,</span> <span class='ocrx_word' id='word_1_52' title='bbox 359 1043 521 1104; x_wconf 88' lang='lat' dir='ltr'>mentitus</span> <span class='ocrx_word' id='word_1_53' title='bbox 537 1059 610 1103; x_wconf 90' lang='lat' dir='ltr'>esse</span> <span class='ocrx_word' id='word_1_54' title='bbox 626 1040 845 1102; x_wconf 89' lang='lat' dir='ltr'>convincitur.</span> <span class='ocrx_word' id='word_1_55' title='bbox 862 1039 951 1102; x_wconf 91' lang='lat' dir='ltr'>Vivo</span> <span class='ocrx_word' id='word_1_56' title='bbox 965 1040 1052 1102; x_wconf 92' lang='lat' dir='ltr'>enirn</span> <span class='ocrx_word' id='word_1_57' title='bbox 1073 1038 1159 1103; x_wconf 90' lang='lat' dir='ltr'>Ozia</span> <span class='ocrx_word' id='word_1_58' title='bbox 1171 1038 1254 1102; x_wconf 90' lang='lat' dir='ltr'>vidit</span> <span class='ocrx_word' id='word_1_59' title='bbox 1269 1040 1386 1104; x_wconf 90' lang='lat' dir='ltr'>Esaias</span> <span class='ocrx_word' id='word_1_60' title='bbox 1396 1040 1560 1104; x_wconf 89' lang='lat' dir='ltr'>visionem</span> 
     </span>
     <span class='ocr_line' id='line_1_7' title="bbox 202 1142 1563 1222; baseline -0.001 -12"><span class='ocrx_word' id='word_1_61' title='bbox 202 1157 319 1210; x_wconf 93' lang='lat' dir='ltr'>contra</span> <span class='ocrx_word' id='word_1_62' title='bbox 340 1147 498 1208; x_wconf 88' lang='lat' dir='ltr'>ludaeam</span> <span class='ocrx_word' id='word_1_63' title='bbox 517 1155 549 1207; x_wconf 92' lang='lat' dir='ltr'>et</span> <span class='ocrx_word' id='word_1_64' title='bbox 568 1143 760 1218; x_wconf 88' lang='lat' dir='ltr'>Ierusalem,</span> <span class='ocrx_word' id='word_1_65' title='bbox 776 1143 863 1204; x_wconf 92' lang='lat' dir='ltr'>sicut</span> <span class='ocrx_word' id='word_1_66' title='bbox 886 1143 1046 1222; x_wconf 88' lang='lat' dir='ltr'>scriptum</span> <span class='ocrx_word' id='word_1_67' title='bbox 1072 1142 1239 1222; x_wconf 85' lang='lat' dir='ltr'>legimus;</span> <span class='ocrx_word' id='word_1_68' title='bbox 1267 1154 1299 1207; x_wconf 90' lang='lat' dir='ltr'>et</span> <span class='ocrx_word' id='word_1_69' title='bbox 1325 1145 1445 1208; x_wconf 90' lang='lat' dir='ltr'>eodem</span> <span class='ocrx_word' id='word_1_70' title='bbox 1472 1164 1563 1208; x_wconf 89' lang='lat' dir='ltr'>anno</span> 
     </span>
     <span class='ocr_line' id='line_1_8' title="bbox 202 1246 1562 1332; baseline -0.002 -18"><span class='ocrx_word' id='word_1_71' title='bbox 202 1272 271 1332; x_wconf 91' lang='lat' dir='ltr'>quo</span> <span class='ocrx_word' id='word_1_72' title='bbox 287 1259 440 1312; x_wconf 90' lang='lat' dir='ltr'>mortuus</span> <span class='ocrx_word' id='word_1_73' title='bbox 456 1258 507 1313; x_wconf 87' lang='lat' dir='ltr'>est</span> <span class='ocrx_word' id='word_1_74' title='bbox 524 1247 636 1324; x_wconf 86' lang='lat' dir='ltr'>Ozias,</span> <span class='ocrx_word' id='word_1_75' title='bbox 651 1247 736 1310; x_wconf 89' lang='lat' dir='ltr'>vidit</span> <span class='ocrx_word' id='word_1_76' title='bbox 753 1246 853 1310; x_wconf 87' lang='lat' dir='ltr'>aliam</span> <span class='ocrx_word' id='word_1_77' title='bbox 872 1247 1045 1310; x_wconf 85' lang='lat' dir='ltr'>visionem.</span> <span class='ocrx_word' id='word_1_78' title='bbox 1064 1247 1169 1310; x_wconf 86' lang='lat' dir='ltr'>Porro</span> <span class='ocrx_word' id='word_1_79' title='bbox 1189 1247 1287 1310; x_wconf 86' lang='lat' dir='ltr'>iuxta</span> <span class='ocrx_word' id='word_1_80' title='bbox 1304 1247 1498 1330; x_wconf 86' lang='lat' dir='ltr'>allegoriam</span> <span class='ocrx_word' id='word_1_81' title='bbox 1514 1249 1562 1312; x_wconf 89' lang='lat' dir='ltr'>sic</span> 
     </span>
     <span class='ocr_line' id='line_1_9' title="bbox 202 1350 1562 1436; baseline -0.003 -18"><span class='ocrx_word' id='word_1_82' title='bbox 202 1375 329 1418; x_wconf 89' lang='lat' dir='ltr'>errasse</span> <span class='ocrx_word' id='word_1_83' title='bbox 354 1353 626 1436; x_wconf 87' lang='lat' dir='ltr'>deprehenditur.</span> <span class='ocrx_word' id='word_1_84' title='bbox 644 1351 828 1434; x_wconf 85' lang='lat' dir='ltr'>Quomodo</span> <span class='ocrx_word' id='word_1_85' title='bbox 853 1350 942 1412; x_wconf 92' lang='lat' dir='ltr'>enim</span> <span class='ocrx_word' id='word_1_86' title='bbox 971 1361 1122 1414; x_wconf 91' lang='lat' dir='ltr'>mortuus</span> <span class='ocrx_word' id='word_1_87' title='bbox 1153 1359 1223 1413; x_wconf 87' lang='lat' dir='ltr'>erat</span> <span class='ocrx_word' id='word_1_88' title='bbox 1250 1353 1404 1433; x_wconf 89' lang='lat' dir='ltr'>princeps</span> <span class='ocrx_word' id='word_1_89' title='bbox 1429 1353 1562 1415; x_wconf 89' lang='lat' dir='ltr'>animae</span> 
     </span>
     <span class='ocr_line' id='line_1_10' title="bbox 203 1456 1562 1537; baseline -0.004 -14"><span class='ocrx_word' id='word_1_90' title='bbox 203 1464 275 1525; x_wconf 87' lang='lat' dir='ltr'>eius</span> <span class='ocrx_word' id='word_1_91' title='bbox 302 1461 414 1537; x_wconf 84' lang='lat' dir='ltr'>Ozias,</span> <span class='ocrx_word' id='word_1_92' title='bbox 430 1481 505 1523; x_wconf 90' lang='lat' dir='ltr'>cum</span> <span class='ocrx_word' id='word_1_93' title='bbox 534 1459 644 1523; x_wconf 92' lang='lat' dir='ltr'>adhuc</span> <span class='ocrx_word' id='word_1_94' title='bbox 672 1457 760 1521; x_wconf 91' lang='lat' dir='ltr'>labia</span> <span class='ocrx_word' id='word_1_95' title='bbox 784 1457 923 1520; x_wconf 89' lang='lat' dir='ltr'>haberet</span> <span class='ocrx_word' id='word_1_96' title='bbox 948 1458 1139 1520; x_wconf 86' lang='lat' dir='ltr'>inmunda?</span> <span class='ocrx_word' id='word_1_97' title='bbox 1156 1457 1192 1522; x_wconf 91' lang='lat' dir='ltr'>Si</span> <span class='ocrx_word' id='word_1_98' title='bbox 1210 1468 1323 1520; x_wconf 92' lang='lat' dir='ltr'>autem</span> <span class='ocrx_word' id='word_1_99' title='bbox 1341 1456 1388 1519; x_wconf 91' lang='lat' dir='ltr'>illi</span> <span class='ocrx_word' id='word_1_100' title='bbox 1406 1475 1472 1518; x_wconf 91' lang='lat' dir='ltr'>non</span> <span class='ocrx_word' id='word_1_101' title='bbox 1490 1465 1562 1518; x_wconf 90' lang='lat' dir='ltr'>erat</span> 
     </span>
     <span class='ocr_line' id='line_1_11' title="bbox 146 1559 1562 1646; baseline -0.003 -21"><span class='ocrx_word' id='word_1_102' title='bbox 146 1589 182 1625; x_wconf 88' lang='grc' dir='ltr'>ιο</span> <span class='ocrx_word' id='word_1_103' title='bbox 202 1576 356 1630; x_wconf 91' lang='lat' dir='ltr'>mortuus</span> <span class='ocrx_word' id='word_1_104' title='bbox 373 1565 428 1646; x_wconf 92' lang='lat' dir='ltr'>qui</span> <span class='ocrx_word' id='word_1_105' title='bbox 446 1563 534 1627; x_wconf 88' lang='lat' dir='ltr'>labia</span> <span class='ocrx_word' id='word_1_106' title='bbox 550 1563 697 1626; x_wconf 86' lang='lat' dir='ltr'>habebat</span> <span class='ocrx_word' id='word_1_107' title='bbox 714 1561 886 1636; x_wconf 89' lang='lat' dir='ltr'>inmunda,</span> <span class='ocrx_word' id='word_1_108' title='bbox 902 1561 1076 1643; x_wconf 90' lang='lat' dir='ltr'>quomodo</span> <span class='ocrx_word' id='word_1_109' title='bbox 1094 1563 1255 1625; x_wconf 91' lang='lat' dir='ltr'>morietur</span> <span class='ocrx_word' id='word_1_110' title='bbox 1268 1571 1300 1623; x_wconf 89' lang='lat' dir='ltr'>et</span> <span class='ocrx_word' id='word_1_111' title='bbox 1314 1559 1411 1624; x_wconf 90' lang='lat' dir='ltr'>nobis</span> <span class='ocrx_word' id='word_1_112' title='bbox 1426 1560 1562 1640; x_wconf 91' lang='lat' dir='ltr'>quando</span> 
     </span>
     <span class='ocr_line' id='line_1_12' title="bbox 201 1664 1561 1747; baseline -0.001 -17"><span class='ocrx_word' id='word_1_113' title='bbox 201 1668 384 1731; x_wconf 89' lang='lat' dir='ltr'>viderimus</span> <span class='ocrx_word' id='word_1_114' title='bbox 401 1667 576 1745; x_wconf 90' lang='lat' dir='ltr'>visionem,</span> <span class='ocrx_word' id='word_1_115' title='bbox 591 1667 617 1728; x_wconf 89' lang='lat' dir='ltr'>si</span> <span class='ocrx_word' id='word_1_116' title='bbox 634 1675 710 1747; x_wconf 87' lang='lat' dir='ltr'>post</span> <span class='ocrx_word' id='word_1_117' title='bbox 727 1664 889 1727; x_wconf 89' lang='lat' dir='ltr'>visionem</span> <span class='ocrx_word' id='word_1_118' title='bbox 907 1664 1017 1728; x_wconf 88' lang='lat' dir='ltr'>adhuc</span> <span class='ocrx_word' id='word_1_119' title='bbox 1034 1664 1124 1728; x_wconf 90' lang='lat' dir='ltr'>labia</span> <span class='ocrx_word' id='word_1_120' title='bbox 1141 1665 1356 1728; x_wconf 89' lang='lat' dir='ltr'>habuerimus</span> <span class='ocrx_word' id='word_1_121' title='bbox 1375 1664 1561 1728; x_wconf 86' lang='lat' dir='ltr'>inmunda?</span> 
     </span>
     <span class='ocr_line' id='line_1_13' title="bbox 202 1767 1560 1851; baseline -0.002 -18"><span class='ocrx_word' id='word_1_122' title='bbox 202 1771 267 1834; x_wconf 89' lang='lat' dir='ltr'>Est</span> <span class='ocrx_word' id='word_1_123' title='bbox 291 1779 404 1834; x_wconf 90' lang='lat' dir='ltr'>autern</span> <span class='ocrx_word' id='word_1_124' title='bbox 433 1790 551 1832; x_wconf 89' lang='lat' dir='ltr'>sensus</span> <span class='ocrx_word' id='word_1_125' title='bbox 579 1771 785 1851; x_wconf 87' lang='lat' dir='ltr'>perspicuus,</span> <span class='ocrx_word' id='word_1_126' title='bbox 802 1769 900 1831; x_wconf 89' lang='lat' dir='ltr'>iuxta</span> <span class='ocrx_word' id='word_1_127' title='bbox 926 1767 1007 1831; x_wconf 91' lang='lat' dir='ltr'>illud</span> <span class='ocrx_word' id='word_1_128' title='bbox 1034 1769 1122 1850; x_wconf 90' lang='lat' dir='ltr'>quod</span> <span class='ocrx_word' id='word_1_129' title='bbox 1142 1768 1265 1832; x_wconf 89' lang='lat' dir='ltr'>Paulus</span> <span class='ocrx_word' id='word_1_130' title='bbox 1281 1768 1414 1851; x_wconf 84' lang='lat' dir='ltr'>scripsit</span> <span class='ocrx_word' id='word_1_131' title='bbox 1430 1791 1437 1830; x_wconf 92' lang='lat'><strong>:</strong></span> <span class='ocrx_word' id='word_1_132' title='bbox 1452 1771 1459 1800; x_wconf 89' lang='lat'>‘</span> <span class='ocrx_word' id='word_1_133' title='bbox 1474 1768 1560 1833; x_wconf 90' lang='lat' dir='ltr'>Cum</span> 
     </span>
     <span class='ocr_line' id='line_1_14' title="bbox 201 1870 1561 1952; baseline 0.001 -18"><span class='ocrx_word' id='word_1_134' title='bbox 201 1891 284 1952; x_wconf 88' lang='lat' dir='ltr'>ergo</span> <span class='ocrx_word' id='word_1_135' title='bbox 299 1872 410 1934; x_wconf 90' lang='lat' dir='ltr'>adhuc</span> <span class='ocrx_word' id='word_1_136' title='bbox 426 1882 620 1952; x_wconf 83' lang='lat' dir='ltr'>peccatores</span> <span class='ocrx_word' id='word_1_137' title='bbox 637 1891 796 1946; x_wconf 87' lang='lat' dir='ltr'>essemus,</span> <span class='ocrx_word' id='word_1_138' title='bbox 814 1870 969 1935; x_wconf 86' lang='lat' dir='ltr'>Christus</span> <span class='ocrx_word' id='word_1_139' title='bbox 986 1891 1047 1952; x_wconf 92' lang='lat' dir='ltr'>pro</span> <span class='ocrx_word' id='word_1_140' title='bbox 1064 1871 1160 1934; x_wconf 90' lang='lat' dir='ltr'>nobis</span> <span class='ocrx_word' id='word_1_141' title='bbox 1178 1883 1331 1936; x_wconf 90' lang='lat' dir='ltr'>mortuus</span> <span class='ocrx_word' id='word_1_142' title='bbox 1347 1871 1426 1938; x_wconf 87' lang='lat' dir='ltr'>est’.</span> <span class='ocrx_word' id='word_1_143' title='bbox 1451 1873 1494 1936; x_wconf 88' lang='lat' dir='ltr'>Et</span> <span class='ocrx_word' id='word_1_144' title='bbox 1518 1874 1561 1936; x_wconf 89' lang='lat' dir='ltr'>de</span> 
     </span>
     <span class='ocr_line' id='line_1_15' title="bbox 204 1973 1561 2050; baseline -0.002 -11"><span class='ocrx_word' id='word_1_145' title='bbox 204 1977 307 2039; x_wconf 88' lang='lat' dir='ltr'>Esaia</span> <span class='ocrx_word' id='word_1_146' title='bbox 330 1975 474 2037; x_wconf 86' lang='lat' dir='ltr'>dicimus</span> <span class='ocrx_word' id='word_1_147' title='bbox 496 1974 650 2036; x_wconf 91' lang='lat' dir='ltr'>similiter</span> <span class='ocrx_word' id='word_1_148' title='bbox 666 1997 673 2035; x_wconf 77' lang='grc' dir='ltr'><strong>ε</strong></span> <span class='ocrx_word' id='word_1_149' title='bbox 688 1975 715 2035; x_wconf 93' lang='lat' dir='ltr'>si</span> <span class='ocrx_word' id='word_1_150' title='bbox 733 1974 846 2037; x_wconf 91' lang='lat' dir='ltr'>adhuc</span> <span class='ocrx_word' id='word_1_151' title='bbox 862 1973 951 2038; x_wconf 90' lang='lat' dir='ltr'>labia</span> <span class='ocrx_word' id='word_1_152' title='bbox 968 1973 1115 2036; x_wconf 86' lang='lat' dir='ltr'>habebat</span> <span class='ocrx_word' id='word_1_153' title='bbox 1132 1975 1305 2050; x_wconf 86' lang='lat' dir='ltr'>inmunda,</span> <span class='ocrx_word' id='word_1_154' title='bbox 1320 1985 1353 2038; x_wconf 89' lang='lat' dir='ltr'>et</span> <span class='ocrx_word' id='word_1_155' title='bbox 1370 1976 1513 2038; x_wconf 89' lang='lat' dir='ltr'>necdum</span> <span class='ocrx_word' id='word_1_156' title='bbox 1531 1974 1561 2038; x_wconf 90' lang='lat' dir='ltr'>ei</span> 
     </span>
    </p>

    <p class='ocr_par' dir='ltr' id='par_1_3' title="bbox 147 2075 1563 2578">
     <span class='ocr_line' id='line_1_16' title="bbox 147 2075 1562 2161; baseline -0.004 -15"><span class='ocrx_word' id='word_1_157' title='bbox 147 2111 157 2146; x_wconf 86' lang='lat' dir='ltr'>r</span> <span class='ocrx_word' id='word_1_158' title='bbox 166 2107 181 2160; x_wconf 86' lang='lat'>5</span> <span class='ocrx_word' id='word_1_159' title='bbox 202 2090 354 2142; x_wconf 91' lang='lat' dir='ltr'>mortuus</span> <span class='ocrx_word' id='word_1_160' title='bbox 381 2089 450 2140; x_wconf 90' lang='lat' dir='ltr'>erat</span> <span class='ocrx_word' id='word_1_161' title='bbox 479 2077 590 2151; x_wconf 84' lang='lat' dir='ltr'>Ozias,</span> <span class='ocrx_word' id='word_1_162' title='bbox 619 2097 720 2158; x_wconf 92' lang='lat' dir='ltr'>quem</span> <span class='ocrx_word' id='word_1_163' title='bbox 754 2075 921 2158; x_wconf 84' lang='lat' dir='ltr'>Origenes</span> <span class='ocrx_word' id='word_1_164' title='bbox 948 2079 1190 2159; x_wconf 85' lang='lat' dir='ltr'>interpretatur</span> <span class='ocrx_word' id='word_1_165' title='bbox 1217 2079 1404 2161; x_wconf 90' lang='lat' dir='ltr'>principem</span> <span class='ocrx_word' id='word_1_166' title='bbox 1430 2079 1562 2142; x_wconf 90' lang='lat' dir='ltr'>animae</span> 
     </span>
     <span class='ocr_line' id='line_1_17' title="bbox 203 2180 1562 2265; baseline 0.001 -20"><span class='ocrx_word' id='word_1_167' title='bbox 203 2182 423 2265; x_wconf 87' lang='lat' dir='ltr'>prophetalis,</span> <span class='ocrx_word' id='word_1_168' title='bbox 439 2181 522 2244; x_wconf 86' lang='lat' dir='ltr'>vidit</span> <span class='ocrx_word' id='word_1_169' title='bbox 541 2180 660 2243; x_wconf 84' lang='lat' dir='ltr'>Esaias</span> <span class='ocrx_word' id='word_1_170' title='bbox 688 2200 754 2242; x_wconf 90' lang='lat' dir='ltr'>non</span> <span class='ocrx_word' id='word_1_171' title='bbox 773 2201 816 2242; x_wconf 89' lang='lat' dir='ltr'>ex</span> <span class='ocrx_word' id='word_1_172' title='bbox 841 2201 902 2242; x_wconf 92' lang='lat' dir='ltr'>suo</span> <span class='ocrx_word' id='word_1_173' title='bbox 916 2181 1035 2244; x_wconf 89' lang='lat' dir='ltr'>merito</span> <span class='ocrx_word' id='word_1_174' title='bbox 1048 2181 1108 2243; x_wconf 91' lang='lat' dir='ltr'>sed</span> <span class='ocrx_word' id='word_1_175' title='bbox 1126 2201 1171 2244; x_wconf 89' lang='lat' dir='ltr'>ex</span> <span class='ocrx_word' id='word_1_176' title='bbox 1184 2181 1362 2246; x_wconf 90' lang='lat' dir='ltr'>clementia</span> <span class='ocrx_word' id='word_1_177' title='bbox 1376 2182 1562 2247; x_wconf 88' lang='lat' dir='ltr'>Salvatoris</span> 
     </span>
     <span class='ocr_line' id='line_1_18' title="bbox 206 2285 1561 2367; baseline -0.001 -17"><span class='ocrx_word' id='word_1_178' title='bbox 206 2287 371 2350; x_wconf 88' lang='lat' dir='ltr'>visionem</span> <span class='ocrx_word' id='word_1_179' title='bbox 388 2309 396 2365; x_wconf 91' lang='lat'>;</span> <span class='ocrx_word' id='word_1_180' title='bbox 411 2297 446 2350; x_wconf 89' lang='lat' dir='ltr'>et</span> <span class='ocrx_word' id='word_1_181' title='bbox 462 2286 538 2349; x_wconf 90' lang='lat' dir='ltr'>licet</span> <span class='ocrx_word' id='word_1_182' title='bbox 555 2305 630 2348; x_wconf 90' lang='lat' dir='ltr'>eum</span> <span class='ocrx_word' id='word_1_183' title='bbox 649 2287 812 2348; x_wconf 90' lang='lat' dir='ltr'>inmunda</span> <span class='ocrx_word' id='word_1_184' title='bbox 829 2285 918 2348; x_wconf 90' lang='lat' dir='ltr'>labia</span> <span class='ocrx_word' id='word_1_185' title='bbox 945 2285 1162 2367; x_wconf 90' lang='lat' dir='ltr'>prohiberent</span> <span class='ocrx_word' id='word_1_186' title='bbox 1189 2307 1230 2350; x_wconf 88' lang='lat' dir='ltr'>ne</span> <span class='ocrx_word' id='word_1_187' title='bbox 1255 2287 1384 2351; x_wconf 88' lang='lat' dir='ltr'>videret</span> <span class='ocrx_word' id='word_1_188' title='bbox 1410 2287 1561 2351; x_wconf 90' lang='lat' dir='ltr'>divinam</span> 
     </span>
     <span class='ocr_line' id='line_1_19' title="bbox 208 2389 1563 2473; baseline 0 -19"><span class='ocrx_word' id='word_1_189' title='bbox 208 2390 508 2473; x_wconf 83' lang='lat' dir='ltr'>magnificentiam,</span> <span class='ocrx_word' id='word_1_190' title='bbox 526 2401 638 2453; x_wconf 89' lang='lat' dir='ltr'>tamen</span> <span class='ocrx_word' id='word_1_191' title='bbox 657 2390 887 2452; x_wconf 88' lang='lat' dir='ltr'>misericordia</span> <span class='ocrx_word' id='word_1_192' title='bbox 900 2389 1069 2454; x_wconf 89' lang='lat' dir='ltr'>Creatoris</span> <span class='ocrx_word' id='word_1_193' title='bbox 1085 2391 1135 2452; x_wconf 90' lang='lat' dir='ltr'>sui</span> <span class='ocrx_word' id='word_1_194' title='bbox 1149 2391 1329 2454; x_wconf 89' lang='lat' dir='ltr'>videndam</span> <span class='ocrx_word' id='word_1_195' title='bbox 1343 2411 1378 2454; x_wconf 88' lang='lat' dir='ltr'>se</span> <span class='ocrx_word' id='word_1_196' title='bbox 1392 2389 1563 2468; x_wconf 84' lang='lat' dir='ltr'>offerebat,</span> 
     </span>
     <span class='ocr_line' id='line_1_20' title="bbox 206 2494 1346 2578; baseline 0.001 -21"><span class='ocrx_word' id='word_1_197' title='bbox 206 2516 295 2578; x_wconf 90' lang='lat' dir='ltr'>quae</span> <span class='ocrx_word' id='word_1_198' title='bbox 312 2496 435 2557; x_wconf 87' lang='lat' dir='ltr'>idcirco</span> <span class='ocrx_word' id='word_1_199' title='bbox 451 2505 592 2576; x_wconf 90' lang='lat' dir='ltr'>apparet</span> <span class='ocrx_word' id='word_1_200' title='bbox 608 2494 851 2576; x_wconf 87' lang='lat' dir='ltr'>peccatoribus,</span> <span class='ocrx_word' id='word_1_201' title='bbox 867 2504 903 2555; x_wconf 90' lang='lat' dir='ltr'>ut</span> <span class='ocrx_word' id='word_1_202' title='bbox 921 2503 1060 2574; x_wconf 90' lang='lat' dir='ltr'>peccata</span> <span class='ocrx_word' id='word_1_203' title='bbox 1075 2514 1191 2558; x_wconf 89' lang='lat' dir='ltr'>eorum</span> <span class='ocrx_word' id='word_1_204' title='bbox 1209 2495 1346 2560; x_wconf 78' lang='lat' dir='ltr'>auferat.</span> 
     </span>
    </p>

    <p class='ocr_par' dir='ltr' id='par_1_4' title="bbox 149 2596 1565 3096">
     <span class='ocr_line' id='line_1_21' title="bbox 149 2596 1563 2682; baseline -0.003 -16"><span class='ocrx_word' id='word_1_205' title='bbox 149 2632 186 2666; x_wconf 85' lang='lat'>20</span> <span class='ocrx_word' id='word_1_206' title='bbox 251 2599 391 2663; x_wconf 86' lang='lat' dir='ltr'>Cessent</span> <span class='ocrx_word' id='word_1_207' title='bbox 415 2619 496 2680; x_wconf 84' lang='lat' dir='ltr'>ergo</span> <span class='ocrx_word' id='word_1_208' title='bbox 521 2597 678 2680; x_wconf 85' lang='lat' dir='ltr'>Origeois</span> <span class='ocrx_word' id='word_1_209' title='bbox 696 2596 894 2674; x_wconf 86' lang='lat' dir='ltr'>tendiculae,</span> <span class='ocrx_word' id='word_1_210' title='bbox 915 2607 948 2661; x_wconf 93' lang='lat' dir='ltr'>et</span> <span class='ocrx_word' id='word_1_211' title='bbox 965 2599 1088 2660; x_wconf 86' lang='lat' dir='ltr'>veritas</span> <span class='ocrx_word' id='word_1_212' title='bbox 1108 2609 1251 2681; x_wconf 91' lang='lat' dir='ltr'>superet,</span> <span class='ocrx_word' id='word_1_213' title='bbox 1267 2602 1443 2664; x_wconf 90' lang='lat' dir='ltr'>adversum</span> <span class='ocrx_word' id='word_1_214' title='bbox 1461 2620 1563 2682; x_wconf 92' lang='lat' dir='ltr'>quam</span> 
     </span>
     <span class='ocr_line' id='line_1_22' title="bbox 208 2701 1563 2785; baseline -0.001 -19"><span class='ocrx_word' id='word_1_215' title='bbox 208 2723 320 2766; x_wconf 89' lang='lat' dir='ltr'>rursus</span> <span class='ocrx_word' id='word_1_216' title='bbox 331 2702 476 2785; x_wconf 88' lang='lat' dir='ltr'>loquitur</span> <span class='ocrx_word' id='word_1_217' title='bbox 489 2707 513 2766; x_wconf 90' lang='lat'>:‘</span> <span class='ocrx_word' id='word_1_218' title='bbox 529 2703 606 2766; x_wconf 92' lang='lat' dir='ltr'>Duo</span> <span class='ocrx_word' id='word_1_219' title='bbox 616 2703 685 2765; x_wconf 90' lang='lat' dir='ltr'>vidi</span> <span class='ocrx_word' id='word_1_220' title='bbox 699 2701 866 2783; x_wconf 89' lang='lat' dir='ltr'>Seraphin</span> <span class='ocrx_word' id='word_1_221' title='bbox 885 2702 936 2764; x_wconf 91' lang='lat' dir='ltr'>:in</span> <span class='ocrx_word' id='word_1_222' title='bbox 952 2712 1093 2784; x_wconf 89' lang='lat' dir='ltr'>utroque</span> <span class='ocrx_word' id='word_1_223' title='bbox 1105 2713 1200 2765; x_wconf 90' lang='lat' dir='ltr'>erant</span> <span class='ocrx_word' id='word_1_224' title='bbox 1215 2722 1316 2766; x_wconf 90' lang='lat' dir='ltr'>senae</span> <span class='ocrx_word' id='word_1_225' title='bbox 1328 2704 1401 2766; x_wconf 87' lang='lat' dir='ltr'>alae</span> <span class='ocrx_word' id='word_1_226' title='bbox 1413 2727 1420 2767; x_wconf 93' lang='lat'>:</span> <span class='ocrx_word' id='word_1_227' title='bbox 1433 2703 1563 2766; x_wconf 89' lang='lat' dir='ltr'>duabus</span> 
     </span>
     <span class='ocr_line' id='line_1_23' title="bbox 203 2806 1565 2889; baseline -0.002 -19"><span class='ocrx_word' id='word_1_228' title='bbox 203 2809 364 2888; x_wconf 85' lang='lat' dir='ltr'>tegebant</span> <span class='ocrx_word' id='word_1_229' title='bbox 387 2806 515 2882; x_wconf 80' lang='lat' dir='ltr'>faciem,</span> <span class='ocrx_word' id='word_1_230' title='bbox 533 2825 597 2868; x_wconf 93' lang='lat' dir='ltr'>non</span> <span class='ocrx_word' id='word_1_231' title='bbox 615 2825 708 2868; x_wconf 91' lang='lat' dir='ltr'>suam</span> <span class='ocrx_word' id='word_1_232' title='bbox 727 2807 784 2868; x_wconf 90' lang='lat' dir='ltr'>sed</span> <span class='ocrx_word' id='word_1_233' title='bbox 804 2806 879 2882; x_wconf 90' lang='lat' dir='ltr'>Dei,</span> <span class='ocrx_word' id='word_1_234' title='bbox 894 2814 927 2868; x_wconf 89' lang='lat' dir='ltr'>et</span> <span class='ocrx_word' id='word_1_235' title='bbox 944 2806 1075 2868; x_wconf 88' lang='lat' dir='ltr'>duabus</span> <span class='ocrx_word' id='word_1_236' title='bbox 1095 2807 1256 2887; x_wconf 85' lang='lat' dir='ltr'>tegebant</span> <span class='ocrx_word' id='word_1_237' title='bbox 1276 2809 1387 2889; x_wconf 80' lang='lat' dir='ltr'>pedes,</span> <span class='ocrx_word' id='word_1_238' title='bbox 1403 2826 1468 2869; x_wconf 92' lang='lat' dir='ltr'>nou</span> <span class='ocrx_word' id='word_1_239' title='bbox 1486 2825 1565 2868; x_wconf 88' lang='lat' dir='ltr'>suos</span> 
     </span>
     <span class='ocr_line' id='line_1_24' title="bbox 205 2909 1565 2992; baseline -0.002 -17"><span class='ocrx_word' id='word_1_240' title='bbox 205 2913 265 2975; x_wconf 88' lang='lat' dir='ltr'>sed</span> <span class='ocrx_word' id='word_1_241' title='bbox 284 2911 356 2986; x_wconf 80' lang='lat' dir='ltr'>Dei,</span> <span class='ocrx_word' id='word_1_242' title='bbox 372 2921 405 2973; x_wconf 89' lang='lat' dir='ltr'>et</span> <span class='ocrx_word' id='word_1_243' title='bbox 421 2911 553 2972; x_wconf 90' lang='lat' dir='ltr'>duabus</span> <span class='ocrx_word' id='word_1_244' title='bbox 569 2909 757 2973; x_wconf 91' lang='lat' dir='ltr'>volabant.’</span> <span class='ocrx_word' id='word_1_245' title='bbox 776 2910 815 2972; x_wconf 93' lang='lat' dir='ltr'>ln</span> <span class='ocrx_word' id='word_1_246' title='bbox 829 2910 892 2973; x_wconf 92' lang='lat' dir='ltr'>hoc</span> <span class='ocrx_word' id='word_1_247' title='bbox 905 2929 1039 2990; x_wconf 90' lang='lat' dir='ltr'>quoquc</span> <span class='ocrx_word' id='word_1_248' title='bbox 1052 2909 1126 2973; x_wconf 92' lang='lat' dir='ltr'>loco</span> <span class='ocrx_word' id='word_1_249' title='bbox 1143 2911 1292 2991; x_wconf 86' lang='lat' dir='ltr'>arguitur</span> <span class='ocrx_word' id='word_1_250' title='bbox 1304 2931 1400 2973; x_wconf 91' lang='lat' dir='ltr'>suurn</span> <span class='ocrx_word' id='word_1_251' title='bbox 1415 2910 1565 2992; x_wconf 90' lang='lat' dir='ltr'>posuisse</span> 
     </span>
     <span class='ocr_line' id='line_1_25' title="bbox 205 3014 1565 3096; baseline -0.002 -17"><span class='ocrx_word' id='word_1_252' title='bbox 205 3034 352 3092; x_wconf 89' lang='lat' dir='ltr'>sensum,</span> <span class='ocrx_word' id='word_1_253' title='bbox 367 3015 423 3095; x_wconf 90' lang='lat' dir='ltr'>qui</span> <span class='ocrx_word' id='word_1_254' title='bbox 439 3034 571 3095; x_wconf 89' lang='lat' dir='ltr'>semper</span> <span class='ocrx_word' id='word_1_255' title='bbox 588 3014 793 3077; x_wconf 90' lang='lat' dir='ltr'>novitatibus</span> <span class='ocrx_word' id='word_1_256' title='bbox 810 3015 945 3096; x_wconf 84' lang='lat' dir='ltr'>gaudet,</span> <span class='ocrx_word' id='word_1_257' title='bbox 958 3025 989 3076; x_wconf 92' lang='lat' dir='ltr'>et</span> <span class='ocrx_word' id='word_1_258' title='bbox 1000 3015 1168 3078; x_wconf 89' lang='lat' dir='ltr'>erubescit</span> <span class='ocrx_word' id='word_1_259' title='bbox 1180 3015 1289 3077; x_wconf 86' lang='lat' dir='ltr'>dicere</span> <span class='ocrx_word' id='word_1_260' title='bbox 1303 3017 1393 3096; x_wconf 92' lang='lat' dir='ltr'>quod</span> <span class='ocrx_word' id='word_1_261' title='bbox 1408 3014 1565 3079; x_wconf 91' lang='lat' dir='ltr'>omnibus</span> 
     </span>
    </p>

    <p class='ocr_par' dir='ltr' id='par_1_5' title="bbox 148 3116 1565 3610">
     <span class='ocr_line' id='line_1_26' title="bbox 148 3116 1564 3203; baseline -0.003 -18"><span class='ocrx_word' id='word_1_262' title='bbox 148 3149 182 3200; x_wconf 84' lang='lat'>25</span> <span class='ocrx_word' id='word_1_263' title='bbox 205 3128 329 3203; x_wconf 88' lang='lat' dir='ltr'>pateat.</span> <span class='ocrx_word' id='word_1_264' title='bbox 355 3117 475 3200; x_wconf 90' lang='lat' dir='ltr'>Neque</span> <span class='ocrx_word' id='word_1_265' title='bbox 500 3119 588 3180; x_wconf 91' lang='lat' dir='ltr'>enirn</span> <span class='ocrx_word' id='word_1_266' title='bbox 616 3117 680 3179; x_wconf 91' lang='lat' dir='ltr'>Dei</span> <span class='ocrx_word' id='word_1_267' title='bbox 698 3116 828 3196; x_wconf 85' lang='lat' dir='ltr'>faciem,</span> <span class='ocrx_word' id='word_1_268' title='bbox 844 3120 942 3181; x_wconf 89' lang='lat' dir='ltr'>iuxta</span> <span class='ocrx_word' id='word_1_269' title='bbox 958 3117 1048 3199; x_wconf 92' lang='lat' dir='ltr'>quod</span> <span class='ocrx_word' id='word_1_270' title='bbox 1063 3118 1156 3181; x_wconf 89' lang='lat' dir='ltr'>Deus</span> <span class='ocrx_word' id='word_1_271' title='bbox 1176 3119 1282 3182; x_wconf 89' lang='lat' dir='ltr'>videri</span> <span class='ocrx_word' id='word_1_272' title='bbox 1299 3128 1418 3200; x_wconf 91' lang='lat' dir='ltr'>potest,</span> <span class='ocrx_word' id='word_1_273' title='bbox 1433 3119 1564 3183; x_wconf 90' lang='lat' dir='ltr'>duabus</span> 
     </span>
     <span class='ocr_line' id='line_1_27' title="bbox 205 3220 1563 3306; baseline 0.001 -20"><span class='ocrx_word' id='word_1_274' title='bbox 205 3225 268 3287; x_wconf 89' lang='lat' dir='ltr'>alis</span> <span class='ocrx_word' id='word_1_275' title='bbox 284 3221 481 3303; x_wconf 90' lang='lat' dir='ltr'>operiebant</span> <span class='ocrx_word' id='word_1_276' title='bbox 498 3221 673 3303; x_wconf 88' lang='lat' dir='ltr'>Seraphin,</span> <span class='ocrx_word' id='word_1_277' title='bbox 689 3231 725 3284; x_wconf 91' lang='lat' dir='ltr'>ut</span> <span class='ocrx_word' id='word_1_278' title='bbox 742 3221 797 3283; x_wconf 91' lang='lat' dir='ltr'>ille</span> <span class='ocrx_word' id='word_1_279' title='bbox 813 3220 954 3285; x_wconf 90' lang='lat' dir='ltr'>confixit</span> <span class='ocrx_word' id='word_1_280' title='bbox 970 3243 977 3300; x_wconf 88' lang='lat'>;</span> <span class='ocrx_word' id='word_1_281' title='bbox 999 3225 1056 3285; x_wconf 89' lang='lat' dir='ltr'>sed</span> <span class='ocrx_word' id='word_1_282' title='bbox 1075 3242 1180 3298; x_wconf 89' lang='lat' dir='ltr'>suam,</span> <span class='ocrx_word' id='word_1_283' title='bbox 1200 3232 1236 3285; x_wconf 94' lang='lat' dir='ltr'>ut</span> <span class='ocrx_word' id='word_1_284' title='bbox 1253 3222 1438 3306; x_wconf 89' lang='lat' dir='ltr'>prophetae</span> <span class='ocrx_word' id='word_1_285' title='bbox 1453 3234 1563 3288; x_wconf 91' lang='lat' dir='ltr'>osten-</span> 
     </span>
     <span class='ocr_line' id='line_1_28' title="bbox 204 3325 1565 3406; baseline 0.001 -15"><span class='ocrx_word' id='word_1_286' title='bbox 204 3331 325 3392; x_wconf 85' lang='lat' dir='ltr'>derent</span> <span class='ocrx_word' id='word_1_287' title='bbox 341 3326 405 3388; x_wconf 89' lang='lat' dir='ltr'>Dei</span> <span class='ocrx_word' id='word_1_288' title='bbox 430 3327 558 3402; x_wconf 80' lang='lat' dir='ltr'>faciem,</span> <span class='ocrx_word' id='word_1_289' title='bbox 574 3327 671 3388; x_wconf 90' lang='lat' dir='ltr'>iuxta</span> <span class='ocrx_word' id='word_1_290' title='bbox 688 3325 720 3387; x_wconf 94' lang='lat' dir='ltr'>id</span> <span class='ocrx_word' id='word_1_291' title='bbox 738 3325 825 3406; x_wconf 91' lang='lat' dir='ltr'>quod</span> <span class='ocrx_word' id='word_1_292' title='bbox 846 3325 939 3389; x_wconf 90' lang='lat' dir='ltr'>Deus</span> <span class='ocrx_word' id='word_1_293' title='bbox 959 3335 1019 3401; x_wconf 91' lang='lat' dir='ltr'>est,</span> <span class='ocrx_word' id='word_1_294' title='bbox 1035 3325 1227 3389; x_wconf 89' lang='lat' dir='ltr'>mortalium</span> <span class='ocrx_word' id='word_1_295' title='bbox 1248 3327 1353 3391; x_wconf 91' lang='lat' dir='ltr'>oculis</span> <span class='ocrx_word' id='word_1_296' title='bbox 1369 3349 1434 3390; x_wconf 93' lang='lat' dir='ltr'>non</span> <span class='ocrx_word' id='word_1_297' title='bbox 1452 3329 1565 3393; x_wconf 91' lang='lat' dir='ltr'>videri.</span> 
     </span>
     <span class='ocr_line' id='line_1_29' title="bbox 206 3429 1564 3511; baseline 0 -15"><span class='ocrx_word' id='word_1_298' title='bbox 206 3431 311 3496; x_wconf 89' lang='lat' dir='ltr'>Unde</span> <span class='ocrx_word' id='word_1_299' title='bbox 327 3439 359 3492; x_wconf 91' lang='lat' dir='ltr'>et</span> <span class='ocrx_word' id='word_1_300' title='bbox 378 3429 515 3511; x_wconf 87' lang='lat' dir='ltr'>Moyses</span> <span class='ocrx_word' id='word_1_301' title='bbox 532 3449 607 3492; x_wconf 91' lang='lat' dir='ltr'>cum</span> <span class='ocrx_word' id='word_1_302' title='bbox 626 3429 819 3510; x_wconf 89' lang='lat' dir='ltr'>loqueretur</span> <span class='ocrx_word' id='word_1_303' title='bbox 834 3432 875 3492; x_wconf 91' lang='lat' dir='ltr'>ad</span> <span class='ocrx_word' id='word_1_304' title='bbox 895 3430 1079 3492; x_wconf 90' lang='lat' dir='ltr'>Dominum</span> <span class='ocrx_word' id='word_1_305' title='bbox 1097 3436 1124 3493; x_wconf 85' lang='lat'>:¹</span> <span class='ocrx_word' id='word_1_306' title='bbox 1141 3429 1293 3494; x_wconf 88' lang='lat' dir='ltr'>Ostende</span> <span class='ocrx_word' id='word_1_307' title='bbox 1310 3441 1343 3494; x_wconf 90' lang='lat' dir='ltr'>te</span> <span class='ocrx_word' id='word_1_308' title='bbox 1361 3433 1442 3495; x_wconf 91' lang='lat' dir='ltr'>mihi</span> <span class='ocrx_word' id='word_1_309' title='bbox 1460 3432 1564 3496; x_wconf 90' lang='lat' dir='ltr'>mani-</span> 
     </span>
     <span class='ocr_line' id='line_1_30' title="bbox 206 3532 1564 3610; baseline 0 -11"><span class='ocrx_word' id='word_1_310' title='bbox 206 3535 299 3610; x_wconf 83' lang='lat' dir='ltr'>ieste,</span> <span class='ocrx_word' id='word_1_311' title='bbox 312 3543 348 3595; x_wconf 91' lang='lat' dir='ltr'>ut</span> <span class='ocrx_word' id='word_1_312' title='bbox 365 3533 496 3595; x_wconf 89' lang='lat' dir='ltr'>videam</span> <span class='ocrx_word' id='word_1_313' title='bbox 515 3532 568 3595; x_wconf 89' lang='lat' dir='ltr'>te’</span> <span class='ocrx_word' id='word_1_314' title='bbox 584 3533 678 3597; x_wconf 91' lang='lat' dir='ltr'>audit</span> <span class='ocrx_word' id='word_1_315' title='bbox 694 3533 737 3596; x_wconf 92' lang='lat' dir='ltr'>ab</span> <span class='ocrx_word' id='word_1_316' title='bbox 753 3553 812 3596; x_wconf 90' lang='lat' dir='ltr'>eo:</span> <span class='ocrx_word' id='word_1_317' title='bbox 829 3539 835 3565; x_wconf 82' lang='lat'><strong>¹</strong></span> <span class='ocrx_word' id='word_1_318' title='bbox 851 3533 961 3596; x_wconf 90' lang='lat' dir='ltr'>Nemo</span> <span class='ocrx_word' id='word_1_319' title='bbox 977 3535 1106 3596; x_wconf 90' lang='lat' dir='ltr'>videbit</span> <span class='ocrx_word' id='word_1_320' title='bbox 1124 3533 1241 3598; x_wconf 88' lang='lat' dir='ltr'>faciem</span> <span class='ocrx_word' id='word_1_321' title='bbox 1260 3555 1379 3610; x_wconf 87' lang='lat' dir='ltr'>meam,</span> <span class='ocrx_word' id='word_1_322' title='bbox 1396 3547 1429 3600; x_wconf 90' lang='lat' dir='ltr'>et</span> <span class='ocrx_word' id='word_1_323' title='bbox 1446 3537 1564 3600; x_wconf 90' lang='lat' dir='ltr'>vivet.&#39;</span> 
     </span>
    </p>
   </div>
   <div class='ocr_carea' id='block_1_3' title="bbox 198 3700 1566 4095">
    <p class='ocr_par' dir='ltr' id='par_1_6' title="bbox 198 3700 1566 4095">
     <span class='ocr_line' id='line_1_31' title="bbox 237 3700 1566 3768; baseline 0 -17"><span class='ocrx_word' id='word_1_324' title='bbox 237 3702 253 3751; x_wconf 86' lang='lat'><strong>6</strong></span> <span class='ocrx_word' id='word_1_325' title='bbox 265 3703 331 3750; x_wconf 78' lang='lat' dir='ltr'>sicut</span> <span class='ocrx_word' id='word_1_326' title='bbox 340 3702 461 3766; x_wconf 77' lang='lat' dir='ltr'>scn&#39;ptum</span> <span class='ocrx_word' id='word_1_327' title='bbox 473 3701 589 3762; x_wconf 73' lang='lat' dir='ltr'>regimus]</span> <span class='ocrx_word' id='word_1_328' title='bbox 599 3701 757 3765; x_wconf 83' lang='lat' dir='ltr'>scripseram,</span> <span class='ocrx_word' id='word_1_329' title='bbox 771 3700 796 3749; x_wconf 93' lang='lat' dir='ltr'>in</span> <span class='ocrx_word' id='word_1_330' title='bbox 808 3717 859 3766; x_wconf 92' lang='lat' dir='ltr'>quo</span> <span class='ocrx_word' id='word_1_331' title='bbox 871 3701 1012 3750; x_wconf 82' lang='lat' dir='ltr'>Iohannem</span> <span class='ocrx_word' id='word_1_332' title='bbox 1027 3701 1133 3752; x_wconf 87' lang='lat' dir='ltr'>Mercati</span> <span class='ocrx_word' id='word_1_333' title='bbox 1145 3702 1206 3752; x_wconf 91' lang='lat' dir='ltr'>mihi</span> <span class='ocrx_word' id='word_1_334' title='bbox 1218 3703 1341 3754; x_wconf 81' lang='lat' dir='ltr'>adsentiri</span> <span class='ocrx_word' id='word_1_335' title='bbox 1358 3705 1483 3768; x_wconf 82' lang='lat' dir='ltr'>cognovi;</span> <span class='ocrx_word' id='word_1_336' title='bbox 1500 3705 1566 3753; x_wconf 79' lang='lat' dir='ltr'>sr&#39;cut</span> 
     </span>
     <span class='ocr_line' id='line_1_32' title="bbox 203 3785 1563 3852; baseline 0.002 -18"><span class='ocrx_word' id='word_1_337' title='bbox 203 3786 325 3850; x_wconf 80' lang='lat' dir='ltr'>sm&#39;ptmrr</span> <span class='ocrx_word' id='word_1_338' title='bbox 344 3792 385 3833; x_wconf 84' lang='lat' dir='ltr'>ert.</span> <span class='ocrx_word' id='word_1_339' title='bbox 409 3786 529 3848; x_wconf 81' lang='lat' dir='ltr'>Legimus</span> <span class='ocrx_word' id='word_1_340' title='bbox 549 3785 579 3835; x_wconf 91' lang='lat' dir='ltr'>C.</span> <span class='ocrx_word' id='word_1_341' title='bbox 682 3797 711 3849; x_wconf 86' lang='lat'>15</span> <span class='ocrx_word' id='word_1_342' title='bbox 732 3788 833 3834; x_wconf 79' lang='lat' dir='ltr'>atrimae</span> <span class='ocrx_word' id='word_1_343' title='bbox 848 3786 1011 3850; x_wconf 75' lang='lat' dir='ltr'>prophetalis]</span> <span class='ocrx_word' id='word_1_344' title='bbox 1031 3786 1120 3851; x_wconf 89' lang='lat' dir='ltr'>scripsi</span> <span class='ocrx_word' id='word_1_345' title='bbox 1130 3805 1137 3846; x_wconf 90' lang='lat'>;</span> <span class='ocrx_word' id='word_1_346' title='bbox 1155 3788 1330 3851; x_wconf 73' lang='lat' dir='ltr'>prophetantis</span> <span class='ocrx_word' id='word_1_347' title='bbox 1346 3805 1372 3848; x_wconf 87' lang='grc' dir='ltr'>α,</span> <span class='ocrx_word' id='word_1_348' title='bbox 1385 3787 1467 3852; x_wconf 90' lang='lat' dir='ltr'>quiin</span> <span class='ocrx_word' id='word_1_349' title='bbox 1480 3787 1501 3838; x_wconf 94' lang='lat' dir='ltr'>C</span> <span class='ocrx_word' id='word_1_350' title='bbox 1514 3787 1563 3852; x_wconf 82' lang='lat' dir='ltr'>legi</span> 
     </span>
     <span class='ocr_line' id='line_1_33' title="bbox 202 3867 1562 3931; baseline 0.001 -15"><span class='ocrx_word' id='word_1_351' title='bbox 202 3867 468 3931; x_wconf 75' lang='lat' dir='ltr'>adseritprophelatr&#39;s.</span> <span class='ocrx_word' id='word_1_352' title='bbox 483 3867 522 3917; x_wconf 91' lang='lat' dir='ltr'>Cl.</span> <span class='ocrx_word' id='word_1_353' title='bbox 538 3867 602 3917; x_wconf 80' lang='lat' dir='ltr'>inira</span> <span class='ocrx_word' id='word_1_354' title='bbox 616 3881 713 3931; x_wconf 81' lang='lat'>109,13.</span> <span class='ocrx_word' id='word_1_355' title='bbox 819 3881 845 3930; x_wconf 85' lang='grc'>17</span> <span class='ocrx_word' id='word_1_356' title='bbox 866 3869 973 3929; x_wconf 80' lang='lat' dir='ltr'>videret]</span> <span class='ocrx_word' id='word_1_357' title='bbox 993 3869 1109 3918; x_wconf 78' lang='lat' dir='ltr'>viderent</span> <span class='ocrx_word' id='word_1_358' title='bbox 1126 3870 1234 3919; x_wconf 83' lang='lat' dir='ltr'>subras.</span> <span class='ocrx_word' id='word_1_359' title='bbox 1250 3871 1279 3918; x_wconf 88' lang='lat' dir='ltr'>C.</span> <span class='ocrx_word' id='word_1_360' title='bbox 1380 3871 1498 3919; x_wconf 81' lang='lat' dir='ltr'>dr&#39;ur&#39;rrum</span> <span class='ocrx_word' id='word_1_361' title='bbox 1511 3887 1562 3918; x_wconf 86' lang='lat' dir='ltr'>ma·</span> 
     </span>
     <span class='ocr_line' id='line_1_34' title="bbox 198 3948 1563 4016; baseline 0.002 -19"><span class='ocrx_word' id='word_1_362' title='bbox 198 3948 489 4014; x_wconf 78' lang='lat' dir='ltr'>gnifirerrtr&#39;crnr1dr‘nr&#39;na</span> <span class='ocrx_word' id='word_1_363' title='bbox 500 3951 686 4016; x_wconf 78' lang='lat' dir='ltr'>magnificentia</span> <span class='ocrx_word' id='word_1_364' title='bbox 698 3951 728 4000; x_wconf 93' lang='lat' dir='ltr'>C.</span> <span class='ocrx_word' id='word_1_365' title='bbox 830 3965 857 3999; x_wconf 86' lang='lat'>21</span> <span class='ocrx_word' id='word_1_366' title='bbox 872 3951 940 4010; x_wconf 75' lang='lat' dir='ltr'>virli]</span> <span class='ocrx_word' id='word_1_367' title='bbox 959 3967 975 4000; x_wconf 87' lang='grc' dir='ltr'><strong><em>α</em></strong></span> <span class='ocrx_word' id='word_1_368' title='bbox 994 3951 1059 3999; x_wconf 90' lang='lat' dir='ltr'>inter</span> <span class='ocrx_word' id='word_1_369' title='bbox 1079 3961 1162 4002; x_wconf 87' lang='lat' dir='ltr'>errata</span> <span class='ocrx_word' id='word_1_370' title='bbox 1173 3969 1180 4010; x_wconf 84' lang='lat'>;</span> <span class='ocrx_word' id='word_1_371' title='bbox 1192 3952 1304 4000; x_wconf 76' lang='lat' dir='ltr'>vidire..</span> <span class='ocrx_word' id='word_1_372' title='bbox 1400 3965 1431 4015; x_wconf 85' lang='lat'>23</span> <span class='ocrx_word' id='word_1_373' title='bbox 1440 3953 1563 4014; x_wconf 80' lang='lat' dir='ltr'>arguitur</span> 
     </span>
     <span class='ocr_line' id='line_1_35' title="bbox 201 4031 1381 4095; baseline 0.004 -16"><span class='ocrx_word' id='word_1_374' title='bbox 201 4032 290 4092; x_wconf 78' lang='lat' dir='ltr'>suum]</span> <span class='ocrx_word' id='word_1_375' title='bbox 298 4032 386 4095; x_wconf 80' lang='lat' dir='ltr'>arguit</span> <span class='ocrx_word' id='word_1_376' title='bbox 397 4047 506 4080; x_wconf 84' lang='lat' dir='ltr'>ursuunr</span> <span class='ocrx_word' id='word_1_377' title='bbox 519 4031 548 4081; x_wconf 91' lang='lat' dir='ltr'>C.</span> <span class='ocrx_word' id='word_1_378' title='bbox 651 4041 681 4095; x_wconf 83' lang='lat'>25</span> <span class='ocrx_word' id='word_1_379' title='bbox 692 4033 772 4094; x_wconf 84' lang='lat' dir='ltr'>enim]</span> <span class='ocrx_word' id='word_1_380' title='bbox 783 4033 809 4082; x_wconf 85' lang='lat' dir='ltr'>ei</span> <span class='ocrx_word' id='word_1_381' title='bbox 818 4032 847 4083; x_wconf 91' lang='lat' dir='ltr'>C.</span> <span class='ocrx_word' id='word_1_382' title='bbox 950 4043 980 4092; x_wconf 88' lang='lat'>27</span> <span class='ocrx_word' id='word_1_383' title='bbox 994 4032 1074 4094; x_wconf 80' lang='lat' dir='ltr'>Deus]</span> <span class='ocrx_word' id='word_1_384' title='bbox 1087 4033 1126 4093; x_wconf 88' lang='lat' dir='ltr'>C;</span> <span class='ocrx_word' id='word_1_385' title='bbox 1139 4050 1155 4083; x_wconf 79' lang='lat' dir='ltr'>a</span> <span class='ocrx_word' id='word_1_386' title='bbox 1168 4034 1275 4083; x_wconf 81' lang='lat' dir='ltr'>mutavit</span> <span class='ocrx_word' id='word_1_387' title='bbox 1286 4033 1312 4083; x_wconf 91' lang='lat' dir='ltr'>in</span> <span class='ocrx_word' id='word_1_388' title='bbox 1322 4035 1381 4084; x_wconf 84' lang='lat' dir='ltr'>Dei.</span> 
     </span>
    </p>
   </div>
   <div class='ocr_carea' id='block_1_4' title="bbox 204 4160 1562 4730">
    <p class='ocr_par' dir='ltr' id='par_1_7' title="bbox 249 4160 1562 4243">
     <span class='ocr_line' id='line_1_36' title="bbox 249 4160 1562 4243; baseline 0.002 -22"><span class='ocrx_word' id='word_1_389' title='bbox 249 4183 292 4240; x_wconf 84' lang='lat'>13.</span> <span class='ocrx_word' id='word_1_390' title='bbox 311 4171 442 4222; x_wconf 79' lang='lat' dir='ltr'>mortuus</span> <span class='ocrx_word' id='word_1_391' title='bbox 456 4160 508 4243; x_wconf 79' lang='lat' dir='ltr'>est]</span> <span class='ocrx_word' id='word_1_392' title='bbox 524 4167 614 4223; x_wconf 90' lang='lat' dir='ltr'>Rom.</span> <span class='ocrx_word' id='word_1_393' title='bbox 633 4181 658 4240; x_wconf 83' lang='lat'>5,</span> <span class='ocrx_word' id='word_1_394' title='bbox 676 4166 701 4223; x_wconf 88' lang='lat'>8.</span> <span class='ocrx_word' id='word_1_395' title='bbox 908 4163 1087 4241; x_wconf 89' lang='lat' dir='ltr'>discipuli...</span> <span class='ocrx_word' id='word_1_396' title='bbox 1100 4169 1129 4240; x_wconf 90' lang='lat'>&#39;;</span> <span class='ocrx_word' id='word_1_397' title='bbox 1153 4166 1225 4227; x_wconf 92' lang='lat' dir='ltr'>ibid.</span> <span class='ocrx_word' id='word_1_398' title='bbox 1253 4188 1281 4227; x_wconf 91' lang='lat' dir='ltr'>n.</span> <span class='ocrx_word' id='word_1_399' title='bbox 1306 4171 1325 4227; x_wconf 89' lang='lat'><em>8</em></span> <span class='ocrx_word' id='word_1_400' title='bbox 1349 4168 1427 4228; x_wconf 87' lang='lat' dir='ltr'>‘Sed</span> <span class='ocrx_word' id='word_1_401' title='bbox 1443 4176 1562 4225; x_wconf 87' lang='lat' dir='ltr'>cessent</span> 
     </span>
    </p>

    <p class='ocr_par' dir='ltr' id='par_1_8' title="bbox 204 4243 1562 4574">
     <span class='ocr_line' id='line_1_37' title="bbox 250 4243 1562 4326; baseline 0.004 -25"><span class='ocrx_word' id='word_1_402' title='bbox 250 4263 291 4322; x_wconf 83' lang='lat'>¹5·</span> <span class='ocrx_word' id='word_1_403' title='bbox 309 4247 427 4304; x_wconf 84' lang='lat' dir='ltr'>animae</span> <span class='ocrx_word' id='word_1_404' title='bbox 433 4243 628 4326; x_wconf 80' lang='lat' dir='ltr'>prophetalis]</span> <span class='ocrx_word' id='word_1_405' title='bbox 650 4258 680 4306; x_wconf 90' lang='lat' dir='ltr'>et</span> <span class='ocrx_word' id='word_1_406' title='bbox 694 4245 771 4305; x_wconf 85' lang='lat' dir='ltr'>inira</span> <span class='ocrx_word' id='word_1_407' title='bbox 790 4267 855 4322; x_wconf 89' lang='lat'>109,</span> <span class='ocrx_word' id='word_1_408' title='bbox 908 4245 951 4304; x_wconf 91' lang='lat' dir='ltr'>illi</span> <span class='ocrx_word' id='word_1_409' title='bbox 973 4265 991 4304; x_wconf 88' lang='lat' dir='ltr'>a</span> <span class='ocrx_word' id='word_1_410' title='bbox 1016 4265 1199 4307; x_wconf 87' lang='lat' dir='ltr'>novorum...</span> <span class='ocrx_word' id='word_1_411' title='bbox 1215 4251 1242 4322; x_wconf 87' lang='lat'>’;</span> <span class='ocrx_word' id='word_1_412' title='bbox 1270 4248 1342 4310; x_wconf 90' lang='lat' dir='ltr'>ibid.</span> <span class='ocrx_word' id='word_1_413' title='bbox 1361 4269 1388 4307; x_wconf 92' lang='lat' dir='ltr'>n.</span> <span class='ocrx_word' id='word_1_414' title='bbox 1409 4269 1424 4305; x_wconf 85' lang='lat' dir='ltr'>z</span> <span class='ocrx_word' id='word_1_415' title='bbox 1442 4247 1562 4306; x_wconf 83' lang='lat' dir='ltr'>‘haere-</span> 
     </span>
     <span class='ocr_line' id='line_1_38' title="bbox 208 4326 1559 4404; baseline 0.002 -20"><span class='ocrx_word' id='word_1_416' title='bbox 208 4347 243 4400; x_wconf 85' lang='lat'>13</span> <span class='ocrx_word' id='word_1_417' title='bbox 277 4327 417 4385; x_wconf 82' lang='lat' dir='ltr'>desiderio</span> <span class='ocrx_word' id='word_1_418' title='bbox 448 4327 623 4404; x_wconf 78' lang='lat' dir='ltr'>prophetali.</span> <span class='ocrx_word' id='word_1_419' title='bbox 658 4365 696 4372; x_wconf 95' lang='lat'><em>-</em></span> <span class='ocrx_word' id='word_1_420' title='bbox 730 4327 855 4387; x_wconf 90' lang='lat' dir='ltr'>Hieron.</span> <span class='ocrx_word' id='word_1_421' title='bbox 909 4326 1076 4389; x_wconf 88' lang='lat' dir='ltr'>ticorum...</span> <span class='ocrx_word' id='word_1_422' title='bbox 1094 4330 1262 4389; x_wconf 84' lang='lat' dir='ltr'>tendiculas</span> <span class='ocrx_word' id='word_1_423' title='bbox 1284 4329 1559 4390; x_wconf 88' lang='lat' dir='ltr'>declinantes¹etc.</span> 
     </span>
     <span class='ocr_line' id='line_1_39' title="bbox 204 4408 1538 4490; baseline 0 -23"><span class='ocrx_word' id='word_1_424' title='bbox 204 4410 260 4484; x_wconf 88' lang='lat' dir='ltr'>Ep.</span> <span class='ocrx_word' id='word_1_425' title='bbox 292 4412 341 4482; x_wconf 81' lang='lat'>96,</span> <span class='ocrx_word' id='word_1_426' title='bbox 371 4428 388 4481; x_wconf 81' lang='lat'>3</span> <span class='ocrx_word' id='word_1_427' title='bbox 417 4409 615 4485; x_wconf 85' lang='lat' dir='ltr'>‘prophetale</span> <span class='ocrx_word' id='word_1_428' title='bbox 644 4409 857 4486; x_wconf 79' lang='lat' dir='ltr'>vaticinium’3</span> <span class='ocrx_word' id='word_1_429' title='bbox 953 4431 997 4485; x_wconf 87' lang='lat'>23.</span> <span class='ocrx_word' id='word_1_430' title='bbox 1016 4408 1165 4490; x_wconf 75' lang='lat' dir='ltr'>volabant]</span> <span class='ocrx_word' id='word_1_431' title='bbox 1181 4413 1226 4471; x_wconf 81' lang='lat' dir='ltr'>ct.</span> <span class='ocrx_word' id='word_1_432' title='bbox 1246 4413 1351 4488; x_wconf 86' lang='lat' dir='ltr'>Migne</span> <span class='ocrx_word' id='word_1_433' title='bbox 1368 4432 1414 4482; x_wconf 78' lang='lat'>24,</span> <span class='ocrx_word' id='word_1_434' title='bbox 1431 4429 1490 4486; x_wconf 78' lang='lat'>939</span> <span class='ocrx_word' id='word_1_435' title='bbox 1507 4412 1538 4468; x_wconf 92' lang='lat' dir='ltr'>B.</span> 
     </span>
     <span class='ocr_line' id='line_1_40' title="bbox 204 4489 1419 4574; baseline 0.002 -26"><span class='ocrx_word' id='word_1_436' title='bbox 204 4489 276 4549; x_wconf 91' lang='lat' dir='ltr'>ibid.</span> <span class='ocrx_word' id='word_1_437' title='bbox 294 4509 322 4548; x_wconf 91' lang='lat' dir='ltr'>n.</span> <span class='ocrx_word' id='word_1_438' title='bbox 340 4509 358 4563; x_wconf 88' lang='lat'>9</span> <span class='ocrx_word' id='word_1_439' title='bbox 375 4489 577 4565; x_wconf 88' lang='lat' dir='ltr'>‘prophetalis</span> <span class='ocrx_word' id='word_1_440' title='bbox 593 4493 709 4550; x_wconf 88' lang='lat' dir='ltr'>sermo&#39;</span> <span class='ocrx_word' id='word_1_441' title='bbox 725 4503 780 4550; x_wconf 90' lang='lat' dir='ltr'>etc.</span> <span class='ocrx_word' id='word_1_442' title='bbox 952 4512 997 4567; x_wconf 85' lang='lat'>29.</span> <span class='ocrx_word' id='word_1_443' title='bbox 1014 4494 1127 4553; x_wconf 66' lang='lat' dir='ltr'>urticam</span> <span class='ocrx_word' id='word_1_444' title='bbox 1142 4491 1180 4574; x_wconf 79' lang='lat' dir='ltr'>le]</span> <span class='ocrx_word' id='word_1_445' title='bbox 1198 4495 1291 4552; x_wconf 88' lang='lat' dir='ltr'>Exod.</span> <span class='ocrx_word' id='word_1_446' title='bbox 1311 4513 1358 4568; x_wconf 85' lang='lat'>33,</span> <span class='ocrx_word' id='word_1_447' title='bbox 1376 4513 1419 4568; x_wconf 88' lang='lat'>¹3·</span> 
     </span>
    </p>

    <p class='ocr_par' dir='ltr' id='par_1_9' title="bbox 207 4571 1253 4730">
     <span class='ocr_line' id='line_1_41' title="bbox 247 4571 1253 4654; baseline 0.005 -26"><span class='ocrx_word' id='word_1_448' title='bbox 247 4591 292 4629; x_wconf 87' lang='lat'>20.</span> <span class='ocrx_word' id='word_1_449' title='bbox 313 4572 429 4630; x_wconf 80' lang='lat' dir='ltr'>Cessent</span> <span class='ocrx_word' id='word_1_450' title='bbox 439 4591 505 4647; x_wconf 85' lang='lat' dir='ltr'>ergo</span> <span class='ocrx_word' id='word_1_451' title='bbox 529 4572 663 4646; x_wconf 66' lang='lat' dir='ltr'>Orrigenr&#39;r</span> <span class='ocrx_word' id='word_1_452' title='bbox 683 4571 855 4653; x_wconf 82' lang='lat' dir='ltr'>lendr&#39;crrlrre]</span> <span class='ocrx_word' id='word_1_453' title='bbox 1014 4571 1103 4654; x_wconf 67' lang='lat' dir='ltr'>vr&#39;zret]</span> <span class='ocrx_word' id='word_1_454' title='bbox 1119 4574 1189 4633; x_wconf 89' lang='lat' dir='ltr'>ibid.</span> <span class='ocrx_word' id='word_1_455' title='bbox 1209 4595 1253 4634; x_wconf 91' lang='lat'>20.</span> 
     </span>
     <span class='ocr_line' id='line_1_42' title="bbox 207 4653 856 4730; baseline 0.005 -20"><span class='ocrx_word' id='word_1_456' title='bbox 207 4653 333 4712; x_wconf 88' lang='lat' dir='ltr'>Hieron.</span> <span class='ocrx_word' id='word_1_457' title='bbox 352 4655 408 4728; x_wconf 87' lang='lat' dir='ltr'>Ep.</span> <span class='ocrx_word' id='word_1_458' title='bbox 426 4656 473 4730; x_wconf 89' lang='lat'>98,</span> <span class='ocrx_word' id='word_1_459' title='bbox 485 4655 503 4712; x_wconf 84' lang='lat'><strong>6</strong></span> <span class='ocrx_word' id='word_1_460' title='bbox 517 4655 661 4715; x_wconf 86' lang='lat' dir='ltr'>‘Cessent</span> <span class='ocrx_word' id='word_1_461' title='bbox 673 4653 856 4730; x_wconf 87' lang='lat' dir='ltr'>Apollinaris</span> 
     </span>
    </p>
   </div>
   <div class='ocr_carea' id='block_1_5' title="bbox 0 0 2040 5498">
    <p class='ocr_par' dir='ltr' id='par_1_10' title="bbox 0 0 2040 5498">
     <span class='ocr_line' id='line_1_43' title="bbox 0 0 2040 5498; baseline 0 0"><span class='ocrx_word' id='word_1_462' title='bbox 0 0 2040 5498; x_wconf 95' lang='lat' dir='ltr'> </span> 
     </span>
    </p>
   </div>
  </div>
 </body>
</html>
