<?xml version="1.0" encoding="UTF-8"?>
<!DOCTYPE html PUBLIC "-//W3C//DTD XHTML 1.0 Transitional//EN"
    "http://www.w3.org/TR/xhtml1/DTD/xhtml1-transitional.dtd">
<html xmlns="http://www.w3.org/1999/xhtml" xml:lang="en" lang="en">
 <head>
  <title>
</title>
<meta http-equiv="Content-Type" content="text/html;charset=utf-8" />
  <meta name='ocr-system' content='tesseract 3.04.00' />
  <meta name='ocr-capabilities' content='ocr_page ocr_carea ocr_par ocr_line ocrx_word'/>
</head>
<body>
  <div class='ocr_page' id='page_1' title='image "./commentarioliin00morigoog/commentarioliin00morigoog_0033.png"; bbox 0 0 4112 5496; ppageno 0'>
   <div class='ocr_carea' id='block_1_1' title="bbox 444 393 1268 500">
    <p class='ocr_par' dir='ltr' id='par_1_1' title="bbox 444 393 1268 500">
     <span class='ocr_line' id='line_1_1' title="bbox 444 393 1268 500; baseline 0 0"><span class='ocrx_word' id='word_1_1' title='bbox 444 393 560 500; x_wconf 87' lang='lat' dir='ltr'>xviii</span> <span class='ocrx_word' id='word_1_2' title='bbox 979 431 1268 500; x_wconf 75' lang='lat' dir='ltr'>rnnarnrro.</span> 
     </span>
    </p>
   </div>
   <div class='ocr_carea' id='block_1_2' title="bbox 444 657 1813 2794">
    <p class='ocr_par' dir='ltr' id='par_1_2' title="bbox 444 657 1803 1498">
     <span class='ocr_line' id='line_1_2' title="bbox 444 657 1800 800; baseline -0.001 -36"><span class='ocrx_word' id='word_1_3' title='bbox 444 658 495 764; x_wconf 94' lang='lat' dir='ltr'>in</span> <span class='ocrx_word' id='word_1_4' title='bbox 522 657 753 764; x_wconf 89' lang='lat' dir='ltr'>Psalmos</span> <span class='ocrx_word' id='word_1_5' title='bbox 781 659 1250 798; x_wconf 88' lang='lat' dir='ltr'>Hieronymianus</span> <span class='ocrx_word' id='word_1_6' title='bbox 1239 683 1401 800; x_wconf 93' lang='lat' dir='ltr'>mterp</span> <span class='ocrx_word' id='word_1_7' title='bbox 1405 658 1800 778; x_wconf 86' lang='lat' dir='ltr'>olatorintexuit‚</span> 
     </span>
     <span class='ocr_line' id='line_1_3' title="bbox 444 705 1802 959; baseline -0.001 -54"><span class='ocrx_word' id='word_1_8' title='bbox 444 841 561 905; x_wconf 92' lang='lat' dir='ltr'>cum</span> <span class='ocrx_word' id='word_1_9' title='bbox 580 799 727 905; x_wconf 91' lang='lat' dir='ltr'>editis</span> <span class='ocrx_word' id='word_1_10' title='bbox 744 798 882 905; x_wconf 89' lang='lat' dir='ltr'>libris</span> <span class='ocrx_word' id='word_1_11' title='bbox 899 800 1111 959; x_wconf 84' lang='lat' dir='ltr'><strong>diligent</strong></span> <span class='ocrx_word' id='word_1_12' title='bbox 1114 843 1167 908; x_wconf 88' lang='lat' dir='ltr'>er</span> <span class='ocrx_word' id='word_1_13' title='bbox 1092 803 1382 924; x_wconf 82' lang='lat' dir='ltr'>contuli</span> <span class='ocrx_word' id='word_1_14' title='bbox 1368 705 1633 907; x_wconf 87' lang='lat' dir='ltr'>padhibito</span> <span class='ocrx_word' id='word_1_15' title='bbox 1652 798 1802 906; x_wconf 90' lang='lat' dir='ltr'>etiam</span> 
     </span>
     <span class='ocr_line' id='line_1_4' title="bbox 445 940 1802 1080; baseline -0.002 -33"><span class='ocrx_word' id='word_1_16' title='bbox 445 940 672 1047; x_wconf 89' lang='lat' dir='ltr'>eiusdem</span> <span class='ocrx_word' id='word_1_17' title='bbox 705 940 943 1046; x_wconf 88' lang='lat' dir='ltr'>Breviarii</span> <span class='ocrx_word' id='word_1_18' title='bbox 971 941 1146 1049; x_wconf 90' lang='lat' dir='ltr'>codice</span> <span class='ocrx_word' id='word_1_19' title='bbox 1173 985 1326 1049; x_wconf 91' lang='lat' dir='ltr'>manu</span> <span class='ocrx_word' id='word_1_20' title='bbox 1353 943 1540 1080; x_wconf 88' lang='lat' dir='ltr'>scripto</span> <span class='ocrx_word' id='word_1_21' title='bbox 1581 983 1707 1047; x_wconf 90' lang='lat' dir='ltr'>saec.</span> <span class='ocrx_word' id='word_1_22' title='bbox 1757 981 1802 1062; x_wconf 87' lang='grc' dir='ltr'>Χ,</span> 
     </span>
     <span class='ocr_line' id='line_1_5' title="bbox 446 1027 1803 1240; baseline -0.001 -53"><span class='ocrx_word' id='word_1_23' title='bbox 446 1123 532 1220; x_wconf 88' lang='lat' dir='ltr'>qur</span> <span class='ocrx_word' id='word_1_24' title='bbox 521 1081 938 1240; x_wconf 87' lang='lat' dir='ltr'>monasteriiS.</span> <span class='ocrx_word' id='word_1_25' title='bbox 976 1083 1256 1190; x_wconf 86' lang='lat' dir='ltr'>Huberti</span> <span class='ocrx_word' id='word_1_26' title='bbox 1246 1125 1295 1190; x_wconf 89' lang='grc' dir='ltr'>ιιι</span> <span class='ocrx_word' id='word_1_27' title='bbox 1342 1083 1631 1191; x_wconf 80' lang='lat' dir='ltr'>Arduenna</span> <span class='ocrx_word' id='word_1_28' title='bbox 1684 1027 1803 1186; x_wconf 87' lang='lat' dir='ltr'>olini</span> 
     </span>
     <span class='ocr_line' id='line_1_6' title="bbox 447 1223 1804 1364; baseline -0.001 -37"><span class='ocrx_word' id='word_1_29' title='bbox 447 1223 552 1344; x_wconf 83' lang='lat' dir='ltr'>fuit,</span> <span class='ocrx_word' id='word_1_30' title='bbox 581 1262 716 1327; x_wconf 91' lang='lat' dir='ltr'>nunc</span> <span class='ocrx_word' id='word_1_31' title='bbox 758 1223 954 1328; x_wconf 90' lang='lat' dir='ltr'>veroin</span> <span class='ocrx_word' id='word_1_32' title='bbox 999 1223 1178 1330; x_wconf 87' lang='lat' dir='ltr'>bibliot</span> <span class='ocrx_word' id='word_1_33' title='bbox 1181 1227 1305 1331; x_wconf 88' lang='lat' dir='ltr'>heca</span> <span class='ocrx_word' id='word_1_34' title='bbox 1347 1224 1551 1364; x_wconf 88' lang='lat' dir='ltr'>publica</span> <span class='ocrx_word' id='word_1_35' title='bbox 1585 1225 1804 1329; x_wconf 90' lang='lat' dir='ltr'>Namur-</span> 
     </span>
     <span class='ocr_line' id='line_1_7' title="bbox 448 1363 1306 1498; baseline 0.006 -30"><span class='ocrx_word' id='word_1_36' title='bbox 448 1363 584 1469; x_wconf 88' lang='lat' dir='ltr'>censi</span> <span class='ocrx_word' id='word_1_37' title='bbox 613 1380 666 1468; x_wconf 92' lang='lat' dir='ltr'>n⁰</span> <span class='ocrx_word' id='word_1_38' title='bbox 696 1399 760 1498; x_wconf 88' lang='lat'>54</span> <span class='ocrx_word' id='word_1_39' title='bbox 787 1386 988 1471; x_wconf 89' lang='lat' dir='ltr'>notatus</span> <span class='ocrx_word' id='word_1_40' title='bbox 1014 1390 1306 1473; x_wconf 82' lang='lat' dir='ltr'>asservatur.</span> 
     </span>
    </p>

    <p class='ocr_par' dir='ltr' id='par_1_3' title="bbox 450 1503 1813 2772">
     <span class='ocr_line' id='line_1_8' title="bbox 521 1503 1808 1666; baseline -0.002 -56"><span class='ocrx_word' id='word_1_41' title='bbox 521 1505 763 1641; x_wconf 91' lang='lat' dir='ltr'>Denique</span> <span class='ocrx_word' id='word_1_42' title='bbox 782 1503 946 1616; x_wconf 88' lang='lat' dir='ltr'>labori</span> <span class='ocrx_word' id='word_1_43' title='bbox 975 1548 1076 1612; x_wconf 93' lang='lat' dir='ltr'>non</span> <span class='ocrx_word' id='word_1_44' title='bbox 1098 1508 1314 1666; x_wconf 84' lang='lat' dir='ltr'>peperci,</span> <span class='ocrx_word' id='word_1_45' title='bbox 1361 1529 1414 1613; x_wconf 96' lang='lat' dir='ltr'>ut</span> <span class='ocrx_word' id='word_1_46' title='bbox 1458 1545 1808 1644; x_wconf 90' lang='lat' dir='ltr'>quaecumque</span> 
     </span>
     <span class='ocr_line' id='line_1_9' title="bbox 450 1638 1808 1806; baseline 0.005 -63"><span class='ocrx_word' id='word_1_47' title='bbox 450 1638 500 1743; x_wconf 93' lang='lat' dir='ltr'>in</span> <span class='ocrx_word' id='word_1_48' title='bbox 531 1644 639 1751; x_wconf 91' lang='lat' dir='ltr'>aliis</span> <span class='ocrx_word' id='word_1_49' title='bbox 670 1645 809 1752; x_wconf 92' lang='lat' dir='ltr'>libris</span> <span class='ocrx_word' id='word_1_50' title='bbox 841 1645 1222 1786; x_wconf 86' lang='lat' dir='ltr'>Hieronymi</span> <span class='ocrx_word' id='word_1_51' title='bbox 1194 1690 1266 1771; x_wconf 80' lang='lat' dir='ltr'>nS,</span> <span class='ocrx_word' id='word_1_52' title='bbox 1294 1690 1424 1786; x_wconf 91' lang='lat' dir='ltr'>quae</span> <span class='ocrx_word' id='word_1_53' title='bbox 1451 1688 1500 1806; x_wconf 82' lang='lat' dir='ltr'>in</span> <span class='ocrx_word' id='word_1_54' title='bbox 1528 1646 1624 1752; x_wconf 89' lang='lat' dir='ltr'>hoc</span> <span class='ocrx_word' id='word_1_55' title='bbox 1653 1646 1808 1804; x_wconf 82' lang='lat' dir='ltr'>Com-</span> 
     </span>
     <span class='ocr_line' id='line_1_10' title="bbox 451 1786 1808 1926; baseline -0.001 -34"><span class='ocrx_word' id='word_1_56' title='bbox 451 1811 590 1894; x_wconf 87' lang='lat' dir='ltr'>ment</span> <span class='ocrx_word' id='word_1_57' title='bbox 573 1786 747 1893; x_wconf 87' lang='lat' dir='ltr'>tariolo</span> <span class='ocrx_word' id='word_1_58' title='bbox 767 1787 1014 1926; x_wconf 85' lang='lat' dir='ltr'>leguntur,</span> <span class='ocrx_word' id='word_1_59' title='bbox 1034 1789 1252 1896; x_wconf 85' lang='lat' dir='ltr'>evidenti</span> <span class='ocrx_word' id='word_1_60' title='bbox 1266 1788 1583 1895; x_wconf 83' lang='lat' dir='ltr'>connexione</span> <span class='ocrx_word' id='word_1_61' title='bbox 1604 1786 1808 1893; x_wconf 89' lang='lat' dir='ltr'>coniun-</span> 
     </span>
     <span class='ocr_line' id='line_1_11' title="bbox 451 1929 1808 2089; baseline -0.003 -54"><span class='ocrx_word' id='word_1_62' title='bbox 451 1953 530 2035; x_wconf 92' lang='lat' dir='ltr'>cta</span> <span class='ocrx_word' id='word_1_63' title='bbox 545 1949 727 2048; x_wconf 90' lang='lat' dir='ltr'>essent</span> <span class='ocrx_word' id='word_1_64' title='bbox 745 1952 861 2033; x_wconf 91' lang='lat' dir='ltr'>ante</span> <span class='ocrx_word' id='word_1_65' title='bbox 876 1929 1050 2035; x_wconf 90' lang='lat' dir='ltr'>oculos</span> <span class='ocrx_word' id='word_1_66' title='bbox 1065 1943 1433 2089; x_wconf 88' lang='lat' dir='ltr'>proponerem¹</span> <span class='ocrx_word' id='word_1_67' title='bbox 1451 1929 1668 2087; x_wconf 92' lang='lat' dir='ltr'>:quippe</span> <span class='ocrx_word' id='word_1_68' title='bbox 1693 1967 1808 2032; x_wconf 88' lang='lat' dir='ltr'>cum</span> 
     </span>
     <span class='ocr_line' id='line_1_12' title="bbox 452 2068 1810 2315; baseline -0.002 -140"><span class='ocrx_word' id='word_1_69' title='bbox 452 2070 588 2176; x_wconf 89' lang='lat' dir='ltr'>haud</span> <span class='ocrx_word' id='word_1_70' title='bbox 606 2109 783 2207; x_wconf 92' lang='lat' dir='ltr'>parum</span> <span class='ocrx_word' id='word_1_71' title='bbox 799 2071 1104 2176; x_wconf 78' lang='lat' dir='ltr'>auctoritatis</span> <span class='ocrx_word' id='word_1_72' title='bbox 1127 2112 1361 2178; x_wconf 83' lang='lat' dir='ltr'>universo</span> <span class='ocrx_word' id='word_1_73' title='bbox 1377 2111 1515 2315; x_wconf 83' lang='lat' dir='ltr'>open</span> <span class='ocrx_word' id='word_1_74' title='bbox 1534 2112 1596 2175; x_wconf 89' lang='lat' dir='ltr'>ex</span> <span class='ocrx_word' id='word_1_75' title='bbox 1609 2071 1702 2175; x_wconf 88' lang='lat' dir='ltr'>hac</span> <span class='ocrx_word' id='word_1_76' title='bbox 1715 2068 1810 2172; x_wconf 93' lang='lat' dir='ltr'>col-</span> 
     </span>
     <span class='ocr_line' id='line_1_13' title="bbox 453 2209 1810 2351; baseline -0.002 -35"><span class='ocrx_word' id='word_1_77' title='bbox 453 2210 637 2318; x_wconf 90' lang='lat' dir='ltr'>latione</span> <span class='ocrx_word' id='word_1_78' title='bbox 651 2211 889 2316; x_wconf 85' lang='lat' dir='ltr'>accedere</span> <span class='ocrx_word' id='word_1_79' title='bbox 906 2211 1076 2348; x_wconf 90' lang='lat' dir='ltr'>possit.</span> <span class='ocrx_word' id='word_1_80' title='bbox 1090 2211 1308 2351; x_wconf 86' lang='lat' dir='ltr'>Quod</span> <span class='ocrx_word' id='word_1_81' title='bbox 1270 2253 1310 2318; x_wconf 76' lang='grc' dir='ltr'><strong>ει</strong></span> <span class='ocrx_word' id='word_1_82' title='bbox 1327 2254 1407 2317; x_wconf 90' lang='lat' dir='ltr'>cur</span> <span class='ocrx_word' id='word_1_83' title='bbox 1425 2211 1549 2318; x_wconf 85' lang='lat' dir='ltr'>sorte</span> <span class='ocrx_word' id='word_1_84' title='bbox 1568 2209 1810 2330; x_wconf 84' lang='lat' dir='ltr'>videatur,</span> 
     </span>
     <span class='ocr_line' id='line_1_14' title="bbox 454 2349 1813 2492; baseline -0.003 -34"><span class='ocrx_word' id='word_1_85' title='bbox 454 2394 555 2458; x_wconf 94' lang='lat' dir='ltr'>non</span> <span class='ocrx_word' id='word_1_86' title='bbox 584 2391 745 2488; x_wconf 89' lang='lat' dir='ltr'>pauca</span> <span class='ocrx_word' id='word_1_87' title='bbox 767 2393 797 2455; x_wconf 91' lang='lat' dir='ltr'>a</span> <span class='ocrx_word' id='word_1_88' title='bbox 818 2392 898 2457; x_wconf 93' lang='lat' dir='ltr'>me</span> <span class='ocrx_word' id='word_1_89' title='bbox 925 2351 1094 2457; x_wconf 88' lang='lat' dir='ltr'>relicta</span> <span class='ocrx_word' id='word_1_90' title='bbox 1120 2394 1242 2476; x_wconf 90' lang='lat' dir='ltr'>esse,</span> <span class='ocrx_word' id='word_1_91' title='bbox 1272 2353 1322 2458; x_wconf 93' lang='lat' dir='ltr'>in</span> <span class='ocrx_word' id='word_1_92' title='bbox 1347 2352 1533 2492; x_wconf 90' lang='lat' dir='ltr'>quibus</span> <span class='ocrx_word' id='word_1_93' title='bbox 1561 2374 1692 2457; x_wconf 91' lang='lat' dir='ltr'>recte</span> <span class='ocrx_word' id='word_1_94' title='bbox 1712 2349 1813 2455; x_wconf 90' lang='lat' dir='ltr'>otia</span> 
     </span>
     <span class='ocr_line' id='line_1_15' title="bbox 453 2493 1811 2654; baseline -0.004 -55"><span class='ocrx_word' id='word_1_95' title='bbox 453 2516 883 2613; x_wconf 88' lang='lat' dir='ltr'>consumerentur,</span> <span class='ocrx_word' id='word_1_96' title='bbox 935 2494 1189 2631; x_wconf 88' lang='lat' dir='ltr'>praeclare</span> <span class='ocrx_word' id='word_1_97' title='bbox 1235 2493 1447 2654; x_wconf 82' lang='lat' dir='ltr'>quidem</span> <span class='ocrx_word' id='word_1_98' title='bbox 1493 2493 1610 2599; x_wconf 90' lang='lat' dir='ltr'>ille:</span> <span class='ocrx_word' id='word_1_99' title='bbox 1659 2531 1811 2630; x_wconf 90' lang='lat' dir='ltr'>quem</span> 
     </span>
     <span class='ocr_line' id='line_1_16' title="bbox 455 2632 1813 2794; baseline -0.003 -53"><span class='ocrx_word' id='word_1_100' title='bbox 455 2659 622 2793; x_wconf 82' lang='lat' dir='ltr'>tamen</span> <span class='ocrx_word' id='word_1_101' title='bbox 652 2632 943 2739; x_wconf 89' lang='lat' dir='ltr'>meminisse</span> <span class='ocrx_word' id='word_1_102' title='bbox 962 2633 1127 2757; x_wconf 91' lang='lat' dir='ltr'>velim,</span> <span class='ocrx_word' id='word_1_103' title='bbox 1149 2634 1326 2772; x_wconf 95' lang='lat' dir='ltr'>quod</span> <span class='ocrx_word' id='word_1_104' title='bbox 1315 2676 1413 2794; x_wconf 88' lang='lat' dir='ltr'>ram</span> <span class='ocrx_word' id='word_1_105' title='bbox 1435 2675 1485 2740; x_wconf 94' lang='lat' dir='ltr'>m</span> <span class='ocrx_word' id='word_1_106' title='bbox 1512 2633 1659 2771; x_wconf 82' lang='lat' dir='ltr'>primi</span> <span class='ocrx_word' id='word_1_107' title='bbox 1648 2632 1813 2738; x_wconf 85' lang='grc' dir='ltr'><strong>νοΙιι-</strong></span> 
     </span>
    </p>
   </div>
   <div class='ocr_carea' id='block_1_3' title="bbox 456 2773 1816 3335">
    <p class='ocr_par' dir='ltr' id='par_1_4' title="bbox 456 2773 1814 3335">
     <span class='ocr_line' id='line_1_17' title="bbox 457 2773 1814 2932; baseline -0.004 -50"><span class='ocrx_word' id='word_1_108' title='bbox 457 2774 610 2882; x_wconf 89' lang='lat' dir='ltr'>minis</span> <span class='ocrx_word' id='word_1_109' title='bbox 636 2773 941 2912; x_wconf 76' lang='lat' dir='ltr'>praefatione</span> <span class='ocrx_word' id='word_1_110' title='bbox 969 2775 1205 2880; x_wconf 87' lang='lat' dir='ltr'>lectorem</span> <span class='ocrx_word' id='word_1_111' title='bbox 1233 2775 1423 2898; x_wconf 84' lang='lat' dir='ltr'>monui,</span> <span class='ocrx_word' id='word_1_112' title='bbox 1455 2817 1516 2881; x_wconf 90' lang='lat' dir='ltr'>eo</span> <span class='ocrx_word' id='word_1_113' title='bbox 1548 2773 1814 2932; x_wconf 88' lang='lat' dir='ltr'>praecipue</span> 
     </span>
     <span class='ocr_line' id='line_1_18' title="bbox 457 2913 1815 3074; baseline -0.003 -52"><span class='ocrx_word' id='word_1_114' title='bbox 457 2915 704 3074; x_wconf 80' lang='lat' dir='ltr'>pertinere</span> <span class='ocrx_word' id='word_1_115' title='bbox 732 2916 913 3021; x_wconf 90' lang='lat' dir='ltr'>haecce</span> <span class='ocrx_word' id='word_1_116' title='bbox 959 2917 1202 3021; x_wconf 83' lang='lat' dir='ltr'>Anecdo</span> <span class='ocrx_word' id='word_1_117' title='bbox 1183 2940 1246 3038; x_wconf 87' lang='lat' dir='ltr'>a</span> <span class='ocrx_word' id='word_1_118' title='bbox 1276 2929 1368 3022; x_wconf 93' lang='lat' dir='ltr'>‘ut</span> <span class='ocrx_word' id='word_1_119' title='bbox 1393 2915 1528 3022; x_wconf 90' lang='lat' dir='ltr'>varia</span> <span class='ocrx_word' id='word_1_120' title='bbox 1557 2954 1680 3072; x_wconf 68' lang='lat' dir='ltr'>aevi</span> <span class='ocrx_word' id='word_1_121' title='bbox 1692 2913 1815 3072; x_wconf 82' lang='lat' dir='ltr'>anti·</span> 
     </span>
     <span class='ocr_line' id='line_1_19' title="bbox 456 3004 1816 3213; baseline -0.002 -52"><span class='ocrx_word' id='word_1_122' title='bbox 456 3099 543 3195; x_wconf 87' lang='lat' dir='ltr'>qur</span> <span class='ocrx_word' id='word_1_123' title='bbox 571 3055 755 3213; x_wconf 89' lang='lat' dir='ltr'>scripta</span> <span class='ocrx_word' id='word_1_124' title='bbox 780 3056 1130 3195; x_wconf 83' lang='lat' dir='ltr'>proferantur</span> <span class='ocrx_word' id='word_1_125' title='bbox 1119 3097 1169 3161; x_wconf 90' lang='grc' dir='ltr'>ιιι</span> <span class='ocrx_word' id='word_1_126' title='bbox 1196 3004 1374 3178; x_wconf 81' lang='lat' dir='ltr'>lucem,</span> <span class='ocrx_word' id='word_1_127' title='bbox 1402 3069 1533 3194; x_wconf 90' lang='lat' dir='ltr'>quae</span> <span class='ocrx_word' id='word_1_128' title='bbox 1577 3055 1681 3194; x_wconf 92' lang='lat' dir='ltr'>peri</span> <span class='ocrx_word' id='word_1_129' title='bbox 1687 3054 1816 3159; x_wconf 87' lang='lat' dir='ltr'>tiori-</span> 
     </span>
     <span class='ocr_line' id='line_1_20' title="bbox 457 3197 1811 3335; baseline -0.003 -31"><span class='ocrx_word' id='word_1_130' title='bbox 457 3200 553 3304; x_wconf 92' lang='lat' dir='ltr'>bus</span> <span class='ocrx_word' id='word_1_131' title='bbox 580 3238 779 3334; x_wconf 79' lang='lat' dir='ltr'>copiam</span> <span class='ocrx_word' id='word_1_132' title='bbox 807 3239 857 3302; x_wconf 90' lang='lat' dir='ltr'>rn</span> <span class='ocrx_word' id='word_1_133' title='bbox 878 3198 1110 3304; x_wconf 87' lang='lat' dir='ltr'>ulteriora</span> <span class='ocrx_word' id='word_1_134' title='bbox 1136 3197 1419 3335; x_wconf 86' lang='lat' dir='ltr'>inquirendi</span> <span class='ocrx_word' id='word_1_135' title='bbox 1446 3197 1811 3335; x_wconf 90' lang='lat' dir='ltr'>suppeditent&#39;.</span> 
     </span>
    </p>
   </div>
   <div class='ocr_carea' id='block_1_4' title="bbox 460 3477 1822 4610">
    <p class='ocr_par' dir='ltr' id='par_1_5' title="bbox 460 3477 1822 4610">
     <span class='ocr_line' id='line_1_21' title="bbox 536 3477 1819 3618; baseline -0.002 -34"><span class='ocrx_word' id='word_1_136' title='bbox 536 3481 647 3586; x_wconf 88' lang='lat' dir='ltr'>Iam</span> <span class='ocrx_word' id='word_1_137' title='bbox 682 3479 753 3588; x_wconf 89' lang='lat' dir='ltr'>eis</span> <span class='ocrx_word' id='word_1_138' title='bbox 789 3479 947 3618; x_wconf 86' lang='lat' dir='ltr'>gratia</span> <span class='ocrx_word' id='word_1_139' title='bbox 990 3480 1248 3585; x_wconf 87' lang='lat' dir='ltr'>referenda</span> <span class='ocrx_word' id='word_1_140' title='bbox 1290 3501 1378 3600; x_wconf 89' lang='lat' dir='ltr'>est,</span> <span class='ocrx_word' id='word_1_141' title='bbox 1420 3480 1506 3616; x_wconf 94' lang='lat' dir='ltr'>qui</span> <span class='ocrx_word' id='word_1_142' title='bbox 1552 3521 1634 3585; x_wconf 87' lang='lat' dir='ltr'>me</span> <span class='ocrx_word' id='word_1_143' title='bbox 1677 3477 1819 3584; x_wconf 88' lang='lat' dir='ltr'>aliter</span> 
     </span>
     <span class='ocr_line' id='line_1_22' title="bbox 460 3619 1818 3760; baseline -0.004 -31"><span class='ocrx_word' id='word_1_144' title='bbox 460 3645 611 3759; x_wconf 92' lang='lat' dir='ltr'>atque</span> <span class='ocrx_word' id='word_1_145' title='bbox 637 3623 779 3728; x_wconf 90' lang='lat' dir='ltr'>aliter</span> <span class='ocrx_word' id='word_1_146' title='bbox 805 3622 854 3725; x_wconf 90' lang='lat' dir='ltr'>in</span> <span class='ocrx_word' id='word_1_147' title='bbox 883 3619 960 3725; x_wconf 90' lang='lat' dir='ltr'>his</span> <span class='ocrx_word' id='word_1_148' title='bbox 1011 3620 1316 3760; x_wconf 90' lang='lat' dir='ltr'>Hieronymi</span> <span class='ocrx_word' id='word_1_149' title='bbox 1346 3621 1393 3726; x_wconf 91' lang='lat' dir='ltr'>in</span> <span class='ocrx_word' id='word_1_150' title='bbox 1427 3620 1658 3726; x_wconf 90' lang='lat' dir='ltr'>Psalmos</span> <span class='ocrx_word' id='word_1_151' title='bbox 1684 3660 1818 3724; x_wconf 91' lang='lat' dir='ltr'>com-</span> 
     </span>
     <span class='ocr_line' id='line_1_23' title="bbox 462 3760 1819 3899; baseline -0.004 -29"><span class='ocrx_word' id='word_1_152' title='bbox 462 3763 768 3870; x_wconf 89' lang='lat' dir='ltr'>mentariolis</span> <span class='ocrx_word' id='word_1_153' title='bbox 795 3763 1006 3868; x_wconf 91' lang='lat' dir='ltr'>edendis</span> <span class='ocrx_word' id='word_1_154' title='bbox 1033 3761 1347 3883; x_wconf 87' lang='lat' dir='ltr'>adiuverunt,</span> <span class='ocrx_word' id='word_1_155' title='bbox 1377 3762 1427 3866; x_wconf 92' lang='lat' dir='ltr'>in</span> <span class='ocrx_word' id='word_1_156' title='bbox 1453 3762 1628 3899; x_wconf 90' lang='lat' dir='ltr'>primis</span> <span class='ocrx_word' id='word_1_157' title='bbox 1648 3760 1819 3866; x_wconf 89' lang='lat' dir='ltr'>abbati</span> 
     </span>
     <span class='ocr_line' id='line_1_24' title="bbox 464 3903 1819 4012; baseline -0.004 -2"><span class='ocrx_word' id='word_1_158' title='bbox 464 3947 578 4010; x_wconf 95' lang='lat' dir='ltr'>meo</span> <span class='ocrx_word' id='word_1_159' title='bbox 611 3903 1027 4012; x_wconf 86' lang='lat' dir='ltr'>reverendissimo</span> <span class='ocrx_word' id='word_1_160' title='bbox 1056 3903 1164 4008; x_wconf 87' lang='lat' dir='ltr'>viro</span> <span class='ocrx_word' id='word_1_161' title='bbox 1206 3944 1562 4008; x_wconf 71' lang='lat' dir='ltr'>arroennnnoo</span> <span class='ocrx_word' id='word_1_162' title='bbox 1589 3959 1638 4008; x_wconf 65' lang='lat' dir='ltr'>nr,</span> <span class='ocrx_word' id='word_1_163' title='bbox 1666 3943 1819 4007; x_wconf 80' lang='lat' dir='ltr'><strong>HEMP·</strong></span> 
     </span>
     <span class='ocr_line' id='line_1_25' title="bbox 464 4041 1819 4185; baseline -0.003 -34"><span class='ocrx_word' id='word_1_164' title='bbox 464 4089 630 4168; x_wconf 71' lang='lat' dir='ltr'>arnna,</span> <span class='ocrx_word' id='word_1_165' title='bbox 658 4045 744 4185; x_wconf 92' lang='lat' dir='ltr'>qui</span> <span class='ocrx_word' id='word_1_166' title='bbox 784 4045 898 4150; x_wconf 85' lang='lat' dir='ltr'>licet</span> <span class='ocrx_word' id='word_1_167' title='bbox 939 4085 1073 4149; x_wconf 92' lang='lat' dir='ltr'>nunc</span> <span class='ocrx_word' id='word_1_168' title='bbox 1099 4044 1316 4150; x_wconf 86' lang='lat' dir='ltr'>universi</span> <span class='ocrx_word' id='word_1_169' title='bbox 1347 4043 1563 4150; x_wconf 89' lang='lat' dir='ltr'>Ordinis</span> <span class='ocrx_word' id='word_1_170' title='bbox 1607 4041 1819 4149; x_wconf 90' lang='lat' dir='ltr'>Benedi-</span> 
     </span>
     <span class='ocr_line' id='line_1_26' title="bbox 466 4185 1821 4326; baseline -0.003 -34"><span class='ocrx_word' id='word_1_171' title='bbox 466 4188 586 4293; x_wconf 88' lang='lat' dir='ltr'>ctini</span> <span class='ocrx_word' id='word_1_172' title='bbox 613 4189 884 4326; x_wconf 88' lang='lat' dir='ltr'>primatum</span> <span class='ocrx_word' id='word_1_173' title='bbox 909 4209 1063 4325; x_wconf 86' lang='lat' dir='ltr'>gerat,</span> <span class='ocrx_word' id='word_1_174' title='bbox 1087 4185 1463 4290; x_wconf 85' lang='lat' dir='ltr'>Maredsolanis</span> <span class='ocrx_word' id='word_1_175' title='bbox 1490 4209 1656 4290; x_wconf 89' lang='lat' dir='ltr'>tamen</span> <span class='ocrx_word' id='word_1_176' title='bbox 1680 4186 1821 4289; x_wconf 76' lang='lat' dir='ltr'>Ane-</span> 
     </span>
     <span class='ocr_line' id='line_1_27' title="bbox 464 4326 1822 4434; baseline -0.004 0"><span class='ocrx_word' id='word_1_177' title='bbox 464 4329 626 4434; x_wconf 91' lang='lat' dir='ltr'>cdotis</span> <span class='ocrx_word' id='word_1_178' title='bbox 676 4329 837 4434; x_wconf 88' lang='lat' dir='ltr'>sautor</span> <span class='ocrx_word' id='word_1_179' title='bbox 885 4369 994 4433; x_wconf 90' lang='lat' dir='ltr'>esse</span> <span class='ocrx_word' id='word_1_180' title='bbox 1045 4368 1147 4431; x_wconf 92' lang='lat' dir='ltr'>non</span> <span class='ocrx_word' id='word_1_181' title='bbox 1198 4326 1399 4432; x_wconf 88' lang='lat' dir='ltr'>destitit.</span> <span class='ocrx_word' id='word_1_182' title='bbox 1439 4327 1580 4431; x_wconf 86' lang='lat' dir='ltr'>Tum</span> <span class='ocrx_word' id='word_1_183' title='bbox 1621 4365 1822 4431; x_wconf 91' lang='lat' dir='ltr'>summo</span> 
     </span>
     <span class='ocr_line' id='line_1_28' title="bbox 465 4468 1820 4610; baseline -0.004 -35"><span class='ocrx_word' id='word_1_184' title='bbox 465 4471 605 4610; x_wconf 84' lang='lat' dir='ltr'>regni</span> <span class='ocrx_word' id='word_1_185' title='bbox 638 4469 829 4609; x_wconf 87' lang='lat' dir='ltr'>Belgici</span> <span class='ocrx_word' id='word_1_186' title='bbox 858 4468 1084 4574; x_wconf 89' lang='lat' dir='ltr'>ministro</span> <span class='ocrx_word' id='word_1_187' title='bbox 1111 4509 1249 4575; x_wconf 72' lang='lat' dir='ltr'>runo</span> <span class='ocrx_word' id='word_1_188' title='bbox 1270 4525 1319 4574; x_wconf 71' lang='lat' dir='ltr'>ms</span> <span class='ocrx_word' id='word_1_189' title='bbox 1340 4509 1532 4574; x_wconf 74' lang='lat' dir='ltr'>numer</span> <span class='ocrx_word' id='word_1_190' title='bbox 1557 4488 1820 4604; x_wconf 90' lang='lat' dir='ltr'>acceptum</span> 
     </span>
    </p>
   </div>
   <div class='ocr_carea' id='block_1_5' title="bbox 465 4701 1821 4878">
    <p class='ocr_par' dir='ltr' id='par_1_6' title="bbox 465 4701 1821 4878">
     <span class='ocr_line' id='line_1_29' title="bbox 513 4701 1821 4790; baseline -0.005 -21"><span class='ocrx_word' id='word_1_191' title='bbox 513 4725 535 4770; x_wconf 88' lang='lat'>1.</span> <span class='ocrx_word' id='word_1_192' title='bbox 563 4707 759 4790; x_wconf 86' lang='lat' dir='ltr'>Plerumque</span> <span class='ocrx_word' id='word_1_193' title='bbox 776 4727 853 4769; x_wconf 80' lang='lat' dir='ltr'>usus</span> <span class='ocrx_word' id='word_1_194' title='bbox 880 4727 952 4769; x_wconf 89' lang='lat' dir='ltr'>sum</span> <span class='ocrx_word' id='word_1_195' title='bbox 970 4707 1117 4771; x_wconf 83' lang='lat' dir='ltr'>editione</span> <span class='ocrx_word' id='word_1_196' title='bbox 1137 4710 1226 4790; x_wconf 85' lang='lat' dir='ltr'>typis</span> <span class='ocrx_word' id='word_1_197' title='bbox 1244 4706 1384 4790; x_wconf 79' lang='lat' dir='ltr'>repetita</span> <span class='ocrx_word' id='word_1_198' title='bbox 1400 4705 1489 4788; x_wconf 88' lang='lat' dir='ltr'>apud</span> <span class='ocrx_word' id='word_1_199' title='bbox 1517 4703 1632 4784; x_wconf 84' lang='lat' dir='ltr'>Migne</span> <span class='ocrx_word' id='word_1_200' title='bbox 1657 4701 1742 4765; x_wconf 91' lang='lat' dir='ltr'>Patr.</span> <span class='ocrx_word' id='word_1_201' title='bbox 1766 4701 1821 4764; x_wconf 86' lang='lat' dir='ltr'>lat.</span> 
     </span>
     <span class='ocr_line' id='line_1_30' title="bbox 465 4793 990 4878; baseline 0.002 -22"><span class='ocrx_word' id='word_1_202' title='bbox 465 4793 507 4876; x_wconf 90' lang='lat' dir='ltr'>(a.</span> <span class='ocrx_word' id='word_1_203' title='bbox 528 4795 609 4875; x_wconf 90' lang='lat'>1864</span> <span class='ocrx_word' id='word_1_204' title='bbox 625 4795 710 4878; x_wconf 84' lang='lat' dir='ltr'>sqq.)</span> <span class='ocrx_word' id='word_1_205' title='bbox 727 4793 788 4858; x_wconf 86' lang='lat' dir='ltr'>vol.</span> <span class='ocrx_word' id='word_1_206' title='bbox 805 4808 990 4858; x_wconf 86' lang='grc' dir='ltr'><strong>ΧΧιι-ΧΧΧ.</strong></span> 
     </span>
    </p>
   </div>
   <div class='ocr_carea' id='block_1_6' title="bbox 0 0 2089 5496">
    <p class='ocr_par' dir='ltr' id='par_1_7' title="bbox 0 0 2089 5496">
     <span class='ocr_line' id='line_1_31' title="bbox 0 0 2089 5496; baseline 0 0"><span class='ocrx_word' id='word_1_207' title='bbox 0 0 2089 5496; x_wconf 95' lang='lat' dir='ltr'> </span> 
     </span>
    </p>
   </div>
  </div>
 </body>
</html>
