4154 5494
614 381 950 458 racemosus
968 371 1261 457 'esnuuo'c'vut
1547 378 1622 482 185

264 610 356 676 exire
371 631 438 676 non
464 611 550 676 licet.
573 613 617 678 Et
633 631 709 677 vere
730 633 773 676 ex
798 603 861 679 is'ta
882 605 1026 692 civitate,
1040 612 1102 676 nisi
1127 612 1302 690 Dominus,
1321 607 1428 679 'tristor'
1448 633 1514 678 non
1537 615 1622 680 exiit

263 734 363 779 nemo
377 714 469 780 alter.
486 715 532 779 Et
549 737 624 780 vere
639 717 756 780 civitas
778 717 906 781 munita
922 725 972 782 est
988 716 1060 780 ista.
1083 715 1221 798 Moyses
1236 711 1359 782 de'ista
1375 716 1511 782 civitate
1526 719 1619 782 exire

263 838 329 884 non
354 820 472 902 potuit.
499 819 545 884 Et
577 811 679 885 Iacob
705 821 858 886 similiter·
882 815 1018 887 intravit
1044 821 1077 884 iri
1104 820 1191 884 hanc
1214 819 1393 898 civitatem,
1417 831 1455 890 et
1478 842 1544 887 non
1570 832 1620 888 est

263 942 419 988 reversus.
435 923 548 987 Vultis
570 925 653 989 scire
667 916 825 1008 quoniam
850 945 916 990 non
933 934 984 989 cst
1008 928 1179 988 reversus?
1195 924 1350 1008 Denique
1373 925 1455 991 dicit
1470 923 1522 990 ad'
1534 925 1621 992 filios

227 1043 243 1096 5
261 1034 374 1092 suos:‘
388 1028 524 1112 Lugens
539 1028 740 1102 descendam
765 1032 807 1096 ad
825 1028 972 1096 inlesos.¹
989 1028 1045 1092 Ad
1069 1026 1192 1092 inferos
1213 1027 1324 1094 autem
1341 1024 1619 1113 descendit,'quia

261 1131 403 1195 necdum
419 1140 490 1196 erat
507 1133 679 1214 paradisus
695 1155 715 1198 a
737 1135 864 1200 latrone
880 1141 1024 1218 apertus.
1040 1131 1175 1195 Munita
1190 1141 1241 1196 est
1257 1131 1320 1196 ista
1335 1131 1452 1196 civitas
1467 1132 1510 1196 ad
1527 1151 1618 1214 egre-

260 1233 429 1312 diendum,
447 1245 563 1318 aperta
585 1247 636 1302 est
660 1249 772 1304 autem
796 1240 839 1304 ad
864 1238 1108 1302 introeundum.
1132 1234 1216 1314 Quis
1232 1234 1363 1298 deducet
1383 1255 1433 1298 me
1454 1245 1557 1318 'usque
1583 1212 1637 1298 iu'

258 1336 475 1402 Idumaeam?
495 1339 563 1404 Ubi
580 1335 671 1406 locus
691 1351 741 1407 est
764 1361 946 1426 poenarum
969 1351 1003 1406 et
1024 1341 1203 1424 sanguinis.
1225 1339 1386 1403 Idumaea
1410 1339 1498 1404 enirn
1518 1339 1616 1416 inter,-

259 1449 406 1521 pretatur
421 1442 613 1524 sanguinea.
632 1442 741 1508 Locus
756 1443 932 1510 occisionis
948 1441 1145 1521 animarum,
1162 1443 1217 1506 ubi
1234 1442 1360 1508 multae
1375 1441 1617 1508 interficiuntur

207 1565 240 1604 ιο
257 1543 396 1608 animae.
414 1543 526 1608 Nemo
546 1541 635 1610 enim
652 1547 757 1612 victor
778 1547 951 1614 descendit
973 1548 1005 1610 in
1024 1546 1198 1621 infernum,
1219 1544 1281 1608 nisi
1298 1555 1334 1609 tu
1351 1545 1441 1610 solus
1462 1546 1616 1612 Domine.

301 1644 371 1724 Qui
384 1648 553 1730 reppulisti
569 1671 638 1714 eros.
658 1650 775 1716 Nonne
795 1660 831 1715 tu
847 1650 938 1714 Deus
957 1651 1017 1732 qui
1034 1647 1204 1733 reppulisti
1224 1668 1281 1711 uos
1304 1648 1418 1713 PNon
1435 1649 1532 1726 dixit,
1548 1647 1615 1732 Qui

255 1749 386 1832 repellis
403 1762 472 1828 nos,
495 1753 564 1830 sed,
580 1753 647 1837 Qui
663 1745 845 1839 aliquando
861 1755 1034 1838 reppulisti
1052 1772 1121 1818 nos.
1137 1752 1186 1817 Et
1199 1772 1262 1814 uon
1277 1749 1379 1814 exibis
1393 1750 1484 1814 Deus
1500 1751 1535 1815 in
1547 1751 1615 1814 uir·

254 1855 378 1919 tutibus
392 1857 544 1920 nostris?
561 1857 656 1924 Haec
671 1857 907 1941 interrogative
922 1857 1064 1941 legenda
1086 1865 1178 1921 sunt:
1196 1854 1241 1918 Et
1258 1873 1323 1919 non
1341 1854 1450 1918 exibis
1472 1854 1564 1919 Deus
1581 1855 1613 1918 in

254 1957 430 2025 virtutibus
451 1962 596 2026 nostris?
612 1960 680 2046 Qui
699 1982 816 2050 passus
837 1982 873 2025 es
889 1983 950 2045 pro
966 1962 1075 2042 nobis,
1097 1979 1199 2044 quare
1221 1979 1287 2023 non
1306 1960 1445 2024 adiuvas
1469 1978 1539 2036 nos,
1554 1961 1612 2024 sed

205 2085 234 2140 ις
253 2062 375 2142 pateris
390 2063 576 2130 conculcari
593 2085 654 2133 nos
673 2085 692 2130 a
708 2065 843 2130 diabolo
862 2065 1118 2129 crudelissimo?
1136 2063 1181 2128 Et
1196 2083 1257 2126 nou
1271 2061 1374 2126 exibis
1383 2062 1474 2126 Deus
1489 2063 1525 2124 iu
1541 2063 1609 2128 vir·

251 2163 376 2229 tutibus
394 2168 542 2234 uostrs's?
556 2167 680 2234 Videte
701 2169 780 2252 quid
798 2167 886 2232 dicit.
909 2169 986 2232 Non
1003 2167 1101 2244 dixit,
1123 2186 1189 2230 non
1206 2167 1317 2244 existi,
1336 2167 1404 2246 sed,
1420 2186 1486 2230 non
1503 2167 1613 2232 exibis

252 2265 345 2332 Deus
362 2269 394 2332 in
412 2271 588 2338 virtutibus
605 2273 734 2337 nostris.
753 2272 829 2336 Hoc
846 2271 917 2337 vult
937 2272 1062 2337 dicere:
1079 2269 1228 2354 Quando
1243 2271 1442 2349 laboramus,
1459 2281 1538 2336 tunc
1554 2273 1612 2336 ad·

251 2372 342 2437 iuvat
359 2393 419 2438 nos
435 2374 536 2440 Deus.
553 2377 648 2440 ‘Non
661 2386 710 2441 est
727 2376 815 2440 enim
829 2376 972 2441 volentis
986 2395 1093 2460 neque
1108 2375 1279 2452 currentis,
1293 2379 1352 2438 sed
1366 2373 1551 2440 miserentis
1561 2387 1613 2441 est

251 2474 324 2540 Dei.
337 2475 344 2503 ’
358 2477 482 2544 Videte
495 2479 573 2564 quid
586 2481 692 2546 dicat:
709 2481 786 2545 Non
799 2491 851 2546 est
867 2481 1004 2545 iacentis
1017 2499 1125 2563 neque
1137 2480 1342 2557 dormientis,
1354 2480 1412 2543 sed
1426 2480 1611 2545 miserentis

202 2609 234 2648 ao
250 2588 301 2643 est
317 2579 405 2646 Dei?
420 2582 479 2648 scd
496 2583 607 2648 videte
623 2586 703 2666 quid
719 2586 815 2650 dicit:
833 2584 910 2648 Non
932 2593 984 2648 est
998 2583 1141 2649 volentis
1158 2603 1265 2665 neque
1280 2583 1451 2660 currentis,
1474 2585 1531 2646 sed
1550 2585 1610 2647 mi·

250 2684 388 2750 serentis
413 2685 486 2752 Dei.
508 2685 544 2752 Sl
570 2707 636 2752 non
658 2709 737 2771 ergo
758 2688 959 2752 voluerimus
975 2696 1009 2752 et
1024 2687 1272 2764 cucurrerimus,
1292 2687 1385 2750 Deus
1409 2685 1506 2750 nobis
1528 2687 1607 2766 nihil

250 2787 406 2870 proderit.
423 2789 583 2858 Nostrum
600 2800 651 2856 est
667 2791 752 2856 velle
767 2802 801 2857 et
816 2811 955 2869 currere,
971 2801 1004 2854 et
1020 2800 1136 2874 postea
1153 2790 1246 2854 Deus
1272 2791 1451 2857 miseretur.
1467 2790 1609 2857 Athleta

248 2893 336 2958 enim
353 2893 522 2960 dormiens
538 2896 648 2978 perdit
667 2895 850 2960 victoriam.

290 2997 349 3062 Da
372 2997 463 3064 uobis
481 2999 645 3066 auxilium
665 2999 705 3062 de
724 2999 943 3064 tribulatione.
967 2998 1044 3063 Non
1072 2999 1170 3074 dixit,
1188 2999 1242 3062 Da
1267 2997 1363 3062 nobis
1381 2997 1544 3064 auxilium
1565 2999 1608 3064 de

201 3130 229 3184 ις
246 3101 382 3184 deliciis,
406 3103 475 3180 scd,
498 3105 542 3169 de
562 3103 785 3169 tribulatione.
805 3103 879 3169 ‘Ad
900 3101 1085 3167 Dominum
1107 3121 1183 3166 cum
1206 3099 1379 3165 tribularer
1400 3100 1551 3179 clamavi,
1573 3111 1607 3166 et

246 3205 419 3275 exaudivit
441 3207 523 3276 me.'
541 3207 617 3272 Non
634 3207 732 3286 dixit,
754 3227 830 3298 cum
853 3226 960 3270 essem
982 3207 1015 3270 in
1035 3204 1162 3269 deliciis
1185 3204 1335 3279 clamavi,
1356 3215 1414 3272 aut
1437 3206 1607 3272 dormiens

245 3309 395 3380 clamavi.
409 3311 470 3380 Vis
482 3311 633 3376 exaudiri
647 3333 666 3375 a
682 3311 852 3376 Domino?
864 3321 937 3376 esto
949 3310 981 3372 in
992 3308 1349 3386 tribulationetclama,
1361 3319 1394 3374 et
1407 3309 1606 3377 exaudieris.

246 3413 282 3482 Sl
298 3415 373 3500 quia
385 3435 466 3498 crgo
476 3435 543 3480 non
556 3425 606 3480 est
623 3416 655 3480 in
668 3415 891 3492 tribulatione,
907 3415 1069 3478 auxilium
1088 3412 1226 3476 Domini
1239 3412 1393 3477 invocare
1407 3433 1473 3477 non
1485 3422 1605 3496 potest.

245 3515 335 3598 Quia
350 3539 439 3585 vana
452 3519 545 3584 salus
558 3517 709 3596 hominis,
724 3526 730 3548 ¹
744 3517 942 3582 Maledictus
958 3517 1070 3594 homo,
1092 3517 1148 3599 qui
1166 3536 1259 3599 spem
1276 3515 1376 3580 habet
1393 3517 1425 3580 in
1443 3516 1604 3582 homine'

198 3651 228 3702 ³0
246 3621 323 3690 Non
339 3633 390 3688 est
407 3641 541 3688 necesse
562 3624 625 3688 hoc
650 3621 973 3712 interpreta1ri:haec
994 3621 1159 3684 sententia
1175 3620 1329 3684 omnibus
1345 3628 1447 3704 patet.
1470 3620 1604 3704 Aliquis

243 3727 388 3810 speravit
405 3725 437 3790 in
453 3728 661 3811 imperatore,
677 3728 822 3810 speravit
838 3728 870 3790 in
888 3727 1045 3810 principe,
1061 3727 1093 3789 in
1112 3735 1215 3808 patre,
1230 3738 1288 3791 aut
1305 3737 1425 3792 matre:
1441 3726 1474 3791 in
1491 3727 1605 3810 aliquo

244 3831 380 3916 afflatio
394 3831 506 3896 subito
522 3832 711 3895 subtractus
723 3841 775 3896 est
789 3830 1005 3913 spirituseius
1020 3830 1054 3893 in
1068 3828 1167 3914 quem
1180 3830 1235 3894 ille
1250 3832 1404 3913 speravit,
1419 3839 1453 3895 et
1468 3832 1603 3896 evanuit

277 4027 287 4065 ι
301 4017 440 4080 Dominus]
451 4019 475 4067 tt
487 4017 546 4069 add.
560 4019 633 4068 sulus.
735 4016 796 4078 uon]
816 4031 887 4066 mmo
899 4017 934 4077 S;
953 4022 1036 4064 uerter
1046 4015 1102 4065 GL.
1204 4015 1312 4079 amnuo]
1332 4016 1466 4076 ACGLS;
1485 4031 1535 4067 om.
1551 4014 1599 4084 βΒ.

242 4099 347 4164 Moyses]
359 4100 439 4150 Moses
451 4101 476 4152 S.
557 4115 574 4164 4
593 4101 675 4151 Vultis
685 4117 705 4151 s.
719 4116 743 4165 q.
754 4117 783 4150 u.
797 4115 817 4150 e.
832 4098 954 4160 reuersus]
965 4115 1015 4148 om.
1032 4095 1080 4164 βΒ.
1162 4109 1175 4160 7
1188 4097 1223 4147 ad
1231 4097 1422 4160 r'ntroerrudum]
1434 4098 1469 4148 ud
1479 4099 1600 4148 introiere·

240 4181 598 4249 dum33'adiugredieudum
610 4184 643 4233 G.
716 4193 741 4230 ιι
756 4197 794 4246 sq.
808 4180 954 4246 reppulisti]
974 4179 1093 4244 repulisti
1109 4177 1182 4244 βῦῦ.
1253 4177 1345 4243 18sqq.
1361 4177 1510 4240 inserentis]
1530 4179 1600 4230 mire-

241 4266 323 4315 rantis
335 4265 363 4315 B.
435 4277 464 4327 19
474 4265 540 4331 quid
546 4261 733 4332 dicatJssinser.
745 4278 796 4312 nou
804 4263 849 4312 uit.
918 4274 947 4311 21
961 4258 1158 4322 cucurrerimus]
1168 4261 1528 4320 currerimusSmrrrereurus
1540 4261 1597 4312 GL.

243 4355 270 4408 31
284 4347 312 4395 iu
323 4346 409 4411 ulr‘quu
420 4346 525 4411 negotio]
536 4347 610 4396 codd.
624 4347 694 4396 ΑΒΕ
705 4345 812 4410 iungunt
823 4361 880 4396 cum
893 4343 976 4395 verbis
992 4345 1210 4409 praecedentibus.

281 4507 360 4584 pat
370 4502 489 4587 r'useros]
504 4507 613 4567 Genes.
632 4524 678 4581 37,
695 4522 742 4582 35.
945 4524 972 4582 p.
994 4523 1038 4574 rr,
1054 4505 1072 4563 Ι.
1086 4523 1133 4580 30·

284 4607 326 4664 ¹9·
343 4585 417 4668 Dei]
432 4589 522 4647 Rom.
539 4605 566 4662 9,
587 4590 629 4646 16.
987 4588 1032 4644 26.
1050 4581 1105 4664 me]
1121 4585 1167 4642 Ps.
1188 4603 1252 4658 119,
1273 4603 1296 4642 r.

283 4689 326 4728 2².
343 4669 487 4729 Nostrum
501 4677 542 4728 est
555 4670 625 4729 velle
648 4664 719 4748 etc]
742 4669 787 4729 Ci.
804 4687 894 4744 supra
987 4686 1032 4741 29.
1044 4665 1077 4726 in
1091 4661 1216 4745 hosteim]
1233 4667 1337 4724 [erem.
1358 4683 1402 4740 17,
1420 4683 1446 4742 5.

289 4797 400 4840 nmmos·
410 4796 561 4839 Muredsolanu
572 4794 615 4847 tlt,
626 4810 645 4839 e.
