4202 5492
594 419 849 482 TRACTATUS
871 421 929 480 DE
953 422 1119 483 PSALMO
1143 424 1366 483 LXXXVIIII.
1581 421 1651 482 lll

304 643 363 703 ta?
382 638 549 720 Legamus
575 635 744 713 lezeelriel,
760 646 793 701 et
810 638 841 700 in
865 658 931 701 una
948 647 1044 720 porta
1059 639 1198 703 dicitur:
1215 645 1221 670 ⁸
1240 640 1284 703 Et
1300 637 1514 720 ingrediatur,
1537 638 1655 720 inquit,

304 760 362 822 per
377 749 507 823 portam
524 738 660 803 orientis
674 741 706 803 in
723 741 886 824 templum
903 743 992 824 quod
1010 741 1201 805 aedificatur
1214 743 1228 807 ³.
1250 743 1286 806 ln
1313 741 1483 819 lezeclriel,
1496 742 1527 804 in
1545 752 1655 806 extre·

306 864 358 906 ma
383 853 486 927 parte.
502 843 568 906 ‘Et
584 845 751 922 ascendet,
767 847 884 929 inquit,
900 846 1055 910 sacerdos
1071 846 1197 928 primus
1213 866 1272 929 per
1287 854 1414 927 septem
1433 853 1466 908 et
1481 855 1559 908 octo
1582 866 1656 928 gra-

304 943 367 1012 dus
377 948 391 1011 ¹.
404 947 449 1012 Et
465 946 534 1010 fieri
547 957 687 1030 poterat,
699 957 734 1012 ut
753 949 835 1012 inea
851 958 948 1032 porta
959 957 993 1012 et
1003 959 1131 1030 septem
1147 957 1260 1012 essent
1276 949 1407 1030 gradus,
1423 957 1456 1010 et
1468 948 1570 1012 octo?
1588 949 1655 1014 Sed

270 1068 285 1123 5
305 1051 379 1115 vide
394 1051 474 1134 quid
492 1052 591 1117 dicat.
602 1050 783 1116 Orientalis
800 1064 904 1135 porta,
915 1054 1004 1117 unde
1021 1053 1131 1118 lumen
1143 1054 1242 1119 uenit.
1257 1053 1422 1117 Dominus
1433 1061 1545 1116 noster
1556 1064 1658 1136 atque

306 1155 468 1221 Salvator.
486 1156 564 1221 Una
581 1147 716 1238 quidem
734 1164 830 1238 porta
853 1165 914 1234 est,
929 1165 963 1218 et
981 1177 1080 1220 nemo
1096 1157 1281 1238 ingreditur
1307 1157 1339 1219 in
1360 1177 1408 1234 ea,
1425 1157 1486 1219 nisi
1503 1160 1658 1221 sacerdos

306 1279 455 1342 magnus.
473 1261 517 1324 Et
527 1260 606 1343 quid
625 1261 745 1325 dicitur
757 1261 799 1324 ibi
811 1265 842 1323 ?‘
859 1261 959 1326 Porta
974 1261 1056 1324 haec
1073 1281 1204 1345 semper
1219 1260 1330 1324 clausa
1341 1261 1402 1325 erit
1416 1261 1431 1325 '.
1450 1260 1526 1324 Non
1543 1271 1655 1324 autem

305 1366 451 1446 aperitur
464 1365 526 1428 nisi
543 1365 713 1429 sacerdoti.
726 1365 782 1430 Sic
798 1364 898 1446 igitur
914 1373 946 1427 et
963 1385 1086 1428 novum
1103 1374 1137 1428 et
1153 1375 1247 1428 vetus
1263 1373 1502 1430 testamentum
1528 1386 1659 1449 semper

304 1469 452 1532 clausum
470 1469 532 1532 luit
546 1494 554 1534 ε
570 1488 636 1533 non
664 1475 714 1532 est
738 1478 888 1551 apertum
907 1468 969 1532 nisi
998 1468 1172 1533 Salvatori.
1192 1469 1259 1533 lste
1283 1478 1333 1533 est
1349 1470 1437 1533 enim
1458 1471 1538 1551 ‘qui
1558 1471 1659 1534 habel

254 1593 287 1630 ro
305 1571 442 1649 clavem,
458 1573 514 1654 qui
530 1573 636 1655 aperit
652 1583 685 1636 et
703 1593 801 1637 nemo
816 1572 951 1651 claudit,
963 1573 1019 1656 qui
1036 1572 1161 1638 claudit
1173 1583 1207 1638 et
1220 1593 1320 1638 nemo
1330 1573 1437 1655 aperit
1453 1573 1468 1638 ’.
1487 1573 1565 1639 Una
1581 1594 1661 1656 ergo

305 1687 402 1759 porta
418 1676 519 1740 lrabet
535 1688 567 1741 et
583 1687 711 1760 septem
738 1687 770 1741 et
797 1687 875 1742 octo
891 1679 1020 1760 gradus.
1040 1678 1085 1743 Et
1110 1680 1141 1742 in
1168 1678 1270 1743 veteri
1297 1678 1433 1760 quidem
1460 1685 1661 1742 testamento

305 1789 514 1844 sacramenta
531 1789 608 1845 sunt
624 1780 825 1863 evangelica,
836 1791 870 1844 et
886 1781 918 1844 in
937 1801 1026 1846 novo
1035 1791 1240 1846 testamento
1252 1789 1462 1844 sacramenta
1478 1787 1557 1844 sunt
1570 1779 1663 1862 legis.

305 1884 435 1948 Audite
451 1886 576 1948 maiora
594 1885 762 1966 mysteria.
781 1885 832 1948 Eo
848 1895 1000 1968 tempore
1016 1886 1152 1968 quando
1170 1885 1343 1963 Salomon,
1358 1885 1422 1950 lroc
1438 1894 1489 1949 est
1505 1885 1662 1968 pacificus

306 1996 417 2050 noster
433 1986 488 2068 qui
505 1985 585 2049 dicit
602 1985 743 2050 ‘Pacem
762 2008 869 2052 meam
897 1990 943 2053 do
968 1989 1070 2067 vobis,
1088 2008 1203 2071 pacem
1231 2009 1339 2051 meam
1356 1989 1507 2071 relinquo
1521 1986 1636 2052 vobis'
1655 2011 1662 2051 r

255 2113 286 2165 ¹5
306 2090 396 2172 ‘ipse
411 2098 462 2152 est
487 2089 574 2153 enim
590 2108 657 2169 pax
679 2102 792 2154 nostra
804 2091 820 2169 ¹,
836 2101 868 2154 et
885 2099 972 2176 ‘pax
989 2114 1076 2175 quae
1097 2103 1232 2174 superat
1248 2112 1383 2156 omnem
1401 2112 1534 2157 sensum
1552 2091 1568 2169 '‚
1591 2094 1663 2174 ipse

306 2191 493 2257 aedificavit
521 2193 684 2276 templum
715 2196 798 2261 Deo.
817 2197 860 2260 Et
882 2198 957 2260 vide
984 2198 1029 2261 ibi
1056 2199 1220 2279 scriptura
1242 2197 1322 2280 quid
1348 2198 1446 2260 dicat.
1464 2204 1470 2230 ⁸
1489 2197 1535 2260 Et
1560 2204 1664 2271 erant,

307 2297 424 2380 inquit,
440 2296 641 2361 latomorum
659 2301 873 2382 septuaginta
899 2300 999 2372 milia,
1015 2311 1047 2366 et
1064 2321 1177 2365 eorum
1205 2303 1261 2384 qui
1283 2304 1463 2384 portabant
1488 2298 1662 2380 octoginta

306 2401 398 2465 milia
410 2401 426 2467 '.
441 2401 567 2466 Videte
583 2421 767 2467 numerum.
786 2404 918 2466 Latomi
944 2405 1000 2486 qui
1026 2403 1154 2485 lapides
1179 2404 1333 2482 caedunt,
1349 2404 1406 2486 qui
1432 2402 1527 2485 quasi
1545 2401 1662 2464 lunda·

307 2515 420 2569 menta
436 2504 663 2570 aedificiorum
681 2517 888 2590 praeparant,
904 2509 960 2590 qul
981 2508 1109 2590 lapides
1124 2509 1166 2572 ad
1180 2507 1424 2572 aedificandum
1442 2508 1474 2569 in
1500 2505 1663 2587 templum

253 2636 290 2673 20
310 2609 373 2672 Dei
389 2610 431 2673 de
447 2618 533 2673 terra
550 2610 681 2688 tollunt,
703 2612 735 2674 in
758 2611 902 2692 septimo
933 2631 1072 2674 numero
1100 2621 1277 2694 ponuntur,
1291 2611 1322 2674 in
1347 2610 1529 2693 prophetis,
1545 2611 1577 2672 in
1606 2629 1664 2691 pa·

309 2712 467 2778 triarchis.
485 2714 537 2778 llli
555 2715 643 2778 enim
665 2717 848 2778 humanum
865 2735 971 2797 genus
986 2716 1081 2799 quasi
1098 2717 1140 2780 de
1156 2727 1242 2781 terra
1258 2715 1425 2792 eicientes,
1441 2715 1474 2778 in
1498 2713 1661 2796 templum

306 2815 446 2881 Domini
475 2827 763 2899 praeparaverunt.
794 2817 851 2880 lsti
879 2838 967 2895 vero,
991 2819 1054 2882 hoc
1081 2829 1132 2884 est
1158 2821 1330 2902 octoginta
1352 2818 1453 2895 milia,
1479 2815 1665 2900 apostolica

309 2919 512 3000 praedicatio
526 2928 559 2983 et
570 2919 826 3001 evangelica,isti
837 2919 894 3002 qui
906 2939 981 2982 cum
1000 2920 1149 2984 Domino
1164 2920 1336 2985 Salvatore
1352 2931 1385 2984 et
1397 2921 1471 3003 ipso
1484 2919 1667 2985 Salomone

308 3024 422 3106 gravia
439 3024 588 3106 gentium
605 3035 743 3106 peccata
760 3024 948 3106 portabant.
967 3024 1152 3107 Hucusque
1167 3024 1298 3088 videtur
1309 3024 1439 3088 finitum
1456 3043 1528 3088 esse
1541 3032 1666 3106 myste-

258 3155 291 3209 ²5
309 3128 414 3191 rium:
431 3127 551 3204 audite,
561 3127 686 3190 maiora
703 3129 869 3210 mysteria.
886 3129 949 3192 ‘Et
967 3128 1023 3211 qui
1041 3139 1225 3212 praeerant,
1235 3129 1352 3212 inquit,
1368 3129 1439 3192 istis
1455 3127 1611 3210 operibus
1635 3136 1669 3190 et

309 3228 446 3312 templo,
459 3231 521 3294 tria
535 3229 626 3294 milia
642 3240 737 3295 erant
749 3231 764 3295 '.
782 3231 859 3295 Non
877 3241 1018 3314 possunt
1034 3253 1107 3296 esse
1124 3231 1275 3310 maiores,
1290 3244 1324 3298 et
1341 3233 1396 3317 qui
1414 3241 1573 3314 praesunt
1589 3250 1666 3312 ope·

311 3335 410 3412 ribus,
425 3335 487 3398 nisi
503 3333 549 3397 illi
563 3335 618 3418 qui
641 3335 835 3417 praedicant
851 3335 1059 3400 Trinitatem.
1078 3336 1159 3399 Dies
1168 3357 1328 3410 arenarum
1341 3346 1524 3398 nostrorum
1542 3335 1576 3397 in
1590 3333 1670 3415 ipsis

309 3439 515 3522 septuaginta
530 3439 619 3502 antri.
639 3438 748 3504 Multa
763 3449 840 3504 sunt
853 3460 940 3524 quae
955 3441 1118 3517 dicantur,
1134 3443 1191 3504 sed
1204 3442 1285 3505 hora
1297 3441 1516 3504 excludimur.
1626 3511 1632 3522 ι

353 3544 531 3608 Dexteram
549 3553 648 3611 ‚tuam
675 3553 784 3607 notam
799 3545 869 3624 fac,
885 3554 916 3607 et
939 3544 1118 3626 carmeditas
1131 3543 1221 3607 corde
1241 3545 1275 3608 in
1291 3543 1457 3627 sapr‘enna.
1478 3544 1516 3606 ln
1534 3543 1668 3626 quibus·

347 3717 504 3782 tLegamns]
516 3718 621 3781 leginrus
632 3715 664 3766 G.
733 3715 864 3776 leserlriel]
877 3715 905 3765 r'n
916 3715 1068 3764 ezichihch
1080 3734 1088 3774 ;
1105 3721 1128 3764 et
1140 3716 1168 3764 r'n
1180 3715 1320 3764 hiezechiele
1333 3716 1358 3763 S.
1433 3720 1456 3762 et
1468 3712 1509 3773 in]
1526 3710 1592 3776 quad
1600 3710 1629 3758 de
1641 3711 1667 3759 S.

311 3797 407 3865 inquit]
420 3800 439 3848 P
450 3799 510 3848 add.
523 3798 644 3848 sacerdus.
729 3812 745 3858 4
758 3799 786 3845 r'n
797 3797 837 3858 aa]
849 3797 878 3844 in
890 3813 943 3845 una
956 3797 981 3846 S.
1075 3796 1091 3846 8
1102 3793 1227 3860 apen'lur]
1239 3797 1367 3860 aperietur
1378 3795 1408 3854 C,
1423 3794 1445 3843 G
1458 3810 1470 3842 e
1481 3793 1539 3842 add.
1554 3809 1609 3856 sup.
1624 3791 1668 3840 lin.

314 3894 343 3947 13
355 3883 397 3932 hoc
407 3882 453 3944 est]
465 3898 515 3932 om.
530 3881 562 3931 G.
659 3880 779 3945 pacificus
799 3879 890 3940 noster]
911 3880 928 3926 S
948 3880 1006 3928 add.
1021 3879 1131 3928 ascendit
1149 3880 1184 3927 ad
1199 3881 1281 3928 caelos.
1386 3888 1414 3936 14
1425 3875 1472 3940 qui
1482 3873 1554 3935 dicu]
1573 3889 1623 3922 om.
1636 3873 1667 3922 G.

315 3976 343 4030 15
355 3958 464 4030 superat]
475 3969 606 4027 exsuperat
619 3961 674 4030 pli,
688 3961 708 4011 C
720 3977 751 4010 ex
762 3975 816 4025 sup.
832 3960 875 4010 lin.
979 3973 1009 4020 19
1021 3961 1049 4008 in
1061 3960 1190 4024 tenrplum]
1205 3960 1274 4008 HBP
1287 3977 1293 4018 ;
1306 3959 1434 4022 intemplo
1447 3955 1472 4024 β,
1487 3956 1553 4007 CSG
1566 3971 1616 4005 om.
1631 3954 1667 4003 in.

312 4059 344 4107 24
351 4045 479 4110 gentium]
492 4045 512 4094 C
525 4058 539 4094 2
552 4060 585 4094 m.
600 4051 679 4094 mutat
691 4043 716 4092 in
728 4052 752 4091 e!
763 4043 877 4106 ingentia
888 4059 895 4100 ;
908 4043 1049 4106 ingorlium
1065 4043 1097 4091 H.

357 4216 382 4257 a.
408 4196 487 4272 quod
511 4191 693 4272 aedificatur]
719 4193 825 4252 Ezech.
852 4212 899 4265 44,
928 4211 966 4267 33
1061 4209 1085 4265 7.
1102 4193 1201 4250 clausa
1216 4187 1285 4270 erit]
1301 4190 1377 4250 Ibid.
1395 4208 1443 4259 44,
1462 4207 1487 4248 2.

313 4285 362 4352 46,
378 4281 403 4337 8.
1063 4293 1107 4331 10.
1123 4269 1229 4351 aperit]
1247 4275 1338 4348 Apoc.
1357 4291 1383 4346 3,
1403 4289 1426 4344 7.

355 4380 381 4435 3.
408 4369 509 4437 septem
531 4367 559 4418 el
579 4366 636 4417 octa
657 4351 781 4435 gradus]
805 4354 911 4414 Ezech.
938 4373 964 4414 c.
1062 4373 1105 4426 14.
1123 4350 1211 4433 nebai]
1229 4356 1272 4412 lo.
1294 4373 1336 4424 14,
1355 4370 1400 4427 ²7·

315 4444 377 4514 40?
392 4477 431 4486 -
448 4442 573 4502 Hieron.
596 4437 626 4496 in
652 4436 743 4496 Mich.
761 4455 788 4513 5,
805 4439 823 4494 6
850 4437 911 4494 ‘Et
935 4435 966 4494 in
1063 4455 1105 4512 15·
1124 4431 1235 4513 nostra]
1254 4435 1359 4510 Ephes.
1379 4453 1404 4502 2,
1427 4453 1469 4503 ¹4·

315 4525 428 4601 templo
458 4521 605 4591 Ezechiel,
635 4519 717 4596 quod
757 4519 965 4594 interpretatur
1121 4513 1247 4595 sensum]
1265 4515 1390 4590 Philipp.
1408 4534 1434 4586 4,
1454 4531 1478 4588 7.

316 4603 441 4665 ecclesia
455 4616 485 4665 et
506 4600 641 4662 caelestis
666 4601 837 4672 lerusalem,
852 4610 966 4676 septem
1063 4600 1106 4656 18.
1126 4599 1208 4656 nrr'lm
1238 4598 1284 4657 Cl.
1302 4614 1319 4671 3
1336 4597 1408 4672 Reg.
1428 4614 1454 4672 5,
1475 4611 1517 4670 ¹5·

316 4679 796 4764 etoctogradibusascenditur.'
1062 4683 1209 4738 adamat
1238 4677 1314 4738 lbid.
1334 4679 1378 4736 16.
