4092 5502
559 389 816 452 TRACTATUS
840 391 897 448 DE
919 389 1087 450 PSALMO
1109 389 1247 450 CXLVI.
1508 378 1590 462 299

238 609 452 688 ¹uoluntatem.
469 608 629 674 Diximus
655 609 699 676 de
725 629 820 694 equo.
837 611 972 694 Equum
997 619 1031 675 et
1058 624 1267 672 ascensorem
1294 601 1415 670 deiecit
1439 599 1472 664 in
1490 617 1589 665 mare.

238 714 395 780 Diximus
411 716 466 800 qui
484 730 561 779 sunt
577 717 673 798 equi:
689 713 841 780 dicamus
856 716 913 799 qui
930 725 1007 781 sunt
1023 716 1161 800 equites.
1174 714 1249 798 Ego
1265 723 1347 796 puto
1362 703 1589 795 equoshomi·

236 839 293 882 nes
309 839 381 885 esse
397 828 597 903 peccatores,
613 829 646 884 et
663 821 791 904 equites
807 821 989 884 daemones
1005 820 1061 904 qui
1079 820 1270 904 equitantur
1285 819 1318 882 in
1335 817 1391 882 eis.
1405 812 1589 898 Siquando

236 924 505 1007 ergo'viderimus
516 923 662 1007 aliquem
674 923 808 989 fratrem
821 935 1082 1007 persecutorem:
1094 945 1180 997 eum,
1190 924 1246 1007 qui
1259 923 1360 988 irater
1370 929 1516 993 vocatur,
1528 935 1590 979 nos

205 1041 219 1096 5
237 1027 389 1111 persequi
405 1037 439 1092 et
455 1047 527 1093 esse
543 1027 715 1092 inimicum
731 1053 738 1093 :
754 1028 897 1093 sciamus
914 1029 992 1111 quia
1007 1029 1062 1093 ille
1078 1048 1182 1112 equus
1198 1036 1257 1093 est.
1275 1028 1320 1093 Et
1336 1045 1441 1109 equus
1457 1022 1589 1086 illeest:

236 1143 381 1198 ceterum
398 1154 500 1216 eques
515 1132 670 1198 diabolus
686 1139 745 1210 est,
761 1133 817 1215 qui
833 1152 893 1196 sua
908 1133 1018 1197 lancia
1035 1153 1095 1196 nos
1111 1132 1262 1216 percutit.
1281 1131 1348 1194 Iste
1363 1129 1472 1204 currit,
1481 1134 1514 1189 et
1535 1121 1591 1185 ille

237 1238 388 1320 percutit.
406 1237 520 1304 Sedet
536 1238 607 1321 ipse
618 1256 723 1319 equus
733 1235 897 1300 calcaneis
908 1237 1049 1312 ducitur,
1063 1236 1260 1313 confoditur,
1272 1244 1305 1298 et
1321 1232 1444 1296 invitus
1460 1225 1591 1292 insanit.

238 1341 307 1404 Nec
321 1343 356 1406 in
373 1342 464 1406 tibiis
490 1343 562 1407 viri
582 1340 812 1422 beneplacitum
838 1349 886 1404 e'st
907 1343 945 1407 ei.
963 1341 1085 1406 Videte
1112 1341 1191 1424 quid
1218 1339 1327 1403 dicat:
1344 1355 1410 1400 non
1436 1331 1532 1406 dixit,
1557 1327 1590 1390 in

236 1447 346 1529 capite
362 1447 420 1509 viri
436 1470 443 1510 :
459 1467 526 1510 non
542 1448 640 1527 dixit,
655 1449 687 1513 in
706 1448 860 1514 manibus
878 1449 937 1513 viri
953 1475 960 1514 :
976 1451 1045 1528 sed,
1066 1451 1097 1513 in
1115 1449 1215 1526 tibiis,
1231 1466 1316 1530 quae
1331 1446 1488 1509 deorsum
1505 1443 1591 1504 sunt.

191 1567 220 1606 ¹0
238 1551 310 1614 Nec
327 1551 359 1614 in
377 1551 466 1615 tibiis
482 1552 541 1614 viri
559 1553 806 1636 beneplacitum
823 1562 875 1618 est
890 1555 929 1620 ei.
945 1554 1064 1618 Tibiae
1080 1553 1142 1636 hic,
1159 1552 1244 1617 sicut
1262 1559 1295 1614 et
1312 1548 1447 1625 femora,
1461 1558 1592 1625 semper

237 1655 270 1718 in
288 1654 442 1720 libidines
468 1657 686 1740 accipiuntur.
705 1657 860 1742 Denique
875 1668 908 1723 et
925 1660 957 1722 in
980 1657 1139 1722 iezechiel
1168 1658 1262 1721 Deus
1288 1654 1418 1719 videtur
1434 1673 1453 1716 a
1471 1643 1593 1713 lumbis

237 1780 343 1844 usque
359 1779 488 1826 sursum
505 1762 674 1841 electrum,
690 1783 709 1826 a
726 1763 848 1828 lumbis
864 1784 970 1849 usque
985 1765 1140 1829 deorsum
1169 1764 1295 1847 igneus.
1312 1760 1348 1826 Si
1365 1759 1445 1844 quid
1462 1774 1591 1820 sursum

237 1873 299 1939 est,
310 1864 373 1928 hoc
387 1885 504 1930 aurum
522 1875 593 1932 est:
609 1868 636 1931 si
663 1867 743 1951 quid
771 1869 937 1946 deorsum,
953 1869 1016 1933 hoc
1041 1869 1214 1952 gehennae
1229 1873 1452 1950 praeparatur.
1470 1861 1542 1925 Nec
1559 1859 1592 1922 in

238 1969 329 2033 tibiis
354 1969 413 2032 viri
442 1971 686 2053 beneplacitum
713 1982 763 2037 est
794 1973 834 2038 ei.
858 1974 1020 2038 Dicamus
1045 1974 1226 2037 secundum
1253 1971 1406 2036 litteram.
1423 1965 1592 2050 Quoniam

191 2090 219 2143 ις
238 2073 381 2151 dixerat,
398 2073 476 2136 Non
493 2075 525 2137 in
544 2076 738 2142 tortitudine
755 2077 830 2158 equi
846 2077 1054 2142 voluntatem
1070 2077 1218 2154 habebit,
1233 2085 1266 2140 et
1282 2074 1377 2159 quasi
1398 2070 1593 2136 bellatorem

237 2177 346 2240 visum
363 2178 582 2262 descripserat
599 2205 606 2244 ε
621 2181 753 2244 videtur
770 2180 851 2246 mihi
867 2183 930 2260 hic,
946 2183 1001 2248 ubi
1017 2183 1115 2258 dixit,
1131 2202 1197 2246 non
1215 2182 1246 2245 in
1265 2179 1363 2256 tibiis,
1392 2196 1458 2240 non
1475 2191 1594 2238 vocare

238 2280 349 2356 tibias,
364 2281 422 2345 sed
439 2281 668 2372 septemplice.
685 2285 850 2350 Videmus
878 2307 957 2368 ergo
973 2287 1209 2370 quodcumque
1225 2284 1324 2348 tibias
1338 2280 1424 2363 tegit
1441 2297 1507 2342 non
1524 2275 1594 2360 pla·

239 2409 314 2453 cere
331 2389 414 2468 Deo,
429 2391 488 2454 sed
505 2389 586 2455 illud
603 2394 693 2474 quod
711 2375 918 2459 sursum'est.
938 2395 1014 2458 Non
1032 2394 1142 2476 placet
1166 2393 1240 2455 Deo
1250 2375 1288 2454 'in
1306 2387 1511 2463 fortitudine,
1527 2403 1594 2449 non

240 2491 350 2578 placet
365 2497 398 2559 in
415 2495 504 2560 tibiis
521 2497 579 2560 viri
596 2522 602 2562 :
619 2497 728 2580 placet
744 2507 856 2563 autem
874 2499 906 2562 in
928 2499 1046 2564 timore
1064 2519 1133 2562 suo.
1149 2497 1266 2562 Virtus
1282 2514 1348 2558 non
1362 2491 1480 2576 placet,
1496 2490 1596 2554 timor

189 2615 221 2652 ω
239 2595 359 2680 placet.
386 2598 572 2664 Bellantem
597 2601 750 2679 destruit,
765 2611 939 2684 rogantem
969 2602 1086 2680 elevat,
1101 2601 1244 2666 humiles
1271 2598 1410 2676 exaltat,
1434 2593 1596 2680 superbos

239 2701 348 2765 deicit.

285 2805 526 2889 Beneplcrcitnm
537 2818 585 2870 est
600 2807 743 2873 Domino
756 2821 853 2893 snper
860 2810 1009 2874 timentes
1020 2799 1105 2874 'enm
1116 2809 1215 2874 Unus
1228 2807 1328 2871 timor
1343 2803 1453 2888 plures
1462 2800 1598 2865 timores

240 2909 368 2991 proicit.
385 2911 507 2975 Nonne
524 2911 641 2976 melius
656 2921 707 2978 est
724 2933 825 2978 unum
843 2915 968 2992 timere,
979 2923 1015 2978 ut
1031 2913 1141 2997 plures
1154 2931 1220 2975 non
1238 2910 1365 2985 timeas,
1375 2925 1476 2990 quam
1488 2902 1599 2987 plures

240 3015 369 3095 timere,
384 3025 420 3082 ut
436 3036 539 3081 unum
557 3037 622 3082 non
640 3019 785 3082 timeas?
803 3019 849 3082 Et
864 3021 899 3083 in
914 3021 959 3083 cis
977 3019 1038 3102 qui
1049 3027 1181 3102 sperant
1188 3027 1284 3098 super
1293 3007 1515 3076 misericordia
1523 3006 1599 3070 eins.

191 3137 223 3191 23
243 3117 388 3202 Sperant
405 3140 470 3185 non
489 3121 522 3184 in
538 3121 694 3204 operibus
710 3123 787 3200 suis,
802 3125 860 3188 sed
878 3125 909 3186 in
929 3122 1153 3188 misericordia
1169 3117 1295 3184 iudicis.
1313 3114 1470 3180 Laudate
1483 3109 1600 3175 Domi-

244 3243 334 3301 num,
364 3226 521 3307 quoniam
553 3225 679 3289 bonum
712 3228 882 3309 psalmus;
910 3228 1068 3310 quoniam
1101 3227 1133 3288 in
1166 3225 1222 3300 eis,
1246 3221 1302 3304 qui
1334 3226 1469 3302 sperant
1501 3232 1600 3296 super

277 3441 292 3492 3
303 3430 461 3496 equitantur]
472 3428 538 3478 codd
549 3446 557 3488 ;
568 3427 684 3493 equitant
696 3428 721 3496 β.
809 3445 824 3490 4
833 3435 1019 3496 persecutorem]
1032 3429 1075 3478 BC
1087 3447 1094 3487 ς
1102 3433 1287 3492 persequentem
1301 3423 1366 3493 pul,
1379 3432 1405 3476 ct
1416 3423 1534 3474 omittunt
1546 3435 1603 3469 eum

243 3529 267 3578 q.
273 3512 300 3577 s.
314 3528 338 3562 v.
353 3527 378 3561 n.
390 3511 513 3576 persequi.
615 3511 685 3574 5Et
699 3527 776 3576 equus
794 3513 836 3562 ille
852 3508 897 3570 est]
914 3530 964 3562 om.
981 3511 1005 3577 β.
1106 3510 1229 3576 dioneia]
1242 3511 1280 3568 B;
1298 3511 1382 3559 lanceis
1394 3509 1458 3567 (Σῦς
1478 3509 1563 3556 iancea
1576 3501 1601 3570 β.

246 3603 260 3655 7
279 3593 409 3654 calcaneis]
429 3592 514 3650 codd;
533 3590 707 3659 calcam'busll.
818 3594 890 3645 8.10
909 3594 1086 3659 mereplacr'tum
1105 3595 1150 3656 est]
1170 3592 1244 3644 codd.
1259 3595 1306 3656 (gr.
1320 3585 1451 3650 εὐδοκεῖ);
1472 3589 1494 3637 b.
1507 3587 1556 3636 crit
1576 3583 1601 3652 β.

248 3686 274 3722 11
289 3675 317 3722 in
329 3673 456 3736 libriiines]
475 3674 504 3722 in
516 3673 620 3722 libidine
633 3671 656 3739 β.
761 3687 789 3724 12
801 3676 927 3737 eleclncm]
946 3678 1060 3726 electreus
1073 3674 1097 3740 β.
1201 3689 1279 3741 resq.
1294 3676 1399 3740 Siquid
1451 3671 1502 3734 hoc]
1513 3670 1605 3735 siquis

289 3755 349 3804 huic
361 3753 385 3822 β.
489 3766 517 3817 13
530 3759 633 3823 ararum]
645 3771 738 3806 aureus
750 3755 774 3822 β,
872 3757 999 3820 gehennae
1010 3758 1192 3822 praeparatur]
1204 3757 1227 3806 G
1239 3775 1246 3817 ;
1261 3773 1287 3821 g.
1297 3763 1479 3822 praeparatum
1497 3753 1517 3802 C
1530 3767 1603 3810 corr;

247 3855 268 3903 q.
277 3839 620 3904 praeparatusfflgelrenna
630 3847 781 3904 praeparata
791 3848 827 3889 cst
839 3838 863 3906 β
936 3841 997 3902 rqb.
1011 3841 1056 3902 est]
1068 3841 1089 3890 b.
1103 3843 1153 3890 erit
1165 3841 1241 3891 BCG.
1320 3839 1350 3889 16
1361 3833 1470 3896 videtur]
1482 3835 1561 3885 uidete
1569 3833 1638 3886 G..

247 3921 297 3990 hic]
307 3937 358 3972 orn.
372 3922 404 3972 (i.
509 3931 536 3982 17
549 3917 751 3988 nsprnquidac]
763 3924 917 3987 perminimis
934 3923 999 3973 Cal.
1014 3939 1088 3972 manu
1101 3923 1232 3973 incasura.
1332 3920 1402 3986 tegit]
1419 3919 1480 3978 BCq
1495 3915 1605 3979 tetigerit

248 4003 406 4064 G13teseric
419 4001 442 4068 β
539 4015 569 4064 19
579 4003 646 4064 viri]
658 4019 708 4054 om.
722 4004 754 4053 G.
848 4017 881 4054 20
890 4006 979 4068 elevat]
990 4005 1056 4053 levat
1067 4004 1096 4055 C.
1193 4016 1225 4068 23
1237 4004 1338 4065 Nonne]
1349 4019 1400 4052 om.
1416 3999 1440 4068 β.
1533 4003 1606 4057 ²4¹⁶!

251 4085 376 4147 unum1ei
387 4102 414 4135 u.
427 4085 460 4136 G.
545 4085 628 4149 super]
640 4087 669 4134 in
681 4087 714 4135 G.
800 4097 830 4150 25
843 4082 944 4145 iudicis]
957 4085 1037 4154 ,tum
1056 4087 1149 4136 iudicii
1160 4087 1181 4148 1,
1196 4087 1261 4136 Gerr
1274 4086 1378 4135 iudicia.
1463 4079 1606 4140 eddanum]

250 4167 325 4217 bonus
340 4167 470 4228 l,C2m.
485 4182 540 4232 sup.
555 4165 723 4234 lio3p1arld.
737 4173 779 4217 est.
880 4168 1027 4229 r'neis]onr.
1043 4167 1067 4236 β.

293 4369 337 4410 ra.
353 4350 451 4426 igneus
480 4345 587 4408 Erech.
598 4364 665 4424 r,27
675 4367 763 4426 sq.·-
775 4346 900 4409 Hieron.
955 4349 1006 4412 ubi
1018 4368 1122 4410 sensus
1134 4361 1265 4411 versatur
1276 4359 1305 4412 et
1313 4347 1464 4422 ‘ratio,non
1475 4345 1609 4424 indigere

250 4429 279 4491 in
302 4433 330 4491 h.
347 4433 365 4491 l.
389 4433 436 4490 ‘A
467 4425 565 4489 umbis
586 4439 616 4490 et
641 4430 769 4508 desuper
791 4431 902 4490 electro
954 4431 1021 4510 igne
1033 4450 1088 4491 nec
1100 4431 1264 4492 flammis...
1281 4451 1318 4493 ea
1331 4448 1490 4507 veroquae
1503 4449 1521 4490 a
1535 4429 1609 4488 lum-

249 4521 474 4591 comparntur...
486 4529 504 4572 a
514 4509 624 4570 lumbis
636 4529 707 4572 vero
721 4523 750 4572 et
762 4511 902 4572 deorsum
955 4513 999 4572 bis
1013 4514 1163 4585 deorsum,
1180 4513 1231 4574 ubi
1245 4513 1351 4588 coitus,
1367 4511 1417 4574 ubi
1446 4508 1607 4590 generatio,

250 4593 325 4672 ignis
347 4605 409 4654 erat
433 4591 628 4670 resplendens
655 4590 685 4653 in
710 4591 834 4653 circuitu
847 4613 856 4666 3
871 4603 903 4652 ut
955 4593 1006 4656 ubi
1021 4592 1170 4653 incentiva
1184 4593 1331 4668 vitiorum,
1344 4593 1519 4672 purgatione
1534 4591 1609 4653 indi·

250 4677 419 4740 ostenderet
433 4694 469 4736 ea
483 4692 561 4752 quae
579 4691 668 4752 supra
692 4673 809 4734 lumbos
824 4686 901 4747 sunt,
954 4695 1022 4756 gere
1038 4675 1222 4736 flammarum
1233 4679 1248 4738 '.
