4190 5492
235 419 348 511 omn]
571 425 942 491 conuanmruom
972 425 1019 488 ru
1048 425 1247 488 essenos,
1532 405 1587 511 87

235 657 358 730 tuum
379 655 422 730 et
442 644 608 729 exitum
630 654 754 728 tuum
778 643 797 744 ',
822 670 937 728 nunc
967 656 1190 756 propterea
1220 643 1379 730 laetum
1415 671 1510 730 esse
1542 672 1588 760 se

234 783 348 886 dicit,
370 782 488 897 quod
510 782 592 867 sibi
615 783 658 866 in
680 782 860 866 domum
884 781 965 865 Dei
987 782 1192 867 introitus
1214 783 1499 894 repromissus
1517 783 1584 868 sit.

236 923 372 1007 Cuius
395 921 688 1033 partierpatr'o
721 921 814 1004 eins
847 920 1127 1031 inidipsum.
1167 922 1286 1005 Haec
1319 934 1385 1005 est
1416 935 1588 1007 sanctae

232 1060 472 1145 aedificatio
492 1059 692 1160 civitatis,
716 1057 752 1142 si
774 1057 857 1142 sibi
882 1058 925 1142 in
947 1059 1068 1143 omni
1091 1071 1209 1171 parte
1224 1058 1282 1143 sit
1303 1059 1525 1172 particeps,
1544 1074 1586 1144 et

200 1219 214 1274 s
232 1197 415 1284 invicem
437 1225 514 1310 pro
535 1224 581 1282 se
602 1197 795 1281 membra
816 1197 1001 1280 sollicita
1022 1197 1122 1282 sint.

814 1467 1009 1553 CXXII.

286 1710 337 1790 A
341 1707 376 1791 cl
390 1712 433 1790 te
451 1707 596 1790 levavi
611 1705 751 1789 oculos
770 1733 893 1809 meaa,
915 1707 995 1816 qni
1011 1707 1189 1790 liabitas
1209 1705 1255 1787 in
1271 1706 1395 1788 eaelo.
1420 1705 1588 1790 Notan-

228 1846 335 1932 dum
356 1845 474 1958 quod
496 1872 571 1958 per
591 1845 788 1956 singulos
810 1845 1002 1957 psalmos
1022 1845 1201 1956 quidam
1231 1843 1448 1956 graduum
1482 1859 1584 1928 sunt

229 1989 455 2100 proiectus.
494 1985 581 2094 Qui
616 1986 659 2068 in
696 1985 835 2098 primo
870 1984 1046 2083 dixerat,
1073 1982 1174 2067 ‘Ad
1213 1983 1454 2066 Dominum
1485 2011 1584 2068 cum

56 2127 57 2146 ¹
184 2163 212 2202 ιο
229 2126 457 2211 tribularer
487 2123 692 2207 clamavi:
727 2123 735 2152 ’
768 2135 810 2206 et
845 2120 1106 2206 insecundo
1140 2121 1288 2205 oculos
1323 2117 1378 2203 ad
1416 2134 1586 2205 montes

229 2291 275 2348 se
300 2263 465 2347 levasse
487 2272 753 2344 narraverat:
787 2259 969 2344 laetatus
998 2285 1171 2371 quoque
1193 2260 1341 2362 suerat,
1366 2261 1470 2371 quia
1501 2261 1583 2345 sibi

228 2402 452 2514 ingressus
474 2399 518 2482 in
540 2397 719 2482 domum
753 2397 834 2482 Dei
866 2398 1002 2482 suerat
1035 2398 1345 2508 repromissus:
1380 2425 1495 2483 nunc
1528 2400 1582 2482 ad

227 2540 368 2624 maius
390 2537 565 2650 proficit,
590 2548 637 2619 ut
656 2534 710 2619 ad
733 2536 877 2646 ipsum
901 2537 1044 2620 Deum
1074 2535 1222 2619 oculos
1254 2534 1377 2637 levet,
1399 2537 1474 2647 qui
1509 2537 1584 2620 ha-

226 2676 335 2760 bitat
356 2676 401 2758 in
421 2674 549 2759 caelo

182 2855 209 2908 ις
792 2811 1010 2894 CXXIII.

290 3065 538 3148 Torrentem
559 3061 857 3173 pertransivit
875 3060 1026 3144 anima
1059 3065 1221 3147 nostra.
1251 3061 1412 3147 Melius
1447 3063 1489 3145 In
1513 3063 1581 3147 he·

226 3205 355 3289 braeo
383 3201 536 3286 habet:
574 3201 794 3285 ‘Torrens
824 3199 1099 3312 pertransivit
1128 3227 1257 3311 super
1287 3201 1477 3285 animam
1510 3230 1585 3284 no·

226 3355 361 3426 stram
384 3342 415 3425 ’:
437 3338 554 3452 quod
569 3339 729 3423 scilicet
746 3337 870 3421 multi
894 3339 1225 3451 temptationum
1240 3341 1435 3424 turbines
1456 3368 1584 3452 super

226 3481 417 3564 animam
437 3479 531 3563 eius
552 3475 809 3576 transierint,
835 3503 911 3560 nec
931 3479 1148 3586 potuerint
1168 3506 1262 3562 eam
1286 3505 1444 3577 necare,
1470 3479 1585 3562 iusto

55 3709 56 3726 .
181 3659 211 3695 ω
227 3620 418 3702 dicente:
439 3617 550 3700 Nisi
572 3617 677 3725 qnia
709 3615 925 3698 Dominus
954 3622 1052 3698 erat
1084 3617 1129 3698 in
1162 3621 1295 3722 nobis,
1317 3621 1438 3705 dieat
1472 3649 1586 3704 nnnc

227 3755 410 3840 Israhel.
449 3756 661 3838 Forsitan
686 3751 1006 3863 pertransisset
1044 3755 1197 3837 anima
1231 3766 1382 3842 nostra
1422 3785 1584 3868 aquarn

228 3893 551 3978 intolerabilem.
575 3892 767 3976 Verbum
789 3899 995 3968 ἀνυπόστατον
1016 3893 1132 4003 apud
1151 3894 1374 3978 Hebraeos
1387 3894 1585 4006 ambigu-

229 4059 303 4115 um
339 4045 416 4130 est,
437 4043 480 4113 et
501 4041 641 4140 potest
676 4056 839 4130 sonare,
863 4031 980 4142 quod
1019 4059 1104 4113 non
1141 4031 1364 4132 subsistat,
1388 4044 1430 4114 et
1466 4033 1583 4143 quod
1656 4143 1659 4150 ⁴

230 4168 495 4254 intolerabile
529 4169 597 4268 sit,
635 4166 715 4250 hoc
749 4181 826 4266 est,
863 4167 980 4279 quod
1015 4195 1143 4255 nemo
1180 4169 1286 4253 serre
1318 4182 1457 4280 queat.
1500 4171 1584 4254 Pro

265 4381 399 4444 tlastum]
418 4381 513 4443 EAM;
543 4385 673 4446 propterea
692 4393 761 4428 nnnc
778 4379 898 4427 laetatum
910 4379 941 4427 C.
1042 4378 1104 4441 pin
1119 4379 1192 4440 caelo]
1211 4379 1288 4428 EAM
1310 4379 1400 4438 LXX;
1434 4377 1537 4428 incelis
1554 4379 1584 4428 C.

233 4463 408 4514 roadarontes
418 4480 442 4514 se
450 4463 550 4525 levasse]
563 4462 639 4513 EAM
646 4480 655 4524 ς
681 4461 749 4512 read
759 4465 850 4510 montes
858 4461 961 4510 elevasse
970 4461 1000 4511 C.
1072 4458 1373 4528 rysuper1EAMs530m.
1386 4461 1415 4511 C.
1484 4461 1585 4510 υἱον·

229 4545 411 4607 sitanlCAM3
437 4545 558 4612 forsitam
570 4544 602 4595 E.
686 4558 717 4596 22
727 4540 916 4608 monocrator]
929 4545 992 4602 ecs
1025 4544 1254 4596 Auluocmron
1268 4547 1330 4596 ΛΜ.
1416 4557 1447 4608 23
1457 4545 1517 4606 own]
1526 4553 1585 4594 ante

232 4629 239 4654 ¹
251 4627 369 4678 subdatur
381 4625 388 4650 ²
399 4627 457 4679 add.
472 4629 493 4679 C
504 4643 560 4693 sup.
574 4625 634 4684 Iin.;
645 4643 696 4677 om.
712 4623 816 4694 ΕΑΜβ,
831 4625 877 4676 etsi
889 4627 992 4692 negatio
1002 4625 1044 4677 hic
1056 4635 1122 4677 certe
1134 4625 1274 4676 necessaria
1285 4624 1393 4675 videtur.
1408 4623 1481 4674 Coos.
1495 4623 1582 4674 adnot.

229 4709 490 4776 crit.adp.69‚i.7.
591 4705 803 4775 unaucup,
835 4709 914 4759 ΜΛ.
