4154 5494
455 399 535 457 202
832 399 859 456 S.
886 397 1138 456 HIERONYMI
1166 398 1425 456 PRESBYTERI

452 634 596 698 cumque
623 624 778 696 peccator
804 621 863 690 est,
885 612 1040 677 diabolus
1063 613 1093 676 ei
1117 621 1184 676 stat
1199 612 1242 675 ad
1269 613 1455 676 dexteram.
1473 611 1540 677 Sed
1568 611 1649 677 dicit
1673 611 1807 695 aliquis:

452 716 634 800 Quomodo
646 726 680 780 et
697 717 772 780 Iesu
791 715 877 780 Filio
904 717 1063 780 Iosedech
1082 717 1113 778 in
1132 716 1292 780 Zacharia
1308 715 1430 780 dicitur
1446 720 1552 780 stare?
1567 718 1575 747 ‘
1592 716 1637 779 Et
1653 715 1806 779 diabolus

451 820 562 886 stabat
579 839 598 883 a
613 820 743 884 dextris
767 818 837 884 eius
855 818 869 882 ’.
888 818 1069 902 Quomodo
1085 820 1118 883 in
1135 819 1297 883 Zacharia
1313 821 1474 902 scriptum
1492 832 1542 883 est
1557 819 1717 902 quoniam
1734 819 1804 883 dia-

450 924 548 989 bolus
562 933 628 988 stet
644 944 664 987 a
680 921 807 987 dextris
825 922 1028 988 Salvatoris?
1038 923 1171 988 Videtis
1184 925 1262 1007 quia
1278 925 1432 1007 quaestio
1447 934 1506 990 est.
1521 925 1587 990 Sed
1601 945 1642 988 eo
1654 935 1804 1007 tempore

451 1028 586 1112 quando
602 1027 713 1092 stabat
737 1026 891 1090 diabolus
907 1027 949 1090 ad
967 1026 1143 1091 dexteram
1170 1026 1354 1092 Salvatoris
1380 1033 1387 1060 ‘
1405 1029 1509 1106 Iesus,
1525 1029 1643 1112 inquit,
1659 1028 1804 1092 habebat
1843 1047 1857 1097 5

406 1195 407 1198 ,
450 1132 649 1196 vestimenta
666 1131 800 1196 sordida
817 1132 832 1194 '.
850 1131 975 1194 Nostra
1001 1142 1137 1214 peccata
1153 1132 1319 1215 portabat,
1338 1134 1458 1196 nostris
1475 1143 1546 1196 erat
1570 1133 1658 1196 vitiis
1676 1132 1802 1198 involu-

450 1244 519 1299 tus:
535 1244 711 1317 propterea
733 1233 887 1297 diabolus
910 1233 1022 1298 stabat
1037 1255 1057 1297 a
1073 1234 1203 1298 dextris
1219 1236 1297 1298 eius.
1319 1233 1509 1317 Confringet
1523 1237 1558 1298 in
1573 1235 1626 1300 die
1641 1237 1713 1300 irae
1726 1257 1804 1300 suae

450 1359 545 1420 reges.
564 1343 571 1370 ⁴
587 1339 682 1402 Haec
697 1338 810 1402 omnia
831 1338 953 1402 tradita
970 1346 1048 1402 sunt
1063 1337 1144 1401 mihi
1161 1337 1177 1404 ¹.
1193 1345 1199 1370 ⁴
1214 1339 1253 1401 In
1272 1351 1452 1417 moment0,
1465 1341 1581 1424 inquit,
1591 1340 1692 1404 horae
1709 1361 1802 1404 mon·

449 1442 566 1506 stravit
586 1440 615 1505 ei
632 1441 785 1505 universa
812 1457 915 1524 regna
942 1453 1049 1506 terrae
1065 1442 1080 1506 '.
1098 1443 1217 1526 Regna
1245 1444 1361 1507 mundi
1388 1445 1543 1510 diabolus
1568 1456 1741 1510 monstrat.
1759 1447 1804 1510 Et

449 1547 529 1630 quid
546 1544 647 1611 dicit?
663 1549 670 1578 ¹
689 1546 785 1610 Haec
799 1545 914 1610 omnia
937 1547 1018 1609 mihi
1035 1548 1158 1611 tradita
1174 1558 1266 1612 sunt:
1283 1548 1309 1611 si
1336 1550 1460 1612 cadens
1477 1550 1666 1613 adoraveris
1692 1569 1802 1613 coram
1827 1571 1858 1607 ro

450 1671 513 1728 rne,
529 1660 625 1715 erunt
641 1659 698 1715 tua
713 1637 826 1716 omnia
838 1652 853 1716 '.
866 1653 905 1718 In
921 1654 976 1717 die
992 1675 1072 1738 ergo
1084 1655 1214 1733 belli,in
1227 1657 1280 1720 die
1292 1657 1483 1721 certaminis
1499 1657 1686 1740 confringet
1702 1678 1805 1741 reges.

449 1755 527 1819 Irae
540 1775 627 1820 suae.

492 1860 658 1926 Iudicabit
673 1861 707 1925 in
724 1862 917 1927 nationibus.
934 1862 1059 1926 Videte
1083 1862 1305 1928 differentias:
1322 1885 1415 1948 reges
1442 1863 1706 1948 confringuntur,
1722 1865 1804 1928 iudi·

450 1974 568 2030 cantur
593 1967 755 2032 nationes.
771 1967 922 2051 Implebit
944 1967 1067 2032 ruinas.
1086 1968 1252 2031 Dominus
1278 1979 1388 2034 noster
1414 1970 1565 2033 ascendit
1592 1970 1624 2032 in
1651 1989 1757 2046 cruce,
1772 1979 1805 2032 et

451 2070 576 2134 multae
592 2071 705 2136 ruinae
721 2071 829 2135 iactae
844 2083 929 2137 sunt.
946 2077 953 2103 ‘
971 2073 1040 2137 Iste
1056 2073 1185 2154 positus
1201 2082 1252 2135 est
1276 2073 1307 2135 in
1337 2073 1465 2137 ruinam
1482 2083 1515 2137 et
1532 2074 1803 2139 resurrectionem
1828 2093 1857 2144 ¹5

452 2174 642 2253 multorum,
657 2184 691 2239 et
707 2175 739 2238 in
757 2174 890 2258 signum
907 2176 959 2239 cui
975 2177 1229 2241 contradicetur.
1245 2177 1252 2204 '
1268 2177 1419 2258 Implebit
1434 2177 1563 2242 ruinas:
1579 2198 1646 2242 non
1669 2178 1804 2242 creden-

450 2279 544 2356 tium,
554 2280 608 2362 qui
627 2298 691 2343 non
709 2279 921 2344 crediderunt
937 2279 1206 2364 exploratoribus
1218 2280 1387 2362 apostolis.
1401 2281 1447 2345 Et
1461 2281 1596 2364 Moyses
1612 2280 1701 2345 enim
1715 2282 1805 2345 misit

335 2415 342 2434 ·
449 2385 678 2468 exploratores
695 2385 727 2450 in
746 2385 923 2462 mundum;
939 2393 973 2449 et
995 2386 1074 2469 quia
1101 2404 1167 2449 non
1193 2385 1333 2450 credidit
1356 2385 1499 2469 populus
1526 2385 1805 2468 exploratoribus,

450 2500 626 2573 propterea
641 2489 832 2554 ceciderunt
859 2491 891 2552 in
919 2489 1060 2554 deserto.
1078 2491 1194 2572 Usque
1210 2491 1310 2555 hodie
1335 2509 1474 2573 corpora
1503 2507 1568 2553 non
1597 2490 1803 2553 credentium

448 2595 572 2660 cadunt
589 2595 620 2659 in
638 2595 769 2659 deserto
785 2594 879 2658 istius
902 2594 1033 2658 saeculi.
1054 2594 1286 2676 conquassabit
1310 2595 1416 2676 capita
1441 2593 1475 2656 in
1503 2602 1591 2656 terra
1619 2593 1804 2658 nrrcltorum.
1824 2615 1859 2651 20

451 2699 609 2782 Implebit
626 2698 737 2762 ruinas
754 2717 820 2761 non
837 2699 1059 2776 credentium;
1086 2697 1322 2780 conquassabit
1345 2697 1455 2780 capita
1484 2716 1598 2760 eorum
1627 2698 1682 2779 qui
1709 2697 1801 2760 dubii

447 2813 535 2881 sunt,
550 2823 664 2866 eorum
692 2801 749 2884 qui
777 2822 844 2866 non
869 2801 994 2865 habent
1020 2801 1201 2884 perlectam
1227 2801 1337 2866 fidem.
1360 2799 1607 2885 Conquassabit
1631 2801 1742 2882 capita
1768 2802 1801 2864 in

448 2919 534 2973 terra
551 2905 741 2984 multorum,
759 2925 825 2970 non
852 2907 1002 2970 omnium
1013 2931 1020 2970 :
1031 2907 1058 2968 si
1075 2906 1162 2970 enim
1179 2907 1330 2984 dixisset,
1346 2905 1506 2980 omnium,
1523 2903 1631 2968 nullus
1648 2905 1690 2969 de
1707 2905 1802 2968 nobis

447 3032 541 3094 spem
558 3011 703 3074 haberet.
721 3008 905 3073 Multorum
923 3010 1050 3086 dicitur,
1067 3020 1102 3074 ut
1119 3011 1174 3073 alii
1190 3010 1424 3093 relinquantur.

491 3113 542 3177 De
557 3123 696 3176 torrente
708 3113 743 3175 in
759 3112 815 3176 via
831 3111 921 3178 bibet.
938 3111 1022 3196 Quis
1050 3113 1142 3177 bibet
1157 3113 1199 3178 de
1216 3122 1362 3176 torrente
1380 3114 1411 3176 in
1429 3111 1501 3176 via?
1521 3113 1587 3178 Iste
1604 3112 1656 3175 cui
1673 3113 1800 3177 dictum
1821 3129 1854 3181 25

446 3228 507 3294 est,
524 3217 622 3281 Dixit
639 3216 805 3280 Dominus
822 3216 970 3280 Domino
987 3237 1072 3295 meo,
1089 3217 1177 3282 Sede
1192 3239 1211 3282 a
1227 3218 1356 3282 dextris
1372 3217 1454 3281 meis
1470 3240 1477 3280 :
1494 3217 1555 3280 iste
1583 3217 1639 3299 qui
1666 3217 1803 3294 audivit,

447 3323 500 3386 Tu
516 3341 551 3384 es
568 3321 722 3384 sacerdos
748 3321 780 3383 in
792 3398 795 3410 Ι
808 3330 980 3384 aeternum
1006 3322 1188 3384 secundum
1205 3321 1356 3384 ordinem
1384 3319 1647 3384 Melchisedech:
1664 3319 1725 3384 iste
1741 3320 1798 3403 qui

446 3425 608 3508 confregit
625 3425 656 3488 in
674 3425 728 3489 die
745 3423 812 3487 irae
827 3442 907 3487 suae
923 3443 1025 3507 reges,
1037 3423 1093 3508 qui
1111 3423 1236 3488 iudicat
1250 3425 1411 3500 nationes,
1424 3423 1575 3506 implebit
1592 3423 1712 3501 ruinas,
1722 3443 1799 3486 con-

446 3528 617 3614 quassabit
633 3528 743 3611 capita
760 3530 792 3590 in
810 3538 897 3592 terra
913 3528 1110 3592 multorum:
1128 3528 1188 3591 iste
1216 3528 1295 3612 quid
1325 3527 1422 3592 saciet
1439 3529 1548 3591 aliud?
1574 3527 1626 3591 De
1655 3539 1799 3592 torrente

446 3635 478 3697 in
496 3633 548 3696 via
564 3632 666 3697 bibet.
681 3630 868 3696 Videamus
882 3641 960 3695 ante
981 3633 1080 3707 viam,
1095 3642 1132 3696 ut
1160 3644 1276 3714 postea
1301 3631 1474 3695 videamus
1490 3632 1522 3694 in
1540 3633 1593 3696 via
1609 3641 1800 3696 torrentem.
1818 3653 1854 3704 30

478 3855 492 3889 2
506 3841 586 3902 [tib]
597 3837 620 3906 β.
632 3854 682 3888 om.
694 3845 724 3888 et.
802 3837 914 3900 3stabat]
924 3837 945 3887 C
952 3854 959 3895 ;
968 3853 1016 3885 vox
1028 3837 1120 3886 dubiae
1128 3837 1290 3896 auctoritatis,
1303 3843 1346 3885 rtet
1353 3837 1420 3895 lSG,
1431 3837 1484 3884 stat
1494 3836 1523 3895 B,
1537 3834 1640 3895 stetitA,
1654 3835 1798 3892 molada..

444 3940 493 3972 om.
505 3921 529 3988 st
601 3921 722 3982 &narrabo
732 3921 751 3968 ι’.
761 3920 788 3969 Ζ.
798 3937 817 3968 s.
827 3936 846 3968 c.
857 3921 988 3983 quomam]
996 3927 1019 3968 et
1030 3917 1044 3986 β
1054 3919 1160 3983 (reliqua
1169 3921 1233 3977 orn.)
1299 3933 1315 3979 4
1326 3919 1380 3979 stet]
1392 3921 1458 3968 stetit
1467 3917 1516 3986 βΑ,
1530 3920 1548 3966 B
1558 3918 1652 3968 loladd
1660 3937 1667 3977 ς
1676 3920 1755 3966 stabat
1767 3918 1798 3967 C.

444 4003 757 4064 artertris]aridexteram
769 4002 798 4051 C.
883 4002 1093 4064 Salvatorisiom.
1109 4004 1141 4050 G.
1232 4000 1385 4060 deratlom.
1402 3999 1425 4066 β.
1519 3999 1801 4065 JCorrsra'nget]coddt

444 4088 564 4153 corffregit
577 4085 601 4153 β.
697 4098 723 4135 11
737 4081 883 4150 carasringct]
895 4085 1014 4148 confregit
1027 4085 1048 4134 1.
1144 4096 1151 4132 ι
1157 4095 1171 4145 3
1184 4083 1334 4131 iudicantur
1344 4084 1466 4145 natiomsj
1478 4085 1591 4131 naciones
1603 4083 1752 4132 r'ndicantur
1762 4083 1780 4132 S
1792 4099 1800 4140 ς

445 4169 565 4220 iudicabit
576 4169 689 4218 nationes
701 4166 717 4235 β
728 4186 736 4228 3
748 4168 869 4217 iudicabit
880 4169 909 4216 iu
921 4168 1065 4216 nationibus
1077 4167 1125 4215 Gt.
1214 4167 1283 4225 14ιή
1295 4167 1374 4226 cruce]
1386 4167 1414 4214 in
1425 4182 1519 4215 cracem
1534 4163 1598 4231 βΑΙ.
1686 4176 1716 4228 25
1729 4165 1800 4225 bibet]

443 4255 504 4302 bibit
516 4251 541 4320 β.
644 4249 717 4312 Quis]
729 4251 776 4316 qui
787 4252 815 4302 C.
918 4251 949 4300 28
959 4247 1088 4316 carrsrcgit]
1105 4249 1223 4312 rarrsrigr't
1234 4250 1257 4297 G
1274 4262 1281 4296 1
1299 4266 1339 4306 nr;
1357 4249 1495 4312 confringit
1508 4245 1522 4314 β
1535 4265 1541 4306 ;
1559 4247 1697 4310 rorrsrr'nqer
1709 4247 1761 4304 BC,
1773 4246 1798 4294 G

442 4353 496 4403 sup.
511 4337 554 4387 lin.
633 4337 681 4400 qui
690 4337 787 4385 iudicat
796 4331 918 4392 nationes]
929 4349 979 4382 om.
996 4333 1042 4399 βΒ.
1122 4344 1153 4393 29
1165 4332 1240 4396 quid]
1251 4347 1301 4380 ona.
1317 4331 1345 4379 B.
1419 4329 1508 4393 faciet]
1517 4330 1619 4393 sacitet
1633 4329 1741 4394 &sarit
1753 4328 1796 4376 Bl.

444 4429 475 4482 30
486 4418 525 4481 ut]
537 4424 560 4468 et
572 4418 591 4468 l.
692 4417 848 4478 torrentem]
858 4418 875 4468 S
888 4417 962 4466 inser.
983 4417 1096 4465 Terrena.

485 4611 510 4668 3.
527 4587 599 4671 cias]
615 4592 702 4650 Zach.
721 4612 747 4668 3,
767 4609 790 4650 1.
1189 4593 1206 4648 8
1222 4609 1285 4664 sqq.
1306 4591 1375 4647 Luc.
1392 4609 1419 4661 4,
1437 4607 1452 4664 5
1470 4607 1512 4662 sq.

485 4676 512 4733 6.
528 4670 658 4753 sordida]
674 4673 745 4734 ibid.
763 4693 790 4748 3.
1192 4675 1233 4730 16.
1251 4666 1472 4750 rarrtr·adicetrrr]
1490 4671 1559 4730 Luc.
1579 4691 1605 4743 2,
1622 4689 1668 4745 34.
