4202 5492
646 383 902 446 TRACTATUS
924 383 982 442 DE
1004 382 1172 442 PSALMO
1194 381 1317 442 LXXX.
1601 379 1648 464 71

301 613 335 668 et
350 612 423 682 tota
438 601 550 666 anima
566 609 680 666 nostra
696 601 877 684 quaerebat
893 599 1015 683 paleas.
1032 599 1110 664 Non
1133 597 1343 662 habebamus
1358 597 1572 674 frumentum,
1587 617 1654 661 non

301 707 507 772 habebamus
521 704 699 770 caelestem
715 725 847 788 panem,
861 703 919 787 qui
942 705 985 768 de
1007 702 1101 768 caelo
1120 699 1233 766 venit:
1249 701 1392 765 necdum
1410 701 1656 784 accipiebamus

301 831 425 876 manna
439 811 482 873 de
497 809 599 886 caelo,
615 809 758 872 necdum
776 807 872 871 nobis
888 827 1023 889 serpens
1039 806 1146 870 fuerat
1163 807 1194 868 in
1209 805 1344 870 heremo
1359 823 1540 886 suspensus
1555 828 1561 868 :
1579 824 1654 868 nec·

177 947 182 956 ·
301 917 380 981 dum
399 925 493 997 petra
508 933 630 997 aquarn
647 911 743 978 nobis
760 913 894 976 miserat
909 934 917 976 z
933 910 1075 974 necdum
1086 909 1353 974 extendebamus
1370 928 1496 984 manus,
1513 918 1546 972 et
1558 908 1656 973 cade-

270 1035 284 1086 5
302 1020 359 1082 bat
375 1017 525 1082 Amalec.
544 1017 752 1082 Sedebamus
768 1017 801 1080 in
819 1015 900 1092 luto,
914 1026 948 1079 et
964 1014 1167 1080 faciebamus
1190 1033 1291 1097 opera
1308 1013 1489 1096 Aegyptia,
1503 1014 1656 1078 civitates

305 1121 465 1184 Faraonis
479 1119 729 1186 extruebamus.
744 1119 897 1184 Devertit
922 1118 964 1183 ab
978 1117 1126 1182 onembus
1140 1119 1273 1182 dorsum
1287 1117 1365 1181 eius.
1382 1115 1494 1200 Quam
1515 1118 1656 1199 grandia

303 1236 381 1288 ante
397 1224 602 1288 habebamus
627 1244 737 1287 onera.
765 1224 944 1306 Propterea
961 1223 1097 1306 Moyses
1113 1234 1225 1286 noster
1240 1223 1321 1287 dicit
1336 1246 1343 1286 :
1361 1227 1369 1256 ‘
1387 1222 1509 1286 Venite
1531 1223 1574 1286 ad
1601 1241 1654 1286 me

303 1349 428 1406 omnes,
443 1328 499 1412 qui
524 1328 653 1392 onerati
672 1327 752 1392 estis
779 1327 934 1410 peccatis,
949 1337 983 1391 et
1009 1347 1073 1410 ego
1100 1325 1244 1391 reficiam
1270 1327 1357 1391 vos'.
1377 1325 1512 1390 Manus·
1527 1326 1597 1390 eius
1621 1325 1656 1388 in

301 1432 432 1515 cophino
444 1433 635 1498 servierunt.
652 1432 779 1498 Cuius?
797 1432 960 1496 israhelis.
977 1431 1046 1495 Alii
1059 1443 1136 1496 sunt
1153 1429 1286 1514 cophini
1303 1430 1464 1512 Aegypti,
1479 1439 1513 1494 et
1529 1429 1585 1492 alii
1601 1449 1655 1493 co-

257 1557 287 1610 ro
305 1537 395 1616 phini
419 1536 506 1602 Iesu.
538 1535 654 1600 Habet
677 1547 711 1600 et
738 1536 831 1601 Iesus
858 1535 1020 1618 cophinos
1050 1554 1138 1610 suos,
1161 1544 1194 1598 et
1224 1535 1402 1600 duodecim
1428 1535 1590 1617 cophinos
1614 1535 1657 1597 de

304 1641 499 1723 fragmentis
514 1640 655 1722 inplevit
676 1639 831 1706 Salvator
855 1649 976 1704 noster.
992 1639 1024 1704 Ο
1041 1659 1110 1703 rem
1128 1639 1255 1717 miram,
1270 1649 1304 1704 et
1320 1639 1469 1721 ingentia
1497 1639 1654 1722 mysteria
1763 1698 1766 1704 .

304 1742 555 1825 significantem.
573 1741 732 1827 Quinque
748 1743 838 1807 milia
854 1743 969 1826 populi
985 1743 1203 1807 versabantur
1218 1744 1251 1807 in
1267 1744 1413 1822 heremo,
1427 1745 1499 1808 sine
1511 1743 1657 1826 parvulis

304 1858 338 1912 et
361 1846 574 1912 mulieribus:
601 1846 634 1910 in
661 1846 735 1910 loco
761 1848 895 1912 deserto
920 1866 985 1910 non
1011 1847 1223 1912 inveniuntur
1255 1847 1317 1911 nisi
1352 1859 1483 1913 tantum
1511 1849 1658 1930 qulnque

304 1971 429 2034 panes:
446 1950 537 2016 locus
553 1949 642 2014 enim
658 1952 809 2016 desertus
825 1961 905 2018 erat.
919 1952 1067 2035 Requiro
1082 1972 1103 2015 a
1117 1962 1160 2029 te,
1169 1953 1225 2035 qui
1239 1959 1369 2016 tantum
1383 1951 1528 2018 litteram
1541 1971 1657 2035 seque·

258 2077 287 2132 ις
304 2056 368 2119 ris:
384 2055 417 2117 in
433 2054 567 2118 deserto
592 2053 665 2118 loco
692 2074 759 2118 non
787 2055 1002 2120 inveniuntur
1026 2055 1088 2120 nisi
1107 2057 1255 2139 quinque
1282 2076 1395 2138 panes,
1419 2066 1452 2119 et
1479 2056 1657 2121 duodecim

304 2157 438 2242 cophini
462 2157 634 2241 quomodo
657 2157 893 2224 inveniuntur?
910 2159 946 2226 Si
962 2161 1112 2224 desertus
1138 2169 1210 2224 erat
1226 2160 1327 2238 locus,
1344 2160 1458 2243 utique
1480 2161 1657 2224 duodecim

304 2262 465 2346 cophinos
481 2261 603 2324 habere
617 2280 683 2325 non
700 2273 840 2345 poterat.
856 2263 923 2330 Sed
941 2265 1004 2329 hoc
1025 2275 1134 2330 totum
1150 2263 1364 2348 significatur,
1389 2265 1480 2348 quod
1497 2265 1658 2347 populum

305 2386 402 2431 suurn
419 2365 586 2428 Dominus
610 2363 643 2426 in
671 2367 804 2432 deserto
821 2368 914 2432 istius
929 2369 1052 2433 saeculi
1068 2369 1188 2433 eduxit
1202 2370 1246 2434 de
1261 2368 1442 2454 Aegypto:
1459 2372 1550 2453 pavit
1566 2371 1659 2454 pani·

306 2472 367 2536 bus
377 2471 454 2548 suis,
465 2479 500 2535 et
514 2469 750 2554 quodcumque
761 2482 940 2554 supererat,
951 2472 984 2536 in
1000 2473 1178 2537 duodecim
1195 2472 1346 2555 cophinis
1362 2475 1522 2552 condidit,
1531 2474 1594 2538 hoc
1607 2484 1660 2538 est

257 2602 291 2639 ιο
307 2577 340 2638 in
356 2574 534 2640 duodecim
551 2573 712 2657 apostolis
727 2595 735 2652 ;
752 2585 787 2638 ut
804 2576 893 2658 quod
904 2576 1047 2657 perierat
1058 2577 1089 2640 in
1107 2577 1284 2642 duodecim
1302 2575 1461 2654 tribubus,
1476 2576 1661 2642 salvaretur

307 2681 340 2743 in
351 2678 529 2744 duodecim
544 2678 715 2760 apostolis.

350 2783 391 2846 ln
407 2780 617 2847 tribulatione
643 2782 802 2846 invocasti
824 2803 883 2860 me,
897 2793 929 2846 et
953 2782 1093 2847 liberavi
1113 2793 1150 2848 te.
1167 2784 1354 2866 Prophetae
1381 2794 1414 2848 et
1440 2784 1561 2868 psalmi
1585 2783 1661 2847 ideo

306 2887 438 2952 obscuri
449 2897 537 2963 sunt,
548 2887 708 2969 quoniam
722 2886 843 2963 subito,
852 2906 928 2950 cum
940 2887 1056 2962 nescis,
1068 2906 1211 2970 persona
1223 2897 1379 2953 mutatur.
1390 2887 1544 2971 Denique
1558 2907 1662 2970 usque

307 2991 371 3055 huc
387 2992 518 3055 locutus
530 2999 581 3054 est
596 2990 782 3073 propheta:
798 3010 886 3053 nunc
900 2991 1013 3054 subito
1029 2990 1196 3055 inducitur
1216 3011 1358 3073 persona
1382 2991 1447 3055 Dei
1463 2990 1604 3074 loquens
1620 2991 1662 3055 ad

261 3121 292 3174 25
308 3093 479 3176 populum.
494 3094 536 3155 Ire
552 3092 762 3157 tribulatione
777 3093 936 3158 invocasti
950 3115 1007 3172 me,
1028 3105 1060 3158 et
1072 3093 1215 3158 liberavi
1228 3105 1266 3160 te.
1282 3093 1495 3179 Quicumque
1511 3095 1544 3158 in
1562 3096 1664 3159 tribu-

310 3197 433 3262 latione
449 3217 494 3274 es,
510 3216 644 3260 securus
671 3206 766 3262 esto:
782 3199 910 3277 invoca,
924 3207 959 3262 et
974 3198 1172 3264 exaudieris.
1188 3198 1363 3262 Exaudivi
1386 3209 1417 3263 te
1432 3198 1467 3262 iu
1482 3199 1666 3264 abscondito

310 3300 512 3383 ternpestatis.
529 3295 731 3383 Tempestsss
747 3302 804 3365 illa
818 3321 905 3385 quae
916 3312 950 3365 te
966 3302 1148 3384 premebat,
1163 3313 1197 3366 et
1213 3303 1307 3385 quasi
1322 3301 1475 3368 fluctibus
1492 3303 1557 3368 huc
1574 3303 1664 3367 illuc-

311 3427 374 3489 que
389 3403 564 3470 trahebat:
580 3423 644 3486 ego
660 3424 751 3468 eram
767 3406 801 3467 in
818 3405 928 3470 media
945 3416 1154 3488 tempestate.
1170 3407 1318 3472 Probuvi
1331 3418 1361 3471 te
1383 3408 1418 3472 in
1435 3429 1522 3490 aqua
1537 3418 1664 3471 contra·

310 3508 468 3574 dictonis.
484 3506 678 3572 Secundum
708 3509 852 3573 litteram
877 3511 920 3573 de
946 3509 1065 3592 Moyse
1087 3510 1209 3574 dicitur
1224 3521 1258 3574 et
1273 3510 1400 3590 Aaron,
1415 3513 1505 3594 quod
1527 3513 1559 3576 in
1577 3531 1665 3595 aqua

263 3645 295 3695 30
310 3609 582 3678 contradictionis
598 3607 799 3675 offenderint
816 3612 937 3676 Deum.
954 3613 1108 3696 Denique
1124 3613 1201 3676 ideo
1214 3634 1280 3677 non
1292 3625 1371 3678 sunt
1388 3615 1525 3697 ingressi
1541 3627 1663 3680 terram

312 3713 583 3800 repromissionis.
601 3713 708 3777 Nobis
733 3724 845 3780 autem
871 3715 953 3779 dicit
978 3717 1092 3780 Deus:
1117 3717 1258 3780 Probavi
1275 3726 1308 3782 te
1331 3720 1420 3801 apud
1446 3738 1568 3801 aquam
1585 3739 1665 3782 con·

312 3818 528 3883 tradictionis.
544 3815 662 3880 Simon
679 3819 838 3899 probatus
854 3819 960 3922 estad
977 3839 1098 3902 aquam
1116 3821 1398 3899 contradictionis,
1414 3822 1493 3904 quia
1508 3821 1541 3885 in
1558 3821 1665 3905 hypo·

349 4009 363 4064 5
374 3997 523 4060 sedebamus]
534 3997 684 4046 sederemus
697 3996 726 4047 C.
819 3995 953 4059 Aegyptio]
965 3995 1073 4059 Aegypti
1082 4003 1104 4044 et
1116 3995 1143 4046 S.
1247 4008 1272 4044 11
1279 3997 1601 4061 fragruntislfracmentis
1613 3999 1664 4050 Cl‘.

316 4095 344 4131 ι2
360 4078 536 4140 vorabantur]
554 4077 589 4137 S;
606 4078 788 4128 versabaturG
804 4090 813 4127 1
827 4093 871 4136 m;
889 4075 1075 4144 uescebantursl
1089 4078 1111 4127 G
1126 4090 1185 4128 am.
1289 4079 1318 4128 18
1330 4079 1452 4142 parribus]
1468 4079 1497 4128 de
1503 4081 1616 4143 parribus
1632 4081 1664 4130 G.

314 4177 345 4226 ²4
356 4161 467 4229 loquens]
485 4161 607 4226 loquentis
620 4158 636 4227 β
650 4161 669 4208 Ρ
681 4162 715 4221 (η’
724 4161 781 4212 add.
795 4175 850 4224 sup.
865 4159 923 4220 lin.)
1021 4158 1053 4208 28
1070 4159 1100 4208 in
1116 4159 1194 4224 aqua]
1213 4159 1301 4224 scripsi
1320 4176 1378 4210 cum
1396 4161 1538 4225 Augustino
1554 4172 1579 4212 et
1591 4163 1666 4226 psalt.

313 4245 406 4296 Veron.
420 4261 461 4310 ap.
477 4242 565 4308 trigue
576 4254 616 4304 29,
630 4241 678 4290 286
695 4252 747 4292 not.
761 4241 778 4290 6
794 4245 841 4305 (gr.
857 4235 899 4291 ἐπὶ
917 4236 1041 4302 {iduvum
1058 4241 1088 4290 in
1104 4257 1197 4306 uquam
1210 4243 1275 4293 BCP
1290 4255 1300 4292 ι
1314 4259 1339 4292 m
1352 4244 1414 4303 SG3
1431 4243 1501 4310 apud
1514 4261 1607 4308 aquam
1620 4243 1635 4311 β
1650 4246 1669 4293 P

314 4345 367 4394 sup.
382 4329 427 4378 lin.
658 4336 660 4340 '

356 4475 383 4530 8.
399 4465 461 4551 vos]
474 4467 581 4529 Matth.
601 4486 646 4538 ιι,
664 4472 710 4528 28.
1021 4469 1116 4544 137·8,
1132 4479 1161 4528 et
1178 4467 1302 4529 Hieron.
1320 4489 1366 4546 ep.
1385 4472 1448 4542 108,
1465 4489 1551 4547 n.13.

359 4572 406 4613 20.
421 4551 454 4611 in
470 4549 613 4609 duodecim
623 4545 767 4630 tribubus]
779 4549 825 4612 cl.
842 4547 965 4626 Origen.
1060 4568 1105 4625 23.
1116 4559 1243 4624 persona
1257 4547 1402 4631 mutatur]
1414 4552 1460 4614 Cl.
1474 4571 1563 4630 supra
1577 4571 1605 4631 p.
1621 4573 1668 4626 aa,

319 4634 348 4694 in
370 4653 411 4712 ps
436 4636 475 4691 80
498 4650 544 4707 ap.
573 4629 777 4700 Pina‘nnat.
794 4650 865 4690 sacr.
882 4631 966 4702 ²111,
1019 4631 1035 4688 l.
1058 4649 1100 4688 rr.
