4160 5500
458 428 541 512 390
834 433 862 490 S.
889 431 1142 492 HIERONYMI
1166 434 1428 492 PRESBYTERI

458 646 558 731 Quod
577 647 696 712 missus
712 659 771 727 est,
787 670 806 714 a
824 649 973 713 Domino
988 650 1126 732 accepit.
1144 650 1212 714 Hic
1226 651 1316 715 venit
1330 651 1365 716 in
1381 654 1610 734 testimonium,
1622 665 1660 719 ut
1674 655 1814 720 testimo·

459 752 551 816 aium
571 753 752 836 perhiberet
775 753 815 817 de
839 753 970 819 lumine.
989 755 1099 820 Multa
1124 766 1201 819 sunt
1226 776 1312 839 quae
1338 757 1501 833 dicantur,
1516 758 1574 821 sed
1603 756 1816 822 excludimur

459 867 618 940 tempore.

501 961 551 1026 Et
573 963 711 1028 Verbum
726 984 800 1028 cara
808 965 939 1044 factam
962 974 1018 1042 est,
1033 975 1065 1030 et
1077 963 1243 1030 habitavit
1257 966 1292 1030 in
1308 964 1406 1030 nobis.
1421 965 1571 1032 Verbum
1595 984 1673 1028 caro
1688 963 1814 1029 sactum

459 1075 519 1145 est,
534 1075 567 1130 et
581 1067 754 1150 quomodo
769 1066 894 1133 iactum
911 1079 960 1133 est
978 1070 1179 1152 ignoramus.
1193 1070 1226 1134 A
1239 1070 1314 1135 Deo
1331 1069 1493 1134 rationem
1510 1068 1627 1146 habeo,
1639 1067 1813 1132 scientiam
1855 1083 1870 1136 5

460 1189 527 1235 non
543 1170 660 1238 habeo.
677 1172 756 1238 Scio
781 1173 860 1255 quia
888 1173 1037 1238 Verbum
1065 1194 1143 1238 caro
1171 1175 1295 1239 sactum
1325 1174 1376 1252 sit,
1392 1185 1426 1240 et
1441 1175 1612 1259 quomodo
1628 1175 1753 1239 sactum
1770 1173 1814 1238 sit

460 1279 579 1342 nescio.
597 1278 728 1344 Miraris
753 1278 831 1361 quia
855 1298 919 1361 ego
947 1279 1118 1342 nesciam?
1135 1277 1255 1344 Omnis
1282 1289 1433 1344 creatura
1456 1279 1813 1362 ignorat.‘Mysterium

462 1383 550 1446 enim
567 1383 659 1466 quod
675 1383 909 1449 absconditum
927 1382 989 1447 suit
1005 1382 1037 1446 in
1056 1382 1213 1448 omnibus
1228 1383 1376 1459 saeculis,
1393 1385 1426 1448 in
1443 1395 1558 1450 nostro
1572 1383 1706 1450 saeculo
1722 1404 1812 1448 reve·

459 1485 564 1552 iatum
581 1497 640 1554 est
657 1489 758 1552 Dicat
785 1487 904 1571 aliquis
923 1487 983 1553 :Si
1012 1486 1194 1551 revelatum
1222 1497 1282 1564 est,
1298 1489 1469 1571 quomodo
1493 1499 1527 1554 te
1554 1489 1679 1554 nescire
1705 1488 1814 1553 dicis?

461 1591 660 1657 Revelatum
688 1603 738 1657 est
763 1592 854 1676 quod
880 1590 1004 1656 iactum
1031 1602 1082 1657 est
1097 1615 1103 1656 :
1120 1601 1266 1656 ceterum
1291 1591 1417 1657 celatur
1432 1594 1603 1676 quomodo
1619 1592 1742 1658 sactum
1761 1592 1814 1657 sit.
1840 1625 1872 1660 ιο

460 1693 615 1778 Denique
630 1693 712 1761 dicit
730 1695 868 1762 Esaias:
883 1699 890 1727 ‘
903 1694 1165 1760 Generatiouem
1179 1695 1249 1758 eius
1265 1696 1339 1778 quis
1355 1696 1521 1760 enarrabit
1531 1697 1564 1760 r'
1582 1696 1627 1762 Et
1643 1683 1814 1781 quomodo

457 1796 529 1880 ipse
544 1798 677 1864 dixerat
692 1804 700 1832 ‘
717 1799 805 1864 Ecce
822 1799 915 1882 virgo
931 1799 963 1862 in
983 1810 1077 1865 utero
1090 1799 1255 1882 concipiet
1264 1809 1299 1864 et
1315 1799 1420 1882 pariet
1436 1799 1467 1864 ¹?
1485 1800 1576 1865 Dicit
1592 1801 1671 1884 quid
1688 1800 1813 1866 sactum

458 1901 501 1966 sit
516 1925 524 1966 ε
539 1904 676 1984 quando
702 1913 814 1970 autem
841 1903 931 1980 dicit,
946 1902 1206 1969 Generationem
1234 1903 1304 1968 eius
1330 1903 1405 1987 quis
1430 1904 1623 1970 enarrabit?
1637 1904 1702 1970 hoc
1718 1904 1815 1969 nobis

459 2006 614 2082 ostendit,
628 2009 787 2090 quoniam
816 2019 914 2072 natus
941 2007 1077 2090 quidem
1103 2008 1155 2086 sit,
1171 2008 1228 2072 sed
1245 2007 1417 2090 quomodo
1433 2017 1531 2073 natus
1554 2009 1597 2075 sit
1613 2009 1815 2092 ignoramus.

461 2108 585 2176 Sancta
604 2111 720 2190 Maria,
736 2112 835 2176 beata
852 2112 972 2191 Maria,
988 2121 1095 2177 mater
1111 2121 1143 2178 et
1160 2112 1263 2194 virgo,
1274 2111 1367 2194 virgo
1383 2121 1462 2176 ante
1477 2121 1620 2195 partum,
1635 2113 1730 2196 virgo
1739 2122 1816 2197 post
1840 2131 1872 2184 ιε

459 2225 601 2297 partum.
627 2216 703 2299 Ego
732 2216 795 2281 hoc
823 2216 935 2294 miror,
962 2217 1133 2300 quomodo
1159 2217 1201 2280 de
1227 2215 1354 2298 virgine
1377 2216 1473 2300 virgo
1499 2227 1598 2283 natus
1613 2219 1665 2296 sit,
1681 2228 1713 2283 et
1738 2227 1815 2301 post

460 2319 630 2385 nationem
647 2320 785 2403 virginis
802 2329 909 2385 mater
926 2321 1019 2404 virgo
1036 2321 1087 2387 sit.
1104 2321 1218 2385 Vultis
1233 2320 1316 2384 scire
1332 2322 1502 2402 quomodo
1516 2324 1560 2388 de
1575 2323 1701 2406 virgine
1717 2331 1816 2387 natus

460 2422 513 2501 sit,
528 2433 562 2488 et
578 2433 655 2506 post
671 2424 881 2490 nativitatem
900 2433 1007 2489 mater
1016 2424 1089 2507 ipsa
1105 2423 1147 2490 sit
1164 2424 1283 2507 virgo?
1299 2422 1421 2489 Clausa
1434 2434 1528 2489 erant
1539 2424 1635 2501 ostia,
1646 2432 1679 2489 et
1690 2423 1815 2506 ingres·

459 2545 515 2591 sus
531 2536 583 2591 est
600 2527 701 2592 Iesus
718 2528 811 2592 Nulli
827 2528 967 2594 dubium
990 2529 1071 2612 quin
1098 2527 1212 2592 clausa
1227 2528 1294 2592 sint
1309 2529 1404 2594 ostia.
1420 2528 1487 2613 Qui
1504 2527 1639 2594 intravit
1655 2547 1714 2610 per
1728 2527 1815 2590 ostia

461 2629 583 2710 clausa,
599 2652 666 2696 non
692 2641 764 2697 crat
791 2632 1001 2715 phantasma,
1017 2651 1083 2696 non
1112 2641 1182 2696 erat
1207 2632 1352 2714 spiritus,
1378 2649 1454 2693 vere
1480 2648 1600 2710 corpus
1627 2637 1706 2692 erat.
1722 2626 1814 2711 Quid
1836 2649 1873 2686 ιο

461 2737 549 2801 enim
565 2737 673 2802 dicit?
689 2741 697 2770 ‘
714 2737 885 2820 Respicite
901 2746 935 2800 ct
950 2736 1072 2814 videte,
1086 2735 1165 2819 quia
1180 2736 1316 2818 spiritus
1331 2753 1464 2799 carnem
1481 2741 1514 2797 et
1530 2752 1606 2796 ossa
1622 2751 1689 2796 non
1706 2731 1817 2807 habet,

459 2859 545 2922 quac
573 2861 627 2905 me
651 2840 831 2906 habentem
857 2841 977 2905 videtis
993 2839 1009 2905 '.
1035 2839 1193 2904 Habebat
1220 2859 1345 2916 carnes,
1360 2837 1507 2902 habebat
1530 2855 1606 2900 ossa
1621 2857 1628 2900 :
1644 2845 1678 2900 et
1703 2835 1816 2900 clausa

461 2954 555 3007 eraut
570 2943 665 3008 ostia.
683 2943 866 3028 Quomodo
882 2943 1003 3009 clausis
1019 2943 1329 3009 ostiisintraverunt
1345 2962 1421 3006 ossa
1436 2951 1470 3004 et
1486 2943 1588 3004 caro?
1605 2939 1727 3004 Clausa
1738 2948 1817 3002 sunt

460 3046 555 3124 ostia,
577 3057 611 3112 et
636 3047 738 3113 intrat
765 3069 864 3132 quem
890 3049 1069 3113 intrantem
1098 3068 1164 3112 non
1192 3047 1352 3112 videmus.
1382 3045 1482 3110 Unde
1507 3044 1665 3109 intravit?
1693 3040 1818 3107 Omnia

459 3148 571 3214 clausa
588 3162 676 3228 sunt,
692 3151 784 3216 locus
801 3173 867 3216 non
886 3162 936 3217 est
952 3173 1011 3236 per
1027 3171 1126 3235 quem
1143 3152 1263 3218 intret:
1279 3161 1312 3214 et
1328 3161 1440 3214 tamen
1459 3148 1548 3211 intus
1563 3157 1614 3212 est
1630 3147 1686 3230 qui
1715 3146 1817 3210 intra·
1837 3171 1873 3224 25

461 3252 519 3328 vit,
534 3260 568 3317 et
589 3273 655 3318 non
681 3265 777 3338 paret
804 3257 975 3339 quomodo
1001 3257 1146 3323 intravit.
1163 3257 1281 3322 Nescis
1305 3253 1477 3338 quomodo
1498 3251 1622 3317 iactum
1639 3251 1691 3329 sit,
1707 3260 1741 3315 et
1756 3251 1818 3314 das

461 3355 524 3418 hoc
541 3357 712 3437 potentiae
729 3358 802 3425 Dei.
820 3360 874 3424 Da
889 3361 1060 3444 potentiae
1078 3360 1151 3437 Dei,
1167 3361 1245 3443 quia
1271 3360 1314 3423 de
1330 3357 1458 3439 virgine
1472 3365 1571 3420 natus
1588 3356 1640 3434 sit,
1655 3363 1689 3420 et
1705 3364 1818 3419 tamen

461 3457 533 3540 ipsa
557 3460 652 3543 virgo
676 3460 773 3526 suerit
801 3463 895 3547 virgo
921 3474 998 3547 post
1025 3473 1168 3547 partum.
1193 3464 1352 3546 Legimus
1378 3462 1410 3524 in
1441 3459 1613 3537 Iezechiel,
1640 3460 1673 3524 in
1701 3457 1819 3541 templi

461 3560 715 3629 aedificatione:
732 3569 740 3598 ‘
757 3567 866 3643 Porta,
882 3567 999 3652 inquit,
1013 3567 1097 3632 baec
1125 3567 1306 3645 orientalis,
1320 3585 1408 3650 quae
1434 3563 1568 3646 respicit
1583 3563 1625 3629 ad
1643 3561 1820 3640 orientem,

461 3685 592 3754 semper
607 3667 720 3734 clausa
737 3671 797 3734 erit
811 3693 818 3748 ;
834 3679 868 3734 et
886 3690 994 3750 nemo,
1012 3673 1130 3755 inquit,
1143 3671 1280 3736 intrabit
1291 3692 1349 3756 per
1366 3690 1451 3750 eam,
1461 3670 1523 3735 nisi
1535 3669 1625 3735 solus
1636 3667 1790 3754 pontifex
1802 3668 1820 3732 '.
1840 3687 1877 3738 30

462 3769 585 3837 Clausa
601 3784 651 3837 est
668 3785 774 3857 porta,
790 3784 824 3839 et
840 3795 940 3841 nemo
965 3777 1067 3841 intrat
1093 3796 1152 3859 per
1183 3777 1290 3858 ipsam
1308 3786 1450 3859 portam,
1466 3776 1528 3840 nisi
1545 3774 1636 3840 solus
1652 3772 1818 3859 pontifex.

496 3979 510 4032 5
521 3970 662 4032 serentium]
675 3971 737 4030 ΡΜ
757 3971 934 4022 ωηετίιηίίαηι
946 3988 974 4042 χ.
1075 3972 1091 4022 8
1103 3972 1193 4035 nostra]
1214 3973 1274 4041 2¹⁴³
1294 3989 1355 4023 aava
1370 3975 1411 4035 tva
1421 3973 1480 4024 add.
1494 3989 1548 4037 sup.
1563 3971 1628 4034 lim).
1648 3973 1668 4022 F
1680 3971 1719 4022 Cf.
1733 3971 1821 4022 adnot.

462 4051 517 4102 crit.
532 4052 604 4117 adp.
622 4063 675 4114 107,
690 4054 761 4104 1.ιι.
866 4067 895 4103 ιο
911 4055 1151 4124 ᾳιιοηιοᾶα]χ;ᾳιί
1166 4057 1219 4107 FL.
1323 4052 1820 4120 15uirgomep.]virgosuda.p.z.

466 4135 644 4198 tymiama]
664 4137 726 4195 FL;
746 4138 906 4188 rrativitatem
919 4153 950 4206 χ.
1049 4148 1080 4187 22
1101 4138 1239 4201 habentem]
1260 4138 1299 4198 F;
1319 4139 1428 4187 abentem
1442 4135 1482 4196 ις
1501 4137 1589 4186 habere
1600 4152 1628 4204 χ.
1729 4147 1824 4196 uuor

462 4214 585 4277 uidemur]
598 4233 624 4268 n.
639 4219 749 4269 vidimus
762 4235 790 4287 χ.
892 4219 923 4269 26
931 4219 1015 4284 paret]
1026 4227 1130 4284 apparet
1141 4235 1168 4289 χ.

505 4369 531 4425 8.
546 4369 703 4427 revelatum
718 4365 771 4450 est]
787 4371 904 4431 Coloss.
927 4389 951 4442 r,
966 4373 1011 4430 26.
1174 4371 1299 4431 Hieron.
1317 4369 1347 4430 in
1362 4380 1527 4430 comment.
1542 4374 1549 4402 ⁸
1566 4369 1700 4442 Pulchre,
1717 4369 1823 4447 inquit,

510 4466 552 4507 rr.
568 4450 721 4508 enarrabit
731 4447 756 4530 7]
768 4452 806 4510 Is.
823 4466 839 4527 5
844 4471 870 4526 3,
887 4453 914 4510 8.
1172 4452 1295 4529 quidam
1311 4462 1426 4529 portam
1438 4452 1609 4510 clausam...
1629 4449 1754 4510 Mariam
1770 4451 1825 4512 vir·

510 4549 552 4588 ra.
561 4525 670 4606 parret]
684 4532 721 4590 Is.
738 4549 763 4606 7,
781 4553 823 4604 ¹4
1171 4533 1270 4612 ginem
1286 4532 1472 4610 intellegunt,
1487 4549 1555 4608 quae
1569 4543 1599 4592 et
1621 4539 1823 4610 antepartum

509 4631 555 4670 22.
572 4609 686 4692 ardetis]
697 4615 767 4674 Luc.
784 4633 829 4687 24,
844 4635 890 4692 39.
1171 4615 1253 4693 virgo
1265 4613 1475 4692 permansit...
1490 4625 1519 4674 et
1533 4613 1656 4690 quando
1668 4614 1754 4674 natus
1768 4627 1824 4689 eat,

508 4711 554 4768 30.
582 4691 726 4775 pontefex]
757 4697 865 4758 Erech.
897 4715 978 4772 44st
1008 4715 1051 4774 sq.
1068 4696 1119 4757 ubi
1171 4698 1253 4774 virgo
1265 4694 1427 4774 permansit
1441 4695 1579 4756 aeterna'.
