4154 5494
625 419 880 480 Tenemus
905 419 962 478 m:
983 419 1152 480 Psnuuo
1174 421 1263 482 0111.
1537 399 1612 504 167

260 635 473 720 magnificata
481 646 560 701 sunt
572 655 674 720 opera
685 644 742 700 tua
756 635 911 700 Domine.
926 636 1072 700 Excedit
1088 637 1271 701 humanum
1285 657 1422 702 sensum·
1432 645 1490 701 tua
1505 658 1616 721 opera.

262 739 383 804 Omnia
398 736 433 801 iu
450 737 612 820 sapientia
618 738 740 818 fecisti.
764 740 777 803 1
783 760 802 803 n
821 738 971 804 Domino
992 749 1107 804 nostro
1130 739 1203 803 lesu
1221 739 1344 822 Xpisto
1360 739 1445 823 (ipse
1461 741 1549 804 enim
1566 750 1617 804 est

260 843 422 925 sapientia
439 841 527 924 Dei),
548 845 732 907 secundum
754 843 944 927 apostolum
967 843 1145 921 dicentem,
1160 845 1250 926 quod
1274 845 1306 907 in
1324 845 1397 928 ipso
1412 854 1523 908 creata
1539 858 1617 910 sunt

259 947 381 1012 omnia.
404 945 532 1028 [tueleta
555 955 603 1010 est
627 957 717 1011 terra
724 947 923 1030 possessione
944 957 1011 1012 tua.
1028 948 1073 1011 Et
1090 967 1201 1011 revera
1222 949 1335 1012 omnia
1354 967 1456 1031 opera
1479 948 1616 1011 Domini

224 1069 241 1122 s
260 1051 358 1134 plena
368 1063 445 1115 sunt
455 1053 629 1136 sapientia.
640 1051 786 1136 Quando
799 1053 888 1116 enim
899 1052 1051 1116 videmus
1060 1051 1233 1116 formicam
1245 1054 1329 1116 scire
1340 1052 1476 1135 quando
1486 1052 1617 1134 hiemps

261 1157 360 1234 venit,
374 1166 408 1220 et
418 1156 548 1240 reponit
558 1157 621 1220 sibi
636 1179 756 1235 escam,
767 1169 799 1223 et
813 1159 932 1223 iterum
946 1159 1084 1224 culicem
1098 1170 1167 1223 tam
1182 1160 1346 1224 minutum
1361 1161 1483 1226 habere
1495 1160 1618 1234 oculos,

261 1269 418 1338 ventrem,
433 1269 467 1326 et
484 1262 637 1326 universa
653 1263 813 1342 membra,
840 1263 924 1327 sicut
941 1272 975 1328 et
992 1283 1051 1327 nos
1067 1262 1239 1340 habemus,
1254 1272 1288 1325 et
1304 1261 1460 1343 pulicem,
1475 1269 1509 1323 et
1532 1260 1618 1322 alia:

259 1366 410 1430 videmus
437 1374 550 1429 autem
567 1364 761 1443 elefantum,
780 1376 850 1431 tam
874 1387 1030 1449 magnam
1053 1368 1205 1444 bestiam,
1227 1365 1348 1430 habere
1364 1363 1487 1440 oculos,
1514 1383 1619 1442 nares,

260 1471 373 1552 pedes,
381 1477 541 1546 ventrem,
553 1469 638 1534 sicut
651 1477 686 1532 et
698 1489 760 1533 nos
773 1472 805 1533 in
817 1473 889 1554 ipsa
902 1471 985 1536 loca:
998 1471 1148 1536 similiter
1160 1481 1270 1535 autem
1285 1480 1318 1534 et
1330 1489 1437 1552 apem,
1448 1468 1618 1550 quomodo

209 1595 241 1630 ιο
260 1574 359 1638 saciat
376 1574 440 1638 mel
458 1585 492 1639 et
508 1596 637 1640 ceram:
654 1595 720 1638 non
736 1587 812 1639 sunt
829 1576 911 1639 haec
929 1577 1104 1640 miratione
1120 1577 1222 1659 digna
1235 1584 1269 1637 et
1285 1572 1447 1655 sapientia
1465 1571 1588 1653 plena?

303 1677 377 1742 Hoc
390 1699 482 1742 mare
496 1699 652 1760 magnum
669 1688 699 1742 et
713 1679 890 1762 spatr'osum
913 1680 1073 1745 rrranibus.
1091 1680 1213 1744 Nonne
1229 1687 1280 1742 cst
1295 1677 1358 1740 hoc
1371 1677 1473 1740 mirae
1489 1677 1619 1759 sapien-

259 1781 335 1858 tiae,
350 1784 521 1865 quomodo
546 1783 578 1845 in
604 1803 694 1846 mare
716 1797 793 1848 sunt
818 1785 958 1868 reptilia,
980 1805 1121 1869 quorum
1140 1804 1204 1848 non
1226 1794 1277 1846 est
1297 1790 1497 1858 numerus,et
1512 1781 1620 1863 pisces

258 1896 328 1950 tam
361 1888 502 1951 maiores
533 1905 634 1968 quam
669 1889 828 1952 minores:
858 1900 892 1953 et
922 1890 1094 1971 quomodo
1118 1897 1195 1950 sunt
1221 1888 1253 1948 in
1286 1885 1460 1968 profundo,
1483 1894 1517 1948 et
1542 1885 1620 1946 inde

259 2000 433 2054 resumunt
448 1991 562 2068 vitam,
574 1990 629 2054 ubi
643 1991 669 2052 si
684 1991 786 2056 homo
803 1993 968 2070 ceciderit,
979 1994 1124 2069 moritur,
1138 2001 1171 2055 et
1187 1992 1249 2073 ipsi
1266 1993 1293 2054 si
1310 1991 1459 2053 venerint
1474 1989 1507 2051 in
1524 1997 1620 2064 terra,

210 2115 238 2167 ¹5
259 2094 468 2160 moriuntur?
483 2095 558 2158 Illic
581 2096 945 2180 nauespertrausibuut.
967 2097 1051 2180 Quis
1072 2117 1115 2160 ex
1133 2097 1229 2160 nobis
1250 2104 1300 2157 est
1323 2094 1416 2158 navis
1437 2093 1539 2170 lortis,
1561 2093 1618 2175 qui

258 2201 366 2284 possit
380 2202 481 2266 istum
498 2201 665 2264 saeculum
680 2200 803 2284 fugere,
814 2211 847 2265 et
860 2220 926 2264 non
940 2200 1181 2283 submergatur,
1193 2209 1251 2263 aut
1262 2197 1412 2262 offendat
1428 2197 1459 2258 in
1474 2207 1619 2279 petram:

258 2307 317 2370 sed
335 2305 458 2370 habeat
474 2325 607 2369 sensum
624 2304 681 2388 qui
699 2326 774 2370 eum
792 2305 965 2387 gubernet,
981 2315 1017 2368 ut
1034 2307 1137 2387 possit
1154 2305 1265 2368 salvus
1281 2302 1373 2366 fieri?

301 2411 411 2475 Draco
428 2411 487 2475 iste
512 2431 605 2493 quem
613 2409 778 2491 formasti
791 2408 839 2474 ad
856 2408 1070 2473 inludendum
1084 2409 1121 2472 ei.
1144 2409 1256 2472 ludaei
1272 2407 1402 2470 dicunt:
1428 2406 1619 2468 Draconem

260 2538 420 2601 magnum
438 2517 516 2581 lecit
539 2517 640 2594 Deus,
661 2518 717 2599 qui
744 2515 865 2579 dicitur
892 2515 1088 2589 Leviathan,
1103 2525 1135 2577 et
1158 2523 1208 2578 est
1233 2512 1265 2574 in
1289 2529 1379 2572 mare
1393 2531 1400 2586 ;
1415 2517 1449 2572 et
1475 2509 1620 2591 quando,

207 2639 240 2676 20
258 2623 363 2698 aiunt,
378 2624 502 2687 recedit
519 2641 672 2696 oceanus,
688 2619 788 2682 draco
801 2618 948 2682 vertitur.
962 2619 1034 2682 Nos
1050 2627 1162 2681 autem
1176 2616 1339 2678 dicamus:
1361 2612 1428 2675 lste
1443 2622 1494 2675 est
1510 2613 1620 2688 draco,

258 2726 315 2810 qui
331 2727 375 2790 de
391 2727 546 2809 paradiso
562 2727 687 2789 eiectus
702 2732 762 2799 est,
777 2723 833 2806 qui
850 2723 982 2804 decepit
1000 2721 1117 2796 Evam,
1134 2728 1168 2783 et
1179 2720 1278 2782 datus
1295 2728 1344 2780 est
1362 2718 1394 2778 in
1412 2715 1475 2780 hoc
1492 2717 1618 2780 mundo

234 2839 240 2852 '
259 2831 302 2894 ad
319 2830 536 2895 inludendum
555 2829 660 2894 nobis.
677 2825 832 2910 Quantos
854 2828 942 2890 enim
966 2825 1147 2890 monachos
1166 2833 1200 2886 et
1227 2823 1362 2885 clericos
1379 2819 1618 2902 praecipitavit.

262 2933 385 2999 Omnia
399 2955 422 2997 a
436 2944 467 2998 te
480 2942 643 3017 expectant
657 2941 695 2995 ut
708 2930 763 2994 des
786 2929 855 2994 illis
872 2951 974 2994 escam
998 2931 1032 2992 in
1054 2938 1197 3011 tempore.
1215 2926 1304 3009 Quia
1325 2923 1439 2987 omnia
1457 2924 1518 2987 Dei
1537 2933 1618 2986 nutu

258 3037 385 3103 vivunt.
720 3025 723 3030 ’

208 3159 239 3212 25
302 3141 445 3222 Auferes
460 3141 614 3224 spiritum
630 3141 782 3223 ipsoram,
796 3149 829 3203 et
841 3137 994 3220 deficient.
1012 3127 1341 3204 Consummatidnem
1358 3133 1472 3197 mundi
1496 3131 1621 3215 signifi-

260 3255 323 3322 cat,
339 3247 474 3327 quando
490 3256 670 3328 praecepto
690 3243 828 3307 Domini
850 3243 963 3306 omnia
982 3242 1257 3318 exterminantur,
1272 3239 1357 3301 sicut
1374 3237 1533 3319 scriptum
1550 3245 1621 3299 est:

261 3350 382 3414 ‘Terra
398 3370 443 3426 es,
459 3358 493 3413 et
509 3349 540 3412 in
555 3359 677 3413 terram
696 3348 758 3411 ibis
772 3347 787 3410 '.

304 3453 447 3516 Emittes
460 3453 614 3534 spiritum
627 3462 730 3528 leuem,
741 3461 772 3514 et
783 3450 984 3514 creabuntur.
1004 3451 1041 3512 In
1054 3450 1107 3512 die
1120 3443 1426 3512 consummationis.
1440 3441 1476 3508 Si
1486 3443 1621 3525 spiritus

261 3565 360 3630 creat,
375 3574 455 3637 ergo
468 3555 561 3618 Deus
578 3564 644 3619 est:
661 3555 707 3618 ita
723 3557 812 3619 enim
829 3567 926 3632 creat,
944 3553 1115 3637 quomodo
1132 3563 1164 3614 et
1183 3553 1286 3615 Pater.

297 3737 306 3774 1
321 3725 439 3786 Excedit]
452 3725 482 3786 B,
497 3726 517 3775 P
531 3738 540 3773 ι
556 3741 580 3774 ιιι
592 3743 599 3786 ;
612 3725 763 3784 excriiitSG,
776 3724 797 3774 C
813 3737 822 3773 ι
837 3741 861 3774 m
872 3743 879 3784 ;
891 3725 1011 3774 excedunt
1021 3721 1047 3790 β,
1061 3724 1104 3774 CP
1116 3739 1170 3788 sup.
1182 3722 1225 3771 lin.
1318 3733 1332 3785 3
1344 3722 1373 3771 in
1387 3720 1448 3784 e'pso]
1460 3723 1489 3770 iu
1502 3721 1555 3785 ipsa
1568 3720 1619 3779 BC,

193 3827 200 3840 ι
264 3807 357 3857 Pcorr.
429 3807 558 3872 siremps]
571 3814 667 3871 tempus
678 3807 705 3857 S.
781 3806 950 3867 breinutuue]
963 3805 1203 3854 urr'nutaauimalea
1215 3805 1241 3855 S.
1318 3800 1578 3866 yrueeeelra]meubra
1590 3803 1620 3852 C.

263 3886 278 3936 8
289 3889 411 3950 videmus]
424 3887 459 3956 β5
471 3908 478 3948 ;
491 3890 622 3939 vulcanius
634 3889 734 3940 BCGP.
802 3883 950 3952 elefantum]
961 3889 1035 3947 APS,
1049 3887 1184 3952 elisautum
1196 3888 1219 3936 G
1232 3905 1238 3946 ;
1250 3887 1401 3952 elephantem
1416 3884 1440 3952 β,
1451 3885 1578 3950 elisantem
1592 3885 1619 3933 B.

263 3984 279 4032 9
290 3972 320 4021 in
330 3973 385 4036 ipsa
397 3969 458 4031 loca]
468 3989 557 4023 omnes
569 3973 635 4024 codd
649 3973 697 4032 3in
706 3973 767 4036 ipsis
776 3973 834 4021 locis
844 3969 868 4038 β.
956 3984 986 4021 ιο
997 3971 1089 4032 rerunt]
1100 3986 1154 4018 cera
1167 3970 1184 4019 S
1195 3987 1202 4026 ;
1214 3985 1285 4018 caera
1297 3971 1328 4020 G.
1340 3971 1428 4021 Codex
1443 3969 1459 4018 S
1473 3967 1546 4018 inser.
1557 3983 1620 4030 ergo.

263 4057 324 4118 nan]
335 4054 400 4106 BSG
413 4071 419 4114 ς
432 4071 515 4105 nenne
527 4054 551 4123 β.
657 4067 682 4105 ιι
697 4056 824 4118 maetilues]
837 4053 852 4121 β
864 4054 923 4103 add.
939 4054 992 4103 illic
1003 4055 1105 4118 reptilia
1117 4069 1224 4118 querum
1241 4061 1337 4103 nonest
1354 4067 1483 4112 numerus,
1497 4051 1623 4100 animalia

259 4137 542 4200 pusillacummagnis.
626 4138 736 4200 13sunt]
750 4135 961 4197 uniuerso,
1042 4149 1071 4198 14
1083 4138 1111 4186 iu
1123 4137 1202 4198 terra]
1214 4137 1243 4184 in
1255 4141 1348 4184 terram
1361 4134 1411 4184 CS.
1494 4134 1523 4182 16
1534 4131 1623 4193 istum]

267 4215 349 4276 3803
362 4216 432 4265 istud
442 4215 466 4284 β
540 4216 642 4282 fugere]
654 4235 684 4268 ex
689 4220 781 4285 fugire
793 4219 845 4270 (ΖΡ.
917 4217 1258 4281 19Leve'atlean11eviatdam
1270 4217 1296 4266 io
1309 4219 1403 4276 rasura)
1415 4215 1448 4266 G.
1527 4227 1622 4264 eover-

263 4293 341 4356 titur]
352 4298 649 4358 uertitA3cauvertitur
660 4301 691 4351 G.
770 4310 801 4364 25
813 4297 917 4359 retundi]
928 4316 1013 4349 eorum
1026 4301 1052 4350 S.
1130 4298 1473 4364 26quand01quomedaSG.
1549 4297 1624 4357 sicut]

263 4385 288 4426 et
298 4380 364 4428 suut
376 4379 449 4430 BCP.
551 4379 583 4430 28
595 4379 713 4441 Euu'ttes]
724 4383 807 4431 emitte
819 4383 841 4432 G
853 4399 860 4441 ;
871 4388 895 4431 et
907 4382 987 4431 mittes
1000 4383 1026 4433 S.

307 4545 333 4595 4.
349 4521 461 4605 areima]
476 4527 592 4587 Coloss.
612 4547 636 4600 1,
656 4533 699 4588 16.
970 4529 1051 4588 hebr.
1069 4527 1098 4587 in
1115 4531 1223 4588 Genes.
1244 4546 1268 4598 1,
1286 4546 1301 4584 a
1319 4529 1383 4585 ‘Ex
1406 4546 1468 4604 quo
1482 4523 1623 4602 intellegi-

309 4625 355 4681 27.
371 4603 437 4687 eliis]
453 4608 528 4667 Gen.
546 4626 573 4682 3,
593 4628 635 4684 19.
972 4628 1046 4681 mus,
1077 4627 1138 4668 non
1167 4610 1205 4668 de
1230 4607 1333 4685 spiritu
1363 4609 1467 4668 mundi
1493 4607 1561 4680 dici,
1592 4621 1623 4666 ut

309 4705 354 4762 29.
380 4708 447 4766 ergo
467 4689 549 4747 Deus
571 4687 624 4770 est]
647 4691 771 4752 Hieron.
796 4691 917 4765 Quaest.
973 4692 1108 4750 nonnulli
1142 4687 1327 4761 arbitrentur,
1358 4692 1412 4750 sed
1447 4691 1485 4752 de
1514 4688 1622 4766 Spiritu
