4112 5496
452 504 453 508 ,
502 406 551 487 18
953 427 1107 488 saucii
1138 426 1393 486 nusnouuur
1795 421 1851 506 [vn

496 644 612 753 q'uod
632 644 883 756 numquam,
902 642 976 753 qui
997 642 1103 725 Ioab
1123 654 1164 726 et
1185 643 1336 726 ceteris
1356 642 1540 727 ducibus
1561 643 1771 728 exercitus
1787 643 1853 727 sui

397 829 400 835 ·
498 787 764 892 praeceperat
786 782 934 865 dicens
961 789 970 822 ‘
995 782 1160 866 Parcite
1182 809 1314 892 puero
1334 781 1591 882 Abessalon,
1616 781 1623 808 ⁹
1645 781 1697 864 de
1721 794 1856 865 morte

497 919 574 1002 filii
616 920 862 1031 loqueretur
899 925 907 958 ‘
942 920 1150 1030 Concepit
1185 919 1391 1019 dolorem,
1424 931 1465 1002 et
1506 920 1668 1030 peperit
1699 919 1857 1030 iniqui-

498 1070 628 1141 tatem
648 1086 655 1141 :
678 1059 818 1143 lacum
839 1058 1018 1169 aperuit,
1036 1071 1078 1142 et
1098 1059 1247 1142 effodit
1267 1085 1378 1158 eum,
1394 1070 1436 1141 et
1458 1057 1608 1140 incidit
1630 1057 1673 1140 in
1689 1059 1855 1142 foveam

496 1223 627 1306 quam
659 1195 756 1279 fecit
779 1197 813 1278 ἐ
848 1197 1034 1280 maxime
1065 1198 1140 1308 qui
1164 1209 1301 1281 morte
1334 1196 1428 1279 eius
1460 1196 1608 1280 audita
1643 1195 1857 1307 operuerit
1891 1226 1905 1279 5

496 1346 623 1444 caput
645 1361 786 1436 suum,
810 1347 851 1418 et
873 1333 1070 1417 heiulans
1091 1333 1319 1417 clamitarit
1343 1339 1350 1370 ⁴
1370 1333 1508 1417 Filius
1531 1362 1653 1418 meus
1669 1335 1857 1419 Abessa-

492 1473 582 1571 lon,
626 1471 743 1555 filius
779 1499 902 1555 meus
936 1472 1179 1556 Abessalon
1204 1474 1222 1554 ¹.
1248 1472 1317 1554 Ad
1351 1485 1601 1573 extremum,
1637 1473 1754 1583 quod
1786 1474 1886 1557 ille·

498 1610 635 1695 Chusi
660 1612 827 1694 amicus
865 1609 1009 1692 David
1032 1609 1148 1692 filius
1181 1609 1337 1692 Arachi
1361 1611 1546 1720 scriptus
1568 1623 1645 1712 est,
1667 1609 1735 1693 hic
1755 1638 1857 1695 vero

499 1750 613 1833 filius
630 1751 804 1834 lemeni.
824 1749 1059 1834 Sciendum
1083 1748 1226 1859 itaque
1244 1748 1380 1832 Chusi
1399 1748 1690 1859 interpraetari
1705 1748 1857 1831 Aethi-

497 1913 636 1996 opem,
659 1899 701 1969 et
723 1899 862 1970 totum
886 1887 1102 1996 psalmum
1124 1899 1272 1970 contra
1294 1887 1399 1971 Saul
1421 1913 1516 1969 esse
1537 1887 1854 1997 couscriptum:
1877 1925 1906 1961 10

498 2025 571 2134 qui
595 2024 928 2134 persequebatur
949 2052 1060 2138 eum,
1083 2025 1190 2107 etin
1213 2025 1378 2108 foveam
1401 2052 1533 2135 quarn
1565 2023 1740 2126 foderat,
1765 2025 1858 2134 ipse

499 2162 661 2245 incidit.
687 2161 827 2269 Quem
853 2161 1108 2272 Aethiopem
1144 2176 1267 2246 vocat
1289 2175 1460 2274 propter
1480 2165 1783 2275 sanguinarios
1813 2179 1858 2250 et

499 2313 630 2384 tetros
664 2314 706 2385 et
727 2301 920 2384 crudeles
954 2328 1105 2384 mores.
1133 2302 1295 2386 lemeni
1330 2328 1433 2384 vero
1454 2301 1618 2384 familia
1652 2303 1768 2413 quod
1799 2302 1856 2386 ad

500 2439 660 2522 tribum
683 2441 891 2551 pertineat
915 2439 1154 2539 Beniamin,
1191 2439 1245 2522 de
1274 2466 1361 2550 qua
1394 2439 1499 2523 Saul
1522 2452 1643 2523 ortus
1664 2453 1742 2541 est,
1773 2441 1858 2524 Re-

496 2605 685 2688 gnorum
707 2579 803 2661 libri
838 2577 1088 2662 testimonio
1124 2590 1236 2677 sunt,
1261 2579 1304 2660 in
1326 2578 1486 2688 quibus
1508 2579 1718 2690 scriptura
1738 2607 1856 2663 com·
1877 2613 1906 2665 ¹⁵

500 2731 735 2802 memorat:
763 2725 771 2756 ⁴
801 2718 860 2799 Et
894 2729 984 2800 erat
1018 2717 1085 2798 vir
1117 2715 1169 2799 de
1205 2716 1306 2798 filiis
1341 2716 1582 2818 Beniamin,
1620 2730 1662 2800 et
1696 2745 1855 2801 nomen

498 2857 592 2939 eius
614 2857 702 2956 Cis,
726 2854 842 2938 filius
863 2854 1001 2954 Abiel,
1026 2853 1101 2935 filii
1125 2854 1262 2954 Saret,
1286 2853 1362 2935 filii
1388 2855 1558 2956 Becora,
1576 2854 1652 2938 filii
1674 2857 1758 2957 Afi,
1775 2858 1855 2941 filii

499 2991 580 3074 viri
605 2992 822 3092 leminaei‚
845 2992 911 3074 vir
937 3003 1121 3102 potens:
1157 3004 1198 3074 et
1232 2990 1331 3073 huic
1366 2991 1494 3092 filius,
1518 3005 1560 3076 et
1582 3021 1739 3078 nomen
1761 2997 1856 3079 eius

502 3130 607 3214 Saul
632 3131 650 3214 '.
677 3131 820 3214 Semei
853 3156 1026 3240 quoque
1055 3129 1136 3230 ille,
1174 3129 1247 3240 qui
1285 3130 1450 3240 lapides
1485 3143 1527 3214 et
1556 3133 1772 3243 pulverem
1811 3134 1855 3217 in

505 3268 647 3351 David
670 3267 860 3366 iaciebat,
884 3267 937 3351 de
959 3267 1121 3349 familia
1144 3267 1263 3367 Saul,
1287 3267 1367 3351 hoc
1387 3281 1463 3368 cst,
1491 3271 1735 3354 leminaeus
1758 3272 1853 3373 fuit,
1876 3303 1909 3340 20

502 3407 613 3489 sicut
649 3406 692 3488 in
730 3405 866 3488 isdem
903 3404 1024 3488 libris
1058 3405 1285 3488 scribitur:
1324 3407 1677 3518 ‘Egrediebatur
1705 3410 1773 3492 vir
1802 3409 1857 3494 de

503 3545 822 3656 propinquitate
857 3539 1014 3626 domus
1052 3544 1169 3644 Saul,
1207 3557 1249 3628 et
1285 3573 1442 3629 nomen
1475 3548 1512 3631 ei
1550 3549 1707 3653 Semei,
1741 3550 1859 3635 filius

504 3683 616 3765 Cera
637 3683 657 3766 ’.
684 3683 750 3766 De
771 3709 858 3792 quo
889 3695 1038 3792 postea
1061 3682 1203 3765 David
1226 3683 1409 3795 loquens
1444 3683 1663 3771 inducitur
1680 3717 1688 3771 :
1704 3698 1722 3804 Ι·
1747 3689 1860 3773 Ecce

504 3821 619 3904 filius
655 3848 789 3920 meuS,
828 3820 903 3931 qui
939 3846 1140 3931 egressus
1171 3834 1237 3905 est
1271 3823 1325 3904 de
1359 3833 1509 3906 ventre
1545 3851 1651 3926 meo,
1689 3828 1858 3936 quaerit

538 4040 829 4107 rnumquamrnrnser.
842 4041 938 4090 namu.
1024 4040 1265 4104 varumnam,
1298 4043 1398 4108 operuit
1408 4043 1479 4112 nep.
1570 4046 1748 4111 saranum]
1762 4049 1858 4109 nanu

502 4121 679 4191 cumretcp.
785 4135 822 4183 14.
836 4121 976 4186 aquato
992 4137 1040 4185 quo
1057 4122 1086 4172 e.
1191 4136 1200 4172 1
1205 4133 1219 4186 ς
1230 4124 1380 4187 testimonio]
1395 4124 1444 4193 sp,
1465 4127 1487 4177 c
1505 4143 1560 4194 sup.
1582 4129 1650 4190 nn,
1683 4129 1859 4182 resumat:

505 4218 619 4265 maun
652 4203 867 4254 usumnrumn.
970 4213 998 4264 17
1018 4202 1102 4264 Sarac]
1121 4203 1182 4263 um
1222 4204 1361 4274 canufi,
1394 4208 1486 4259 sareu
1507 4211 1560 4260 nu
1580 4211 1661 4271 (leur.
1681 4197 1767 4274 abr,
1786 4213 1861 4263 Lxx

503 4279 605 4356 ’raptu
684 4285 787 4347 accam]
809 4283 923 4344 naum
956 4283 1053 4333 occur
1063 4283 1087 4352 β.
1175 4283 1613 4356 numum]<exulandum
1647 4277 1860 4356 [ιω-ΕΔΜ,

502 4369 599 4418 Iemr'm'
609 4367 625 4436 β
637 4385 644 4428 ς
675 4367 774 4432 gemini
789 4367 819 4428 C,
834 4373 859 4417 et
877 4367 953 4432 paulo
971 4373 1029 4430 post
1044 4367 1182 4428 genuimus.
1283 4381 1312 4419 21
1335 4371 1422 4433 r'sdem]
1441 4373 1480 4434 E,
1513 4375 1607 4426 hr'sdem
1620 4375 1650 4436 C,
1665 4377 1744 4426 AMr
1766 4393 1861 4436 manu3

501 4451 589 4501 eisdem
609 4447 633 4516 β,
656 4450 681 4499 Α
698 4462 713 4499 2
733 4465 817 4499 mann.
919 4459 950 4511 23
965 4447 1040 4508 Gara]
1061 4445 1141 4514 ΕΟβς
1175 4450 1233 4500 Iera
1245 4451 1307 4502 AM.
1409 4455 1551 4520 mittitur]
1571 4457 1733 4510 indr'ra'turA
1749 4471 1758 4510 ι
1773 4473 1859 4510 manu.
1970 4489 1976 4498 ·

544 4636 567 4673 2.
593 4610 762 4694 Abessalon]
779 4634 794 4671 2
812 4615 885 4690 Reg.
914 4616 958 4688 18,
976 4631 1000 4690 5.
1249 4613 1544 4697 21.]2Reg.5,11.

546 4716 588 4772 19.
614 4693 702 4776 Saul]
722 4715 733 4753 1
752 4697 823 4772 Reg.
843 4715 870 4770 9,
889 4714 941 4753 1-2.
