4092 5502
546 437 800 498 'IRACTATUS
824 437 881 496 DE
904 439 1072 500 PSALlllO
1094 436 1268 500 CXLVIII.
1516 439 1597 526 307

287 656 438 720 Laudare
453 654 634 718 Dominum
661 653 700 717 rie
722 653 827 732 caelis,
841 653 975 717 laudate
998 675 1071 716 eum
1089 653 1123 717 in
1138 654 1275 720 arcelsis.
1292 656 1349 720 Ad
1374 656 1504 720 laudem
1535 651 1598 721 Dei

244 765 314 830 sola
330 765 503 828 hominum
521 774 639 828 natura
656 783 723 826 non
740 761 870 827 suffieit:
888 762 1068 845 iungantur
1082 773 1115 828 et
1131 760 1223 827 caeli.
1243 760 1396 824 Laudare
1414 761 1598 824 Dominum

243 869 285 933 de
299 867 409 932 caelis.
424 868 501 930 Non
519 867 616 943 dixit,
631 867 766 931 laudate
793 866 874 930 caeli
889 888 896 944 ;
911 867 969 931 sed
997 887 1057 930 vos
1085 865 1219 930 laudate
1244 865 1299 946 qui
1326 864 1404 926 estis
1430 863 1461 925 in
1488 864 1599 940 caelis,

241 969 306 1034 hoe
322 979 382 1047 est,
398 971 454 1052 qui
471 969 629 1034 habitatis
646 971 679 1034 in
696 970 805 1046 caelis,
822 969 941 1047 throni,
958 969 1213 1047 dominationes,
1231 978 1423 1050 potestates,
1434 967 1598 1050 seraphin,

212 1097 225 1149 5
243 1075 411 1152 cherubin,
426 1084 459 1138 et
476 1095 576 1138 omne
593 1095 714 1139 nomen
732 1075 821 1158 quod
850 1075 1050 1152 nominatur,
1067 1094 1132 1137 non
1150 1073 1257 1136 solum
1276 1074 1308 1134 in
1333 1074 1499 1153 praesenti
1527 1093 1598 1136 sae-

243 1177 327 1257 culo,
342 1179 400 1242 sed
417 1189 450 1243 et
467 1181 500 1243 in
529 1179 648 1243 futuro.
665 1179 818 1243 Laudate
846 1179 1029 1243 Dominum
1055 1179 1097 1242 de
1124 1177 1232 1244 caelis.
1249 1176 1315 1259 Qui
1332 1177 1411 1239 estis
1440 1177 1471 1238 in
1490 1176 1599 1253 caelis,

243 1285 299 1364 qui
315 1285 394 1348 estis
412 1284 444 1346 in
461 1284 612 1360 excelsis,
628 1281 763 1347 laudate
780 1304 855 1347 eum
873 1285 904 1346 in
922 1283 1072 1347 excelsis.
1091 1283 1236 1358 Excelsi,
1254 1283 1388 1346 laudate
1406 1283 1597 1348 Excelsum.

245 1388 320 1450 Non
338 1386 426 1450 dixit
443 1387 623 1451 humilibus
640 1398 673 1450 et
689 1388 843 1450 deorsum
862 1387 987 1470 positis,
1004 1387 1138 1450 laudate
1153 1411 1160 1450 ι
1176 1386 1234 1450 sed
1252 1407 1311 1449 vos
1328 1385 1382 1468 qui
1401 1385 1432 1448 in
1457 1388 1598 1452 sublime

243 1492 329 1555 estis.

199 1617 227 1656 ro
286 1594 436 1659 Laudare
450 1615 522 1658 enm
538 1615 647 1659 omnes
661 1593 772 1676 angeli
795 1594 870 1657 eius.
887 1593 992 1656 Vides
1009 1594 1041 1656 in
1067 1613 1134 1676 quo
1150 1593 1254 1674 gradu
1271 1602 1348 1656 sunt
1366 1593 1502 1674 angeli?
1531 1593 1598 1655 Pri-

244 1719 334 1763 mum
361 1700 470 1762 throni
497 1699 671 1761 dicuntur:
699 1699 819 1774 throni,
844 1698 947 1760 sedes.
968 1697 1043 1759 Non
1073 1705 1229 1779 putemus
1258 1699 1433 1762 cathedras
1459 1719 1539 1774 esse,
1565 1698 1597 1760 in

242 1803 362 1886 quibus
385 1804 477 1867 Deus
493 1804 627 1867 sedeat:
643 1803 700 1865 sed
719 1802 856 1866 virtutes
883 1800 1011 1884 aliquas
1035 1801 1066 1863 in
1092 1800 1298 1878 caelestibus,
1315 1803 1347 1864 in
1366 1803 1486 1885 quibus
1504 1803 1596 1866 Deus

243 1926 375 1990 semper
389 1909 504 1971 sedeat
527 1907 621 1989 quasi
649 1905 682 1968 in
700 1905 863 1988 quadriga
889 1925 957 1970 sua.
976 1905 1128 1970 Laudate
1152 1924 1228 1968 eum
1256 1899 1372 1970 omnes
1389 1906 1499 1988 angeli
1515 1908 1594 1976 eius.

242 2011 371 2077 Omnes
388 2012 496 2094 angeli
513 2013 591 2074 eius.
608 2009 675 2092 Qui
692 2009 830 2091 angelus
846 2019 905 2086 est,
923 2008 1054 2072 laudet:
1072 2008 1128 2090 qui
1145 2009 1289 2072 daemon
1302 2021 1361 2085 est,
1379 2009 1514 2073 laudare
1531 2029 1597 2074 non

198 2140 205 2175 ι
211 2137 225 2192 5
243 2125 362 2198 potest.
378 2115 530 2180 Laudare
544 2135 617 2178 eum
631 2113 891 2177 omnesvirtutes
906 2112 982 2175 eius.
1000 2111 1089 2194 Quia
1105 2113 1146 2176 ad
1165 2111 1279 2176 laudes
1296 2114 1359 2176 Dei
1376 2114 1513 2196 angelos
1524 2136 1597 2198 pro·

242 2218 444 2295 vocavimus,
459 2229 491 2282 et
510 2219 610 2282 homo
626 2229 820 2282 cunctarum
838 2218 997 2280 virtutum
1016 2235 1138 2280 nomen
1155 2216 1238 2280 scire
1254 2237 1320 2281 non
1338 2238 1483 2300 possum,
1498 2239 1597 2302 gene·

242 2321 354 2386 raliter
369 2322 445 2385 dico
459 2321 639 2385 :Laudato
649 2340 724 2383 eum
741 2339 857 2384 omnes
870 2320 1009 2382 virtutes
1021 2319 1100 2382 eius.
1117 2319 1299 2403 Hucusque
1315 2323 1357 2385 de
1370 2321 1598 2388 invisibilibus.

243 2425 405 2503 Laudate,
420 2445 459 2488 ea
476 2445 560 2507 quae
585 2431 664 2493 esus
689 2430 875 2508 invisibilia,
891 2449 977 2510 quae
1001 2428 1168 2493 humanus
1195 2430 1312 2494 oculus
1339 2449 1404 2492 non
1423 2439 1532 2510 potest
1550 2431 1597 2491 in-

241 2528 333 2592 tueri.
352 2527 449 2591 Nunc
470 2530 560 2593 venit
577 2532 618 2594 ad
633 2545 799 2598 creaturas
815 2553 898 2616 quas
914 2532 1018 2596 oculis
1033 2533 1207 2598 cernimus.

192 2661 223 2698 20
284 2632 434 2696 Laudare
448 2653 520 2695 eum
532 2633 582 2695 sol
593 2645 625 2697 et
638 2636 725 2703 lana.
739 2639 870 2714 Videte,
880 2638 1022 2721 gentiles
1038 2660 1044 2699 :
1058 2637 1176 2712 videte,
1189 2637 1387 2700 Manichaei.
1402 2635 1460 2701 Sol
1474 2634 1597 2712 laudat,

240 2757 307 2802 non
325 2737 489 2802 laudatur.
518 2737 669 2804 Laudate
694 2762 769 2804 eum
799 2741 846 2806 sol
873 2751 907 2805 et
934 2741 1019 2804 luna.
1037 2740 1108 2803 Vos
1124 2739 1228 2805 solem
1255 2743 1354 2804 deum
1372 2739 1491 2803 dicitis.
1509 2739 1597 2802 Ecce

239 2853 316 2925 post
334 2851 462 2925 quanta
478 2843 601 2908 laudat.
616 2845 767 2910 Laudate
782 2847 824 2909 de
840 2845 949 2922 caelis,
965 2845 1099 2908 laudate
1114 2846 1146 2908 in
1164 2845 1315 2922 excelsis,
1331 2843 1465 2907 laudate
1478 2843 1597 2924 angeli,

239 2947 375 3013 laudate
399 2969 515 3012 omnes
543 2951 690 3014 virtutes.
708 2950 800 3014 Deus
816 2961 925 3015 vester
949 2952 981 3014 ln
1011 2949 1128 3032 quinto
1153 2950 1257 3032 gradu
1286 2950 1425 3013 laudans
1453 2949 1595 3030 ponitur.

240 3053 393 3116 Laudate
409 3071 484 3116 eum
503 3052 551 3115 sol
579 3063 612 3116 et
637 3053 723 3118 luna.
741 3054 817 3116 Non
835 3055 932 3130 dlxit,
950 3054 1026 3116 luna
1043 3061 1076 3116 et
1093 3054 1140 3115 sol
1158 3077 1163 3116 :
1181 3056 1249 3130 sed,
1266 3053 1313 3116 sol
1334 3064 1366 3117 et
1384 3053 1470 3116 luna.
1494 3053 1594 3134 Quod

189 3183 217 3235 23
239 3159 346 3220 maius
374 3158 406 3219 in
433 3157 558 3220 lumine
583 3167 641 3235 est,
659 3159 746 3241 prius
772 3155 894 3221 laudat.
910 3157 1033 3220 Videte
1061 3158 1211 3220 ordinem
1237 3157 1425 3220 visibilium.
1444 3157 1596 3220 Laudate

238 3280 325 3339 eum,
340 3262 389 3324 sol
404 3283 411 3323 :
427 3271 503 3343 post
528 3260 641 3338 solem,
659 3261 736 3324 luna
749 3245 760 3324 τ’
784 3270 859 3342 post
879 3261 1001 3337 lunam,
1018 3279 1134 3323 omnes
1160 3261 1283 3324 stellae.
1303 3260 1430 3326 Omnes
1458 3260 1595 3323 stellae:

238 3387 305 3429 non
323 3375 455 3429 tantum
483 3363 606 3442 lucifer,
623 3383 688 3427 non
718 3375 848 3428 tantum
868 3365 1008 3427 maiores
1034 3363 1158 3441 stellae,
1174 3367 1231 3429 sed
1250 3376 1282 3430 et
1301 3368 1444 3430 minores
1473 3367 1596 3448 pariter

238 3469 375 3534 laudent
394 3469 586 3533 Dominum.
605 3470 704 3532 Dicat
721 3467 858 3549 aliquisi
880 3467 1061 3550 Quomodo
1078 3466 1170 3531 solet
1185 3467 1261 3532 luna
1279 3481 1311 3533 et
1329 3470 1445 3532 stellae
1457 3471 1595 3532 laudant

239 3575 377 3638 Deum?
395 3574 432 3636 ln
451 3573 597 3655 eoquod
615 3594 635 3638 a
651 3592 711 3636 suo
724 3571 833 3634 officio
846 3579 879 3634 et
896 3572 1031 3635 servitio
1048 3592 1113 3634 non
1126 3573 1293 3636 recedunt.
1314 3573 1492 3637 Servitium
1506 3573 1594 3654 ipso-

189 3702 219 3752 30
238 3698 321 3753 rum,
333 3677 404 3740 laus
423 3677 486 3740 Dei
503 3687 561 3739 est.
579 3675 748 3740 Grandem
775 3675 935 3738 honorem
953 3674 1064 3752 habes,
1080 3676 1227 3739 humana
1251 3677 1371 3740 amma.
1390 3677 1447 3741 Sol
1466 3686 1499 3740 et
1515 3676 1593 3739 luna

236 3792 269 3844 et
285 3781 401 3844 stellae
418 3801 477 3864 pro
490 3766 526 3844 'te
542 3789 687 3855 currunt,
703 3799 762 3861 pro
778 3789 811 3842 te
828 3781 982 3842 serviunt.
994 3779 1127 3862 Angeli,
1140 3781 1259 3857 throni,
1270 3782 1515 3844 dominationes
1525 3801 1591 3843 non

269 3961 404 4028 asnfficit]
423 3964 526 4029 sufficie!
546 3964 565 4013 1.
668 3967 822 4029 irrugantur]
843 3967 1030 4028 inngalarSG.
1132 3951 1296 4029 rael'lcaelu
1309 3971 1335 4018 S.
1436 3967 1592 4031 4serapirin]

235 4045 337 4108 syrahin
352 4045 380 4094 B.
466 4045 742 4107 §circrrrlrr'alrerubinr
755 4047 784 4096 C.
870 4047 926 4096 8irr
939 4047 1052 4108 sublime]
1065 4049 1092 4097 in
1104 4050 1208 4098 sublimi
1221 4049 1258 4115 βΙ.
1354 4051 1527 4109 torrnrt]rirr!
1539 4051 1590 4100 BC.

236 4127 365 4190 Primam]
380 4128 465 4191 primi
485 4129 513 4176 B.
634 4141 659 4178 11
680 4129 768 4178 throni
786 4129 860 4190 sedes]
881 4131 901 4179 C
923 4131 1034 4180 interser.
1049 4139 1109 4179 ruat
1127 4148 1181 4196 sup.
1196 4132 1250 4190 lin;
1272 4133 1288 4180 S
1310 4132 1367 4180 adrl.
1383 4133 1590 4195 interpretantur.

237 4207 441 4269 {Jsedratlserirt
453 4209 478 4257 S.
567 4221 596 4269 14
610 4211 700 4259 Omnes
711 4227 734 4259 a.
749 4210 812 4270 cirrr]
825 4227 874 4259 nou
887 4221 964 4274 repet.
982 4209 1020 4276 βΙ.
1106 4209 1299 4269 larrrietllarniat
1312 4211 1334 4280 β.
1424 4213 1476 4272 Qui
1490 4213 1593 4261 dannan

234 4292 279 4352 est]
297 4294 345 4356 qui
364 4307 414 4340 non
433 4299 468 4341 ert
486 4293 589 4354 angelus
602 4293 622 4342 1.
728 4302 755 4354 15
766 4290 965 4355 provocavimus]
982 4303 1142 4357 provocantur
1154 4296 1183 4344 C.
1289 4292 1592 4356 r6nonpossum1CSG;

236 4387 261 4421 n.
273 4372 576 4438 parsumu513a.po!est
589 4371 612 4440 β
717 4372 785 4422 18ea
797 4372 869 4436 quar]
883 4375 981 4432 CS;ca
994 4377 1159 4438 quiB3rum
1172 4378 1276 4440 quach
1297 4377 1496 4440 cr'quiG3rrrnr
1508 4378 1555 4440 qni
1567 4375 1590 4442 β

235 4453 388 4512 invisibilia,
400 4453 474 4518 qnae]
485 4454 550 4503 codrl
563 4471 570 4510 3
583 4454 731 4503 invisibiles.
749 4455 896 4503 Invisibilia
909 4457 924 4520 β
938 4457 997 4514 (om.
1012 4459 1093 4520 qnae).
1174 4470 1187 4505 2
1191 4465 1204 4518 5
1218 4459 1301 4504 rtrar'ar
1313 4458 1341 4504 ia
1353 4458 1449 4505 lamine
1457 4458 1503 4518 est]
1515 4460 1594 4520 magis

235 4535 377 4582 inluminat
390 4535 410 4582 I.
523 4529 529 4538 ¹

277 4696 302 4753 6.
320 4689 480 4772 injutum]
499 4693 605 4768 Ephes.
627 4713 650 4764 r,
669 4712 713 4750 21.
