4202 5492
687 444 943 506 TRACTATUS
967 445 1025 504 DE
1047 445 1215 507 PSALMO
1236 446 1301 508 XC.
1593 443 1669 528 115

318 670 472 746 proteget
499 681 568 726 nos.
593 659 641 724 Et
663 659 723 725 snb
741 661 860 744 pennis
884 661 954 726 eius
977 661 1126 744 sperabis.
1143 662 1306 745 Aspicies,
1322 662 1438 745 inquit,
1455 679 1574 726 manus
1599 661 1670 726 eius

315 763 501 840 crucifixas,
516 775 549 827 et
566 764 593 826 si
610 775 643 827 te
658 783 794 846 serpens
811 766 1036 844 momorderit,
1051 765 1229 830 sanaberis.
1247 764 1341 829 Licet
1373 764 1524 829 ambules
1550 765 1582 828 in
1610 766 1668 830 de-

314 879 403 934 serto
419 869 514 932 istius
529 867 652 932 saeculi
667 891 674 931 :
690 867 717 930 si
734 879 767 932 te
783 870 980 950 percusserit
996 869 1140 952 scorpio,
1155 872 1182 934 si
1200 871 1342 954 regulus,
1352 871 1379 933 si
1395 872 1494 953 aspis,
1509 871 1537 934 si
1560 881 1670 934 cetera

313 982 478 1037 venenata
501 971 668 1050 animalia,
698 991 831 1036 securus
862 981 935 1037 esto
964 973 1007 1037 de
1037 973 1204 1038 sanitate:
1235 995 1370 1056 serpens
1398 976 1430 1038 in
1457 994 1569 1039 eremo
1594 995 1666 1038 sus·

282 1086 506 1162 spensusest.

360 1179 459 1245 Scuto
472 1179 684 1244 circumdabit
699 1189 729 1260 te
744 1182 866 1246 veritas
880 1181 958 1245 eius.
976 1181 1114 1246 Scutum
1144 1194 1292 1247 nostrum
1321 1183 1501 1247 rotundum
1528 1191 1588 1260 est,
1604 1182 1668 1246 hoc

314 1295 373 1362 est,
389 1306 433 1350 ex
461 1285 553 1348 omni
581 1295 675 1378 parte
691 1305 752 1348 nos
767 1287 883 1368 saepit.
902 1286 977 1349 Non
995 1286 1103 1350 solum
1120 1297 1250 1352 scutum
1267 1297 1327 1364 est,
1343 1288 1400 1351 sed
1419 1302 1451 1350 et
1480 1307 1593 1350 murus
1609 1296 1668 1350 est.

313 1393 321 1420 ‘
340 1388 486 1452 Domine
503 1396 539 1452 ut
554 1397 649 1452 scuto
665 1388 774 1452 bonae
790 1389 971 1454 voluntatis
987 1399 1065 1454 tuae
1080 1391 1246 1454 coronasti
1263 1411 1332 1456 nos.
1349 1390 1500 1472 ’Aliquis
1516 1390 1558 1454 de
1573 1401 1669 1454 scuto

314 1497 478 1556 coronat?
496 1491 619 1556 Videte
645 1491 724 1574 quid
753 1492 866 1556 dicat:
892 1494 1037 1557 Domine
1062 1506 1099 1558 ut
1126 1505 1221 1560 scuto
1248 1495 1356 1558 bonae
1381 1493 1563 1556 voluntatis
1591 1503 1669 1556 tuae

267 1617 299 1654 ιο
314 1596 479 1660 coronasti
497 1615 566 1674 nos.
583 1593 674 1678 Quid
691 1596 795 1660 dicit?
813 1597 970 1679 Proteges
986 1609 1104 1675 nosset
1132 1599 1231 1662 iacies
1247 1599 1387 1678 vincere,
1402 1609 1436 1662 et
1461 1611 1537 1680 post
1565 1597 1668 1660 victo·

315 1702 395 1764 riam
423 1700 606 1764 coronabis.
624 1700 721 1764 Scuto
747 1701 959 1766 circumdabit
983 1712 1014 1766 te
1037 1703 1159 1766 verc'tas
1181 1703 1259 1768 eins.
1276 1703 1445 1786 Quoniam
1474 1703 1610 1766 dixerat
1626 1704 1669 1764 ‘a

314 1805 416 1868 verbo
431 1824 549 1886 aspero
565 1804 629 1881 ’,et
645 1805 781 1868 verbum
800 1827 952 1887 asperum
970 1826 1147 1888 possumus
1163 1807 1355 1888 intellegere
1365 1816 1398 1871 et
1418 1805 1670 1880 haereticorum,

315 1919 349 1973 et
375 1909 658 1992 philosophorum,
673 1918 707 1972 et
726 1909 935 1986 Iudaeorum,
951 1920 984 1974 et
1000 1911 1063 1975 hoc
1079 1912 1173 1992 quasi
1197 1911 1334 1974 verbum
1352 1929 1516 1991 asperum,
1533 1927 1599 1972 non
1617 1914 1668 1970 est

316 2034 438 2091 verum,
454 2014 512 2078 sed
539 2016 685 2078 mendax
711 2024 770 2077 est.
789 2015 968 2096 Propterea
994 2015 1134 2078 enimet
1162 2015 1331 2080 turbidum
1350 2026 1408 2091 est,
1424 2015 1503 2097 quia
1521 2013 1669 2079 mendax

268 2137 298 2190 15
316 2127 389 2196 est;
411 2128 587 2201 propterea
613 2118 783 2182 turbidum
800 2128 859 2194 est,
875 2119 952 2200 quia
969 2119 1146 2183 conturbat
1164 2121 1291 2182 animas
1308 2129 1438 2182 nostras
1459 2138 1517 2200 per
1535 2117 1671 2179 menda·

316 2224 403 2286 cium
420 2242 525 2286 suum.
544 2223 709 2286 Dominus
726 2242 814 2305 ergo,
830 2223 885 2304 qui
903 2223 1023 2286 veritas
1048 2233 1108 2299 est,
1123 2233 1157 2286 et
1181 2224 1262 2288 dicit
1286 2228 1292 2254 ¹
1311 2223 1386 2303 Ego
1412 2241 1486 2285 sum
1515 2220 1636 2284 veritas
1653 2216 1672 2294 '‚

316 2336 412 2390 scuto
434 2326 618 2389 circumdat
643 2346 705 2388 nos
731 2325 852 2390 veritas
879 2326 958 2402 eius,
975 2347 1015 2389 ne
1040 2326 1234 2392 ardentibus
1259 2326 1391 2408 sagittis
1414 2324 1539 2388 diaboli
1554 2321 1671 2404 percu·

317 2429 447 2492 tiamur.
476 2429 655 2510 Propterea
680 2429 830 2510 Xpistus,
860 2430 917 2512 qui
945 2439 995 2493 est
1022 2431 1151 2506 veritas,
1178 2429 1318 2510 obponit
1343 2439 1473 2492 scutum
1501 2439 1609 2503 suum,
1635 2433 1673 2488 ut

317 2544 412 2598 scuto
438 2533 586 2598 veritatis
602 2542 736 2614 superet
753 2535 973 2597 mendacium.
990 2534 1067 2596 Non
1094 2532 1222 2596 timebis
1236 2555 1257 2596 a
1274 2532 1388 2596 tirceore
1414 2541 1574 2595 reocturno.
1592 2531 1672 2593 Dia-

266 2660 301 2698 20
317 2638 413 2701 bolus
435 2658 566 2719 semper
583 2637 615 2698 in
633 2636 777 2700 tenebris
793 2646 864 2701 est:
887 2641 894 2668 ‘
912 2645 949 2700 ut
972 2638 1149 2719 percutiat,
1171 2639 1287 2720 inquit,
1310 2637 1342 2700 in
1359 2635 1497 2700 occultis
1514 2635 1672 2698 innocen·

317 2751 385 2804 tem
398 2740 521 2805 '.Vidcs
537 2761 617 2822 ergo
626 2740 715 2822 quod
732 2741 789 2823 qui
806 2740 951 2822 simplex
967 2752 1018 2804 est
1034 2751 1066 2804 et
1084 2743 1243 2804 innocens
1259 2751 1318 2817 est,
1334 2759 1465 2820 semper
1481 2739 1513 2802 in
1531 2735 1670 2802 occultis

317 2846 505 2927 percutitur.
530 2844 606 2906 Nou
623 2843 749 2906 timebis
772 2865 794 2906 α
818 2843 932 2908 timore
958 2855 1118 2910 nocturno.
1144 2844 1243 2927 Quod
1274 2845 1363 2922 dicit,
1388 2845 1451 2907 hoc
1478 2852 1550 2906 est:
1578 2843 1672 2906 Licet

318 2948 350 3010 in
378 2958 501 3013 terrore
517 2936 726 3028 fuerisquae
752 2966 821 3011 nox
846 2956 906 3024 est,
923 2959 1034 3011 tamen
1061 2967 1127 3011 non
1152 2949 1294 3024 timebis,
1310 2950 1389 3030 quia
1411 2948 1515 3012 habes
1539 2956 1670 3010 scutum

320 3052 474 3114 veritatis.
506 3073 509 3080 ’
622 3069 625 3076 ’

269 3179 301 3232 ²5
339 3175 346 3190 ·
364 3154 392 3216 Α
411 3154 535 3236 sagitta
550 3155 677 3218 volcente
694 3155 803 3218 indie.
827 3155 915 3218 Huic
931 3156 1042 3218 sensui
1060 3156 1154 3237 quasi
1171 3156 1302 3220 videtur
1325 3177 1397 3222 esse
1413 3156 1625 3231 contrarium,
1641 3153 1673 3218 A

319 3261 442 3342 sagitta
467 3259 602 3324 volante
626 3261 657 3322 in
686 3261 748 3323 die.
766 3258 898 3340 Sagitta
926 3258 1041 3322 volans
1069 3259 1193 3322 diaboli
1220 3260 1350 3323 videtur
1378 3260 1458 3323 mihi
1476 3279 1586 3323 sermo
1602 3277 1674 3321 esse

319 3363 559 3428 haereticorum
576 3373 610 3427 et
626 3363 909 3445 philosophorum.
927 3363 972 3426 Et
989 3363 1043 3426 isti
1060 3363 1147 3426 enim
1165 3363 1273 3427 lucem
1289 3365 1447 3429 scientiae
1463 3363 1675 3445 promittunt,

321 3477 354 3530 et
369 3467 484 3532 dicunt
500 3489 535 3530 se
552 3467 674 3531 habere
690 3467 778 3530 diem
795 3488 802 3544 ;
819 3477 851 3529 ct
869 3486 934 3529 non
954 3476 1094 3549 possunt
1110 3467 1272 3550 decipere,
1289 3469 1350 3532 nisi
1377 3468 1485 3532 lucem
1513 3465 1674 3550 promise-

321 3571 395 3634 rint.
410 3571 536 3634 Verum
555 3571 613 3634 lux
631 3571 703 3647 ista,
719 3590 820 3652 quam
838 3571 1048 3651 promittunt,
1063 3571 1106 3633 de
1121 3571 1315 3635 ardentibus
1327 3573 1460 3654 sagittis
1470 3579 1530 3636 est.
1543 3571 1589 3634 Et
1599 3589 1675 3651 pro·

273 3703 305 3754 30
321 3683 434 3755 pterea
450 3674 578 3752 dicitur,
589 3673 622 3736 A
635 3675 758 3755 sagitta
775 3673 908 3736 volante
926 3674 956 3736 in
974 3674 1078 3738 died
1096 3673 1218 3755 negotio
1226 3676 1472 3755 perambulante
1484 3675 1518 3738 in
1530 3673 1675 3738 tenebris.

324 3777 454 3858 Sagitta
480 3778 614 3859 quidem
644 3776 733 3840 volat
760 3777 853 3858 quasi
882 3777 913 3838 in
941 3777 1005 3854 die,
1021 3777 1078 3840 sed
1106 3778 1277 3859 negotium
1306 3789 1356 3843 cst
1381 3778 1616 3862 perambulans
1642 3777 1675 3838 in

358 3967 502 4030 tAspicr'es]
512 3966 633 4030 aspiciens
646 3963 721 4032 pttlt.
791 3962 919 4028 3scorpc'o]
930 3967 1027 4029 scorpio
1039 3966 1090 4016 SG.
1170 3980 1200 4017 10
1210 3969 1282 4029 dt'cit]
1292 3969 1354 4019 dicis
1367 3970 1469 4019 IIBSG.
1549 3963 1676 4029 13quasi]

322 4063 399 4111 quare
410 4049 434 4096 si
444 4047 476 4097 G.
580 4059 607 4108 17
620 4044 767 4104 circumdat]
784 4047 948 4095 circumdabit
968 4049 1018 4097 SG.
1123 4049 1152 4097 18
1163 4051 1269 4113 obponit]
1287 4053 1387 4115 opposcit
1406 4051 1464 4110 CS3
1483 4049 1598 4113 subponit
1609 4047 1677 4106 HB;

323 4130 438 4192 suppetiit
450 4127 474 4194 β.
543 4136 572 4177 ut
584 4128 807 4190 sruto]utscntnnr
820 4129 983 4188 CG‚Bcorr.
1055 4144 1084 4192 19
1096 4130 1228 4192 Diabolus]
1241 4132 1463 4199 bHBadd.enim.
1527 4128 1677 4193 ‘23terrorc]

325 4209 366 4258 SG
378 4227 386 4269 ς
396 4225 480 4260 amore
493 4207 508 4277 β
520 4220 546 4260 et
557 4211 641 4260 ceteri.
741 4208 814 4274 quoe]
826 4221 913 4260 mutat.
928 4211 953 4260 in
965 4229 1012 4276 quo
1024 4213 1045 4262 C
1058 4229 1113 4277 sup.
1127 4214 1171 4263 lin.
1272 4227 1299 4277 31
1316 4211 1536 4275 attumulatus,

366 4378 389 4434 8.
416 4373 648 4456 nos]Ps.5,13.
1026 4379 1098 4456 gitta
1124 4400 1176 4457 per
1200 4381 1280 4442 diem
1305 4380 1418 4450 volitat,
1435 4399 1486 4456 per
1511 4377 1677 4439 haereticos

368 4461 412 4517 16.
435 4455 553 4537 auritos]
571 4460 613 4516 Io.
635 4479 678 4530 14,
696 4463 722 4518 6.
1026 4465 1055 4520 in
1068 4461 1445 4538 sanctarumintellegentia
1456 4460 1678 4536 scripturamm3

363 4558 411 4608 ¹21.
434 4535 618 4619 innocentem]
635 4542 680 4599 Ps.
698 4544 745 4616 63,
763 4559 787 4617 5.
1026 4543 1177 4619 negotium
1205 4543 1234 4602 in
1260 4542 1390 4603 tenebris
1416 4553 1445 4602 et
1460 4552 1549 4600 nocte
1564 4559 1677 4617 peram·

367 4637 412 4694 ²7·
435 4621 639 4678 baereticorum
674 4629 702 4680 et
721 4619 972 4702 pln'losopborum]
1024 4622 1115 4696 balat,
1132 4643 1185 4700 per
1199 4624 1393 4701 philosophos
1409 4625 1415 4652 ³
1430 4635 1486 4683 etc.

329 4700 450 4761 Hieron.
472 4712 575 4760 contra
600 4703 696 4778 Pelag.
714 4705 731 4761 l.
759 4724 784 4776 2,
801 4721 829 4763 n.
848 4724 885 4760 20
902 4709 909 4734 ‘
924 4705 971 4762 Sa·
