4160 5500
539 419 567 480 iv
1103 415 1357 478 PRAEFATIO.

543 593 562 652 t
583 591 749 650 ceterum
777 573 813 646 in
841 572 1056 648 hominibus
1081 573 1279 648 descendit
1305 571 1469 670 quidem,
1491 571 1558 646 sed
1578 595 1651 644 non
1671 569 1885 668 permansit.

546 710 565 769 t
587 691 763 789 Denique
781 692 819 764 in
837 688 1029 765 volumine
1051 689 1317 765 lezechielis...
1350 715 1425 764 non
1445 706 1639 764 transeunt
1658 685 1791 786 viginti
1809 711 1888 760 ver-

547 828 566 888 t
583 835 645 882 sus
664 822 728 882 aut
746 808 908 907 triginta,
930 829 968 882 et
993 808 1120 881 statim
1146 808 1291 896 dicitur,
1319 808 1515 904 Etsactus
1532 815 1584 882 est
1601 831 1718 880 sermo
1736 805 1893 880 Domini

544 928 632 1006 (aad
645 926 823 1002 Iesecleiel
827 927 1059 1024 prophetam.
1085 926 1198 1004 Dicat
1223 925 1380 1025 aliquis:
1414 926 1500 1002 Hoc
1525 951 1643 1023 quare
1670 943 1744 999 tam
1763 924 1891 997 crebro

548 1066 567 1124 t
586 1046 735 1143 ponitur
753 1045 790 1120 in
811 1044 1027 1141 propheta?
1057 1043 1248 1138 Quoniam
1277 1044 1441 1140 Spiritus
1460 1045 1623 1118 Sanctus
1641 1041 1892 1115 descendebat

548 1185 566 1242 t
584 1164 737 1261 quidem
756 1163 791 1234 in
814 1162 1049 1258 prophetam,
1070 1163 1137 1235 sed
1160 1187 1304 1236 rursum
1325 1162 1535 1237 recedebat.
1558 1161 1724 1256 Quando
1750 1161 1891 1234 dicitur.

549 1302 567 1360 t
588 1283 625 1354 E
626 1292 642 1354 t
643 1283 775 1382 sactus
793 1291 845 1353 est
857 1305 985 1366 serene,
1002 1279 1216 1355 ostenditur
1230 1278 1317 1378 quia
1331 1279 1495 1375 Spiritus
1510 1279 1681 1366 Sanctus,
1695 1277 1759 1377 qui
1775 1302 1891 1352 reces-

550 1421 696 1487 (serat,
718 1423 864 1474 rursum
884 1398 1074 1473 veniebat.
1096 1396 1261 1494 Quando
1280 1398 1381 1471 enim
1401 1398 1593 1473 irascimur
1611 1417 1629 1476 t
1650 1415 1721 1472 etc.

595 1543 625 1610 γ.
651 1519 755 1594 ldem
786 1513 1057 1604 Cassiodorius,
1081 1515 1253 1613 Exposit.
1287 1517 1324 1590 in
1358 1516 1417 1590 Ps.
1448 1513 1682 1615 xL1(Migne
1712 1516 1752 1590 P.
1777 1515 1819 1587 L.
1841 1533 1895 1605 70,

547 1659 622 1730 300
640 1633 740 1733 snl=

749 1765 855 1846 Sed‘in
871 1787 916 1848 his
932 1773 1105 1847 nominibus
1121 1783 1196 1843 illud
1211 1782 1384 1845 meminisse
1398 1783 1555 1857 debemus,
1571 1785 1655 1863 quod
1669 1785 1777 1848 beatus
1794 1784 1897 1846 Hiero

708 1902 816 1966 nymus
838 1884 897 1946 alt:
918 1885 1050 1948 (Omne
1076 1882 1250 1961 psalterium
1276 1881 1373 1960 sagaci
1397 1893 1500 1944 mente
1525 1884 1715 1962 perlustrans,
1733 1903 1895 1962 numquam

711 1997 727 2046 t
744 1983 865 2044 invenio
885 1984 969 2061 quod
990 1981 1042 2041 srlii
1061 1981 1139 2043 Core
1160 1979 1273 2058 aliquid
1297 1980 1381 2041 triste
1403 1981 1607 2043 cantaverint:
1629 2001 1749 2061 semper
1763 1985 1847 2044 enim
1862 1983 1889 2041 in

710 2081 865 2160 (psalmis
887 2099 991 2142 eorum
1014 2082 1090 2140 laets
1112 2091 1182 2140 suut
1207 2091 1236 2140 et
1260 2077 1393 2140 iucunda
1405 2101 1413 2154 ς
1435 2081 1700 2158 saecularibusque
1713 2081 1897 2157 contemptis

710 2180 882 2245 (caelestis
895 2190 925 2241 et
944 2190 1067 2240 aeterua
1089 2177 1269 2251 desiderant,
1284 2189 1484 2256 congruentes
1506 2177 1744 2256 interpretationi
1766 2179 1897 2240 nominis

713 2277 798 2343 (sui.
815 2292 832 2343 l

603 2412 654 2486 lit
682 2410 733 2486 ibi
764 2410 915 2508 quidem
946 2409 1175 2488 Cassiodorii
1203 2412 1325 2486 editor
1356 2410 1532 2486 Garetius
1564 2428 1693 2488 noster
1718 2409 1895 2488 lectorem

548 2531 702 2610 remittit
737 2531 785 2608 ad
824 2531 1111 2628 Expositionem
1146 2529 1242 2605 tituli
1275 2529 1363 2626 psal.
1396 2553 1551 2616 cxxxiv,
1590 2555 1687 2627 quae
1726 2529 1818 2604 olim
1866 2531 1899 2603 in

552 2649 753 2738 Breviario,
775 2674 871 2726 nunc
903 2649 939 2720 in
970 2648 1211 2725 Tractatibus
1241 2649 1377 2748 legitur
1405 2674 1439 2745 p.
1461 2671 1520 2742 9²·
1550 2647 1691 2724 Verum
1710 2649 1804 2724 scite
1825 2649 1898 2726 ani-

550 2768 750 2842 madvertit
777 2768 834 2842 vir
866 2765 908 2840 cl.
943 2767 1077 2842 Ericus
1113 2766 1381 2843 Klostermann
1403 2764 1462 2866 (¹),
1494 2792 1616 2865 neque
1643 2768 1680 2842 in
1705 2766 1834 2845 Tract.
1856 2767 1900 2840 de

549 2886 677 2983 psalm.
700 2909 861 2962 cxxxur.
884 2908 1040 2972 cxxxiv,
1062 2908 1185 2984 neque
1204 2885 1246 2966 in,
1270 2885 1391 2982 Epist.
1413 2908 1499 2974 cxv,
1521 2911 1555 2962 n.
1585 2909 1619 2982 4,
1641 2885 1722 2986 ipsa
1748 2885 1901 2964 omnino

549 3006 664 3082 verba
708 3004 793 3103 legi,
838 3029 936 3102 quae
980 3003 1093 3078 modo
1143 3003 1269 3077 adlata
1311 3022 1424 3091 sunt;
1475 3023 1705 3102 quapropter
1748 3003 1901 3101 propius

549 3123 661 3198 fidem
680 3122 714 3195 ei
743 3123 864 3196 visum
892 3139 960 3208 est,
983 3121 1266 3196 Cassiodorium
1294 3122 1341 3195 ad
1367 3122 1570 3221 quamdam
1604 3122 1834 3220 Hieronymi
1853 3122 1898 3194 de

550 3241 640 3340 psal.
662 3263 726 3314 xnr
754 3235 945 3314 homiliam
973 3241 1196 3337 respexisse,
1218 3242 1437 3334 praesertim
1465 3241 1651 3339 cumipse
1680 3241 1718 3314 S.
1740 3241 1852 3315 Pater
1866 3240 1898 3312 in

551 3359 740 3456 praedicta
767 3359 875 3456 epist.
905 3381 980 3432 cxv
1005 3359 1169 3433 scribat:
1204 3358 1318 3454 (Qui
1346 3359 1422 3434 sint
1449 3375 1574 3434 autem
1602 3359 1666 3434 filii
1697 3357 1846 3434 Core...
1868 3357 1900 3430 in

551 3477 840 3586 quadragesimo
869 3477 989 3576 primo
1021 3477 1165 3574 psalmo
1195 3475 1470 3574 competentius
1494 3478 1759 3576 disputatur.»
1791 3477 1901 3574 Quod

552 3613 677 3672 autem
702 3595 876 3678 demiror.
898 3593 1000 3672 haud
1026 3596 1120 3670 vidit
1138 3593 1198 3668 vir
1225 3594 1476 3681 doctissimus,
1496 3595 1631 3670 vitiosa
1657 3597 1772 3672 credo
1793 3599 1899 3669 inter·

552 3714 755 3811 punctione
772 3713 953 3808 deceptus
972 3710 1032 3811 (²),
1047 3713 1095 3786 ab
1114 3712 1246 3786 iisdem
1266 3711 1377 3808 plane
1397 3713 1520 3787 verbis
1536 3711 1701 3809 incipere
1720 3713 1757 3788 in
1778 3731 1901 3788 nostra

551 3834 717 3908 editione
735 3830 955 3906 Tractatum
976 3831 1011 3902 in
1035 3831 1093 3906 Ps.
1115 3854 1179 3904 x1.1
1211 3829 1258 3903 ad
1282 3830 1520 3928 Neophytos,
1550 3855 1583 3927 p.
1605 3853 1680 3922 410
1698 3855 1752 3927 sq.

603 3960 628 4027 δ.
659 3949 779 4023 Trino
798 3949 910 4046 igitur
929 3949 1146 4022 testimonio
1174 3950 1221 4022 de
1249 3947 1419 4035 homiliis,
1440 3974 1537 4046 quae
1562 3949 1728 4023 secunda
1747 3947 1900 4024 volumi·

554 4071 611 4145 nis
631 4087 736 4168 parte
754 4068 1004 4151 continentur,
1025 4067 1164 4152 audito,
1185 4067 1256 4139 ianr
1277 4066 1324 4142 de
1351 4066 1503 4163 reliquis
1527 4067 1722 4164 bucusque
1740 4067 1900 4147 ineditis,

554 4213 651 4286 quae
669 4187 778 4262 tertia
797 4203 903 4283 parte
921 4185 1155 4270 exhibentur,
1177 4187 1224 4260 ad
1252 4183 1364 4259 alium
1391 4209 1612 4281 sponsorem
1631 4201 1900 4265 convertamur,

554 4330 716 4401 eumque
735 4305 836 4381 omni
855 4305 1082 4400 exceptione
1094 4303 1284 4388 maiorem,
1297 4303 1416 4400 ipsum
1434 4303 1903 4400 videlicetHieronyrnum,

590 4529 609 4565 t.
633 4515 799 4578 Gdttingr'sclre
807 4513 917 4578 gelehrte
929 4514 1066 4578 Aneeigen,
1083 4513 1154 4576 1898,
1169 4530 1192 4563 n.
1204 4514 1228 4574 8,
1242 4530 1266 4580 p.
1282 4523 1338 4576 597.

568 4603 612 4641 ια.
625 4589 744 4640 Garetius
761 4589 797 4637 lta
809 4589 885 4638 verba
901 4586 1033 4637 distinxit:
1056 4587 1226 4637 (meminisse
1243 4587 1365 4637 debemus
1383 4587 1452 4653 quod
1472 4587 1561 4638 beatus
1583 4587 1753 4652 Hieronymus
1771 4585 1816 4647 sit,
1833 4598 1904 4634 omne

555 4663 701 4734 psalterium
714 4663 797 4732 sagaci
810 4671 893 4714 mente
904 4663 1068 4730 perlustrans.
1084 4662 1220 4728 Nunquam
1237 4661 1340 4723 invenio
1352 4662 1485 4730 quodstlr‘t'
1498 4663 1559 4714 Cere
1572 4673 1587 4714 t
1598 4669 1648 4714 etc.
