4160 5500
538 457 556 496 x
1076 435 1328 496 PRAEFATIO.

556 678 604 726 De
622 675 793 725 codicibus
811 687 829 723 a
851 687 903 724 me
923 674 1084 724 adhibitis
1102 686 1160 736 pro
1182 675 1306 723 Lviiii
1329 674 1496 736 prioribus
1514 675 1712 724 tractatibus
1729 674 1870 725 edendis.

590 843 656 916 Vl.
680 841 855 940 Agedum
876 842 923 915 de
942 840 1145 926 codicibuS,
1166 841 1229 938 qui
1253 841 1478 938 Hieronymi
1498 841 1717 916 tractatibus
1735 842 1887 916 edendis

540 959 800 1043 inservierunt,
822 959 988 1034 breviter
1005 960 1182 1034 dicamus.
1201 959 1301 1034 Nam
1314 985 1398 1033 cum
1418 958 1489 1034 hoc
1507 985 1602 1057 opus
1620 961 1802 1059 propositi
1819 962 1886 1034 mei

540 1078 693 1152 minime
712 1076 872 1173 primum
898 1078 1016 1162 luerit,
1039 1080 1106 1152 sed
1127 1079 1294 1154 Caesarii
1320 1077 1674 1177 Arelatensis-quae
1692 1096 1890 1176 supersunt

541 1195 783 1294 investiganti
799 1197 905 1292 quasi
920 1195 1151 1295 perinsidias
1163 1221 1205 1270 se
1220 1197 1419 1284 intruserit,
1435 1197 1472 1271 id
1484 1197 1617 1271 saltem
1637 1197 1726 1271 mihi
1740 1197 1886 1284 iniunxi,

541 1333 580 1389 ut
612 1339 848 1411 nequaquam
881 1315 1085 1390 editionem
1112 1315 1287 1390 omnibus
1316 1317 1479 1392 numeris
1503 1315 1713 1390 absolutam
1733 1315 1889 1399 molirer,

540 1434 607 1507 sed
622 1433 714 1506 satis
728 1430 917 1517 haberem,
933 1430 1104 1530 neglecta
1118 1431 1178 1506 iiia
1194 1432 1483 1531 Hieronymiani
1496 1433 1636 1532 ingenii
1652 1451 1889 1509 monumenta

541 1551 700 1625 honeste
724 1576 767 1624 ac
791 1550 969 1624 decenter
987 1549 1125 1624 saeculi
1153 1550 1226 1623 mei
1256 1550 1471 1625 hominibus
1498 1551 1614 1627 semel
1638 1551 1886 1649 proposuisse.

546 1671 677 1766 ltaque
697 1692 771 1742 non
791 1693 933 1755 omnes,
949 1695 1044 1767 quos
1058 1669 1227 1745 invenire
1245 1673 1413 1770 contigit,
1433 1671 1548 1747 libros
1566 1673 1725 1757 excussi,
1745 1673 1890 1747 sedens

542 1790 704 1874 demum,
732 1788 867 1886 quibus
896 1788 998 1886 quod
1028 1787 1201 1864 volebam
1230 1790 1469 1889 adsequerer.
1493 1789 1583 1864 Noli
1615 1791 1728 1890 igitur
1759 1789 1889 1878 mirari,

543 1907 659 1982 multa
677 1932 798 2005 eaque
816 1906 960 2004 optima
978 1905 1209 2005 exemplaria
1236 1907 1503 2005 praetermissa
1529 1934 1622 1995 esse,
1649 1909 1763 1983 immo
1780 1907 1890 1984 absti-

543 2026 668 2101 nuisse
686 2052 746 2101 me
763 2027 966 2129 quominus
987 2052 1098 2101 manu
1112 2029 1270 2124 scriptos
1283 2029 1429 2104 codices
1449 2029 1485 2101 in
1501 2028 1646 2126 species
1662 2027 1892 2126 familiasque

542 2145 835 2244 distinguerem;
866 2146 1005 2243 quippe
1032 2147 1095 2244 qui
1124 2147 1290 2220 nondum
1315 2147 1515 2220 advenisse
1545 2165 1693 2244 tempus
1719 2147 1891 2222 idoneum

541 2289 744 2350 censerem,
777 2289 898 2362 neque
928 2263 965 2337 in
997 2261 1254 2340 huiuscemodi
1283 2259 1423 2358 παρέργῳ
1451 2264 1585 2340 vellem
1615 2281 1777 2340 aetatem
1807 2288 1891 2339 con·

544 2406 700 2455 sumere.

591 2501 644 2574 A.
667 2498 799 2573 Codex
820 2497 978 2600 Collegii
1001 2499 1286 2576 Pembrochiani
1316 2499 1640 2598 Cantabrigiensis
1663 2500 1714 2573 H.
1738 2525 1768 2586 2,
1795 2525 1891 2575 saec.

542 2621 636 2721 iris.
661 2621 754 2694 Erat
783 2621 867 2693 Bur.
899 2619 937 2696 S.
961 2619 1153 2694 Edmundi
1172 2619 1204 2715 J.
1228 2644 1247 2713 3
1267 2648 1274 2706 ;
1300 2620 1348 2693 de
1371 2645 1448 2718 quo
1467 2620 1523 2692 vir
1542 2618 1771 2694 incredibilis
1789 2619 1893 2693 indu·

541 2743 654 2818 striae
676 2741 732 2814 M.
754 2740 798 2812 R.
821 2738 948 2835 James
969 2738 1005 2812 in
1024 2737 1294 2814 commentario
1316 2737 1375 2810 On
1393 2737 1453 2810 tlte
1466 2738 1594 2835 Abbey
1606 2739 1655 2832 of
1660 2738 1698 2813 S.
1717 2737 1900 2812 Edmund

541 2872 582 2936 nt
600 2861 718 2958 Bury,
740 2885 774 2954 p.
797 2863 854 2950 63,
877 2856 1043 2953 itemque
1064 2855 1116 2929 H.
1141 2853 1307 2930 Schenkl
1337 2855 1373 2928 in
1404 2854 1635 2928 Bibliotheca
1666 2855 1777 2930 Patr.
1807 2855 1893 2929 Lat.

543 2978 781 3062 Britannica,
816 2995 840 3050 t.
875 3000 905 3060 2,
937 2993 1029 3070 part.
1060 2999 1091 3062 2,
1113 3000 1145 3049 n.
1170 2996 1278 3068 2509.
1312 2973 1355 3046 ln
1381 2999 1427 3047 eo
1459 2973 1619 3069 primum
1643 2975 1830 3071 integram
1857 2999 1897 3046 ac

542 3097 743 3194 genuinam
771 3090 1005 3170 homiliarum
1035 3092 1171 3168 seriem
1198 3089 1333 3176 inveni,
1364 3091 1468 3164 cuius
1495 3109 1674 3189 excerpta
1702 3092 1897 3165 dumtaxat

543 3231 655 3287 antea
689 3209 862 3285 Lutetiae
895 3209 1120 3284 Parisiorum
1152 3233 1401 3306 reppererant.
1418 3307 1419 3310 Ἴ
1436 3207 1551 3314 Hunc
1571 3207 1661 3282 mihi
1680 3233 1780 3282 anno
1806 3211 1896 3282 1888

544 3328 627 3401 S.S.
650 3328 780 3414 lrewis,
797 3325 956 3426 Collegii
971 3325 1150 3423 Corporis
1170 3325 1310 3399 Christi
1325 3325 1362 3398 in
1382 3326 1514 3399 eadem
1534 3324 1794 3401 Universitate
1813 3327 1896 3400 oiim

542 3445 667 3521 socius
681 3472 724 3519 ac
740 3443 1053 3532 bibliothecarius,
1075 3471 1171 3543 quae
1192 3445 1272 3519 eius
1291 3443 1558 3519 humanissima
1577 3443 1645 3520 fuit
1673 3445 1895 3545 benignitas,

543 3565 656 3663 etqui
670 3565 809 3640 nemini
825 3561 1051 3638 desiderium
1064 3563 1119 3636 sui
1134 3562 1240 3637 facile
1261 3587 1335 3638 non
1351 3561 1509 3661 reliquit,
1530 3586 1620 3660 prae
1632 3589 1744 3638 manu
1760 3563 1897 3639 haben·

543 3684 632 3757 dum
652 3681 825 3757 obtinuit.
851 3678 1007 3756 Librum
1027 3683 1194 3755 secundo
1209 3678 1349 3755 contuli
1373 3681 1639 3780 Cantabrigiae
1658 3705 1788 3756 mense
1809 3680 1895 3756 febr.

550 3805 651 3894 1895.
676 3799 751 3895 Qui
770 3800 923 3899 quidem
943 3797 1087 3873 duabus
1117 3798 1300 3874 columnis
1329 3797 1540 3896 descriptus
1571 3815 1641 3884 est,
1675 3822 1799 3895 neque
1827 3795 1898 3872 ullo

544 3918 661 4016 prima
683 3944 794 3991 manu
815 3915 923 3993 titulo
943 3915 1143 4015 insignitus
1160 3946 1167 4006 ;
1186 3918 1254 3992 sed
1275 3918 1311 3990 in
1341 3917 1416 3992 fine
1433 3915 1592 4016 legitur:
1612 3939 1718 3990 rrum
1736 3937 1896 3988 TRACTA·

543 4061 613 4110 Tus
651 4059 882 4111 rsittionuii
919 4037 976 4112 s'c't
1013 4057 1223 4109 uterorum
1255 4047 1337 4110 iiim
1375 4058 1493 4108 mrim
1536 4053 1704 4108 semrris
1743 4053 1898 4105 rsamus

545 4177 707 4228 NUiiEitO
743 4177 879 4228 uxvnu
917 4151 1009 4252 (sic).
1048 4155 1202 4226 Hcrvere
1236 4165 1270 4226 te
1304 4157 1345 4226 in
1377 4153 1540 4227 Domino
1570 4158 1711 4245 semper
1734 4157 1899 4245 optamus

539 4279 651 4369 paler
667 4271 909 4350 dilectissime.
932 4274 1151 4372 Sequuntur
1170 4298 1324 4348 versus:

913 4495 1033 4555 itientes
1048 4493 1109 4552 huc
1124 4503 1236 4553 vestras
1251 4491 1378 4552 lectores
1393 4489 1500 4554 vertite
1514 4487 1625 4563 cuncti,

955 4591 1194 4670 Psalteriumque
1210 4591 1258 4670 pia
1273 4609 1348 4652 voce
1363 4599 1469 4652 sonate
1484 4607 1611 4652 sacrum.

912 4691 1022 4768 sponsi
1037 4689 1162 4751 delicias
1178 4691 1238 4754 veri
1253 4690 1277 4752 si
1292 4692 1386 4752 corde
1399 4689 1515 4764 fovetis,
