4112 5496
224 418 360 506 amu
566 417 936 488 consummamur
967 420 1013 483 m
1043 419 1240 486 asnnuos
1526 398 1582 510 65

227 643 413 725 Veritas
431 642 483 725 de
503 647 624 724 terro
644 647 743 724 orto
762 647 836 724 est.
862 641 976 750 Quia
999 641 1185 752 Xpistus
1205 641 1364 724 veritas
1394 643 1448 726 de
1472 656 1583 727 terra

220 793 348 864 ortus
367 793 444 864 est.
469 781 539 862 Et
558 781 734 872 iustitia
754 779 931 864 decoelo
941 781 1183 890 prospexit.
1214 781 1274 863 Ut
1293 783 1438 892 generi
1456 784 1583 867 mise-

216 932 386 1002 reretur
415 917 618 1017 humanu,
650 931 692 1000 et
723 919 875 1001 laceret
911 917 1160 1002 bonitatem.
1198 920 1427 1028 Propterea
1462 927 1583 1005 terro

215 1065 375 1142 nostra
395 1057 522 1141 dobr'l
528 1055 739 1164 fructum
758 1084 886 1139 suum
901 1087 916 1140 .·
950 1057 1083 1168 digna
1104 1085 1180 1167 pro
1202 1059 1334 1141 tantis
1366 1058 1584 1144 beneficiis

176 1233 192 1285 s
215 1224 354 1309 opera
374 1197 608 1307 perficiens

793 1363 1022 1446 LXXXV.

284 1625 470 1708 Custodi
487 1625 683 1706 animum
706 1648 857 1721 meum,
880 1623 986 1732 quia
1010 1628 1190 1705 sanctus
1217 1649 1325 1705 suin.
1352 1621 1467 1730 Quia
1497 1651 1580 1708 non

218 1789 306 1846 suo
343 1763 503 1872 patitur
524 1761 599 1844 sed
632 1775 780 1845 nostro
812 1773 993 1872 peccat0,
1020 1761 1160 1844 Patris
1191 1761 1328 1870 poscit
1357 1761 1581 1861 auxilium,

221 1899 340 1984 haud
362 1900 544 1983 dubium
567 1900 672 2010 quin
697 1899 893 2009 Xpistus
915 1899 1043 2006 Quod
1066 1901 1102 1982 si
1123 1899 1178 1982 ad
1198 1900 1340 1980 David
1364 1900 1580 2010 psalmum

159 2081 196 2116 lo
221 2039 379 2122 referre
398 2038 600 2137 volueris,
624 2037 691 2119 hic
714 2064 868 2120 sensus
888 2050 954 2120 est
973 2065 980 2119 :
1002 2036 1186 2121 Custodi
1208 2037 1399 2120 animam
1429 2063 1581 2142 meam,

220 2180 328 2290 quia
349 2178 391 2260 in
415 2178 494 2260 hac
522 2203 663 2275 causa,
696 2202 782 2284 qua
814 2175 953 2286 patior
973 2175 1233 2286 angustiam,
1258 2175 1363 2258 nihil
1398 2173 1582 2286 dignum

221 2317 521 2428 persecutione
540 2314 755 2416 commisi;
773 2327 820 2396 ut
838 2314 881 2399 in
899 2313 1083 2426 septimo
1100 2339 1273 2424 quoque
1296 2315 1463 2423 psalmo
1480 2315 1584 2427 legi·

221 2469 322 2537 tur:
356 2465 364 2494 ⁸
390 2453 591 2553 Domine,
615 2453 650 2535 si
674 2452 751 2535 feci
775 2452 904 2548 istud,
931 2451 965 2533 si
987 2463 1053 2534 est
1084 2452 1291 2562 iniquitas
1313 2451 1356 2534 in
1380 2451 1582 2537 manibus

221 2592 334 2676 meis
357 2593 377 2672 ’.
404 2591 506 2672 Non
527 2616 615 2700 quo
636 2616 873 2700 numquam
898 2589 1094 2700 iniquum
1122 2589 1284 2698 aliquid
1308 2589 1476 2673 lecerit:
1508 2591 1581 2674 sed

161 2766 195 2818 ις
217 2760 311 2844 quo
334 2731 465 2832 istud,
490 2756 567 2839 pro
587 2756 675 2841 quo
695 2728 949 2826 adflictatur,
972 2755 1018 2810 se
1041 2727 1206 2812 noverit
1229 2755 1314 2810 non
1338 2727 1497 2812 secisse.

777 3019 1035 3101 LXXXVI.

279 3274 451 3383 Diligit
468 3272 688 3357 Dominus
696 3277 858 3382 portas
876 3270 980 3354 Sion
1001 3269 1286 3380 superomnia
1299 3270 1582 3356 tabernaculo

219 3415 361 3497 Iacob.
401 3414 544 3522 Super
577 3410 724 3494 omnia
759 3409 943 3493 tentoria
980 3407 1251 3506 ludaeorum,
1280 3420 1322 3492 et
1357 3410 1581 3495 instabiles

220 3553 511 3661 fortuitasque
542 3549 678 3649 sedeo,
720 3547 864 3658 diligit
897 3545 1115 3628 Dominus
1150 3544 1333 3629 virtutes
1367 3547 1577 3645 ecclesiae,

164 3733 201 3772 ω
220 3715 300 3801 per
318 3715 427 3800 quas
449 3689 662 3771 intramus
681 3685 736 3767 ad
758 3684 934 3768 caelum.
962 3681 1157 3766 Glorioso
1192 3681 1312 3766 dz'cto
1331 3690 1436 3767 sunt
1454 3686 1506 3768 de
1526 3692 1579 3786 te,

219 3827 382 3913 czoitos
401 3827 497 3909 Dei.
523 3824 681 3908 Omnis
703 3824 1006 3934 prophetarum
1039 3821 1197 3906 chorus
1218 3821 1270 3902 de
1302 3818 1379 3900 hac
1413 3818 1581 3902 adnun-

221 3966 305 4050 tiat
325 3965 508 4048 civitate.
531 3959 805 4046 Recordabar
821 3961 949 4042 Roob
968 3966 1012 4041 et
1031 3957 1277 4064 Babylonis.
1313 3956 1428 4064 Quia
1461 3957 1583 4041 Raab

220 4117 266 4189 et
289 4104 330 4186 in
356 4104 455 4186 Iesu
481 4102 603 4184 Nave
619 4098 693 4182 illa
714 4100 924 4199 meretrix,
947 4125 1057 4209 quae
1078 4097 1364 4207 speculatores
1387 4123 1582 4208 suscepe-

221 4257 303 4345 rat,
324 4241 539 4354 appellata
558 4251 635 4338 est,
654 4254 695 4321 et
718 4256 725 4278 ·
750 4239 937 4347 impetus
959 4238 979 4334 ',
997 4263 1127 4345 quem
1144 4234 1306 4344 Aquila
1322 4247 1449 4338 ὅρμημα
1464 4233 1579 4335 dicit,

255 4453 548 4516 2Elr'uslt'lr'a1CAM3
582 4451 746 4500 etoerr'tarE.
835 4447 1232 4513 r4nonquo...sedquo]EAM;
1266 4447 1581 4511 nonquod...sedquluC.

219 4543 347 4606 {aalma
358 4536 474 4603 aliquid]
484 4533 588 4600 aliquid
596 4533 731 4598 indr'gnum
743 4531 773 4582 C.
874 4543 907 4590 24
918 4525 1040 4598 ὅρμημα]
1053 4529 1116 4586 EC:
1151 4543 1265 4578 ornum
1275 4529 1333 4578 AM.

267 4727 313 4767 η.
338 4707 372 4766 r'n
385 4703 503 4781 septimo
515 4719 541 4777 q.
552 4695 680 4778 psalmo]
696 4717 722 4758 v.
739 4719 766 4772 4.

277 4836 394 4882 amm·
403 4831 563 4876 unumne
573 4851 599 4860 -
607 4829 634 4871 τ.
646 4827 689 4870 111.
