4060 5498
558 421 814 482 suscensus
846 423 902 480 nn
932 423 1102 484 esmnro
1133 425 1199 482 xv.
1529 439 1581 518 23

224 617 326 697 diam,
348 619 395 683 sic
423 640 518 684 renes
545 623 587 685 ad
615 623 834 688 calliditatem
862 631 896 688 et
922 623 963 686 ad
996 625 1156 689 astutiam
1185 625 1252 690 sint
1279 627 1391 691 creati.
1407 625 1582 720 Πανουργία

224 729 386 792 autemid
404 739 456 794 est
473 731 648 810 calliditas,
665 741 701 796 ut
716 733 769 796 vel
787 733 818 794 in
837 731 961 796 bonam
975 732 1028 795 vel
1046 734 1077 796 in
1093 734 1217 797 malam
1231 743 1361 816 partem
1379 735 1581 818 accipiatur:

223 831 256 895 in
274 832 408 911 bonam,
425 835 523 898 iuxta
541 836 742 900 Proverbia‘
762 837 810 901 Ut
838 839 906 914 det,
934 837 989 914 ait,
1016 837 1253 903 innocentibus
1278 842 1450 917 astutiam,
1476 862 1580 922 puero

223 947 335 1001 autem
359 938 479 1002 iuniori
503 959 638 1004 sensum
664 951 696 1003 et
724 940 972 1018 intellectum';
997 941 1030 1002 in
1056 941 1189 1018 malam,
1213 953 1249 1006 ut
1273 946 1362 1025 apud
1387 945 1578 1026 apostolum

189 1051 204 1104 5
223 1048 229 1072 ¹
246 1041 367 1104 Timeo
390 1051 513 1119 autem,
530 1064 571 1105 ne
588 1052 625 1107 ut
640 1065 777 1126 serpens
793 1044 932 1108 seduxit
949 1043 1056 1107 Evam
1075 1045 1108 1107 in
1126 1047 1250 1109 astutia
1277 1067 1347 1124 sua,
1363 1069 1579 1132 corrumpan-

222 1154 275 1208 tur
291 1165 407 1208 sensus
424 1148 523 1210 vestri
541 1168 560 1210 a
588 1149 804 1230 simplicitate
829 1169 916 1231 quae
943 1157 994 1211 est
1022 1147 1055 1210 in
1084 1147 1217 1214 Christo
1231 1151 1247 1214 ¹.
1269 1149 1370 1233 Quod
1387 1171 1468 1234 ergo
1487 1151 1579 1226 dicit,

221 1250 285 1314 hoc
302 1260 371 1315 est:
388 1251 532 1316 eruditio
549 1273 624 1316 mea
639 1263 672 1316 et
700 1253 866 1336 profunda
881 1253 1046 1335 cogitatio
1070 1263 1104 1316 et
1128 1254 1277 1317 internus
1303 1255 1413 1319 cordis
1438 1254 1578 1321 affectus

222 1373 289 1419 non
307 1356 415 1420 solum
433 1354 466 1419 in
483 1356 685 1420 caelestibus
713 1377 843 1421 mecum
873 1355 944 1432 luit,
971 1355 1030 1420 sed
1060 1357 1161 1421 etiam
1190 1378 1266 1420 cum
1293 1359 1326 1422 in
1353 1371 1453 1422 nocte
1480 1359 1578 1424 huius

221 1462 345 1525 saeculi
361 1471 395 1524 et
412 1463 445 1525 in
463 1463 609 1526 tenebris
625 1482 859 1539 commorarer,
876 1481 1006 1526 mecum
1024 1462 1057 1525 in
1075 1463 1211 1525 homine
1224 1472 1356 1526 versata
1371 1475 1432 1540 est,
1454 1473 1488 1527 et
1505 1483 1576 1527 eru·

174 1566 304 1630 redivit
322 1587 384 1644 me,
400 1575 433 1630 et
450 1587 622 1649 nunquam
638 1588 659 1629 a
676 1587 728 1630 me
752 1565 870 1642 abluit,
895 1575 931 1629 ut
959 1566 1118 1649 quicquid
1135 1567 1243 1629 carnis
1269 1565 1482 1631 imbecillitas
1508 1585 1575 1631 non

221 1670 364 1748 valebat,
378 1671 540 1753 cogitatio
556 1682 589 1735 et
607 1672 710 1734 virtus
726 1672 841 1734 divina
856 1669 1037 1751 perliceret.
1054 1669 1118 1732 Vel
1132 1680 1221 1734 certe
1238 1670 1284 1733 sic
1298 1671 1509 1736 :erudierunt
1523 1693 1577 1735 me

221 1794 315 1839 renes
347 1775 423 1849 mei,
445 1777 637 1838 interiorem
668 1775 855 1839 divinitatis
883 1775 1084 1857 sapientiam
1117 1774 1356 1857 possidentem,
1383 1795 1442 1857 per
1472 1795 1574 1858 quarn

219 1879 360 1942 edoctus
375 1899 448 1942 sum
466 1879 664 1944 imminente
681 1879 835 1961 passione
852 1889 977 1942 terrore
993 1879 1100 1942 crucis
1116 1879 1284 1942 humanae
1307 1878 1482 1960 fragilitati
1507 1899 1573 1944 non

220 1985 345 2047 cedere.
363 1983 466 2046 Porro
482 1985 555 2066 quis
571 1984 655 2047 alius
671 1983 765 2067 (quia
782 1983 849 2046 vita
866 1983 1050 2047 Salvatoris
1067 1983 1264 2064 exemplum
1281 1981 1347 2064 est)
1362 1985 1481 2047 asserit
1497 2003 1573 2047 eum

170 2103 201 2158 15
220 2107 286 2150 non
302 2087 411 2151 solum
428 2087 625 2169 vigilantem
642 2088 700 2151 sed
718 2087 818 2151 etiam
836 2087 1060 2150 dormientem
1077 2088 1170 2151 omni
1191 2085 1338 2150 caruisse
1365 2095 1515 2168 peccato,
1541 2095 1575 2149 et
1631 2087 1640 2100 '

219 2190 262 2255 ab
278 2193 432 2256 universo
458 2193 566 2254 carnis
584 2190 787 2256 fantasmate
804 2191 966 2254 mansisse
984 2211 1102 2274 purum
1123 2201 1185 2255 :ut
1208 2189 1317 2253 sancti
1343 2208 1485 2271 quoque,
1515 2192 1573 2272 qui

218 2295 343 2360 similes
359 2296 487 2359 domini
518 2305 552 2358 et
575 2295 725 2377 magistri
749 2315 823 2358 esse
845 2295 1048 2372 desiderant,
1070 2296 1162 2359 omni
1186 2294 1338 2358 custodia
1362 2305 1495 2358 servent
1517 2315 1575 2358 cor

218 2420 324 2478 suum,
349 2411 382 2464 et
410 2421 478 2464 non
506 2409 638 2464 tantum
665 2398 853 2481 vigilantes,
877 2399 936 2462 sed
964 2419 1006 2462 ne
1032 2421 1090 2482 per
1114 2418 1271 2463 somnum
1298 2400 1446 2480 quidem,
1466 2399 1573 2475 idest,

218 2524 285 2568 non
302 2504 410 2567 solum
428 2504 461 2568 in
478 2505 532 2568 die
548 2505 606 2566 sed
623 2522 684 2566 nec
701 2504 734 2565 in
762 2513 861 2566 nocte
888 2513 1094 2584 superentur.
1126 2503 1203 2566 Hoc
1228 2522 1363 2585 quoque
1384 2503 1570 2567 adtenden-

166 2628 200 2664 22
217 2609 309 2685 dum,
324 2609 414 2691 quod
431 2607 564 2683 dixerit,
583 2609 724 2689 Insuper
750 2615 783 2670 et
800 2627 905 2689 usque
922 2606 964 2669 ad
982 2617 1115 2670 noctem
1133 2607 1390 2690 increpaverunt
1407 2627 1462 2672 me
1477 2627 1571 2672 renes

217 2713 281 2776 mei
297 2735 304 2777 :
321 2723 357 2777 ut
373 2714 566 2777 ostenderet
583 2719 661 2774 ante
677 2730 778 2792 quarn
792 2730 862 2773 nox
874 2709 976 2786 fieret,
992 2710 1043 2773 vel
1061 2712 1133 2792 ipse
1150 2710 1306 2775 Salvator
1321 2731 1394 2774 esse
1411 2712 1572 2793 inciperet

215 2816 250 2879 in
267 2828 375 2895 nocte,
390 2837 523 2900 semper
538 2816 706 2879 eruditum
723 2835 743 2878 a
759 2835 820 2877 sua
837 2815 937 2878 luisse
952 2815 1128 2896 sapientia.
1146 2816 1209 2879 Est
1235 2815 1301 2878 alia
1329 2815 1571 2898 interpretatio,

215 2919 293 3000 quia
309 2939 444 3003 semper
465 2921 629 3002 scriptura
647 2917 760 2980 divina
776 2916 817 2980 ad
836 2916 1093 2981 similitudinem
1116 2918 1340 2981 humanorum
1368 2928 1499 2982 artuum
1527 2917 1571 2980 de

250 3065 447 3130 realliditatem]
464 3064 538 3112 calid.
554 3063 610 3112 OV.
711 3062 747 3110 ad
762 3064 853 3124 artua]
872 3059 1087 3126 praepositionem
1110 3061 1137 3109 M
1160 3077 1210 3110 uon
1231 3068 1310 3126 repet.
1411 3055 1571 3129 Παναυργ1α]

213 3146 434 3198 ΠΑΝΟΙΡΠΑΟΙᾹ
445 3145 521 3195 codd.
535 3144 627 3209 quibus
638 3144 730 3194 litteris
742 3159 791 3192 vox
810 3136 992 3210 παναυργασία
1010 3140 1165 3192 subindicari
1186 3143 1295 3204 videtur,
1316 3143 1532 3208 quemadmodum
1545 3144 1570 3192 in

211 3229 342 3294 glossariis
360 3244 500 3292 synonyme
519 3228 670 3277 exhibentur
688 3219 808 3294 συνεργία
828 3235 852 3274 et
873 3220 1028 3292 συνεργααία
1039 3242 1047 3284 ;
1060 3224 1085 3273 in
1097 3224 1159 3274 loeis
1170 3235 1256 3276 tamen
1267 3227 1301 3275 ab
1314 3226 1475 3290 Hieronymo
1486 3226 1571 3277 allatis

212 3311 303 3377 legitur
315 3311 409 3376 ubique
420 3303 576 3378 πανουργία.
677 3310 692 3358 6
707 3307 816 3366 Christo]
829 3309 877 3358 OV
890 3309 947 3356 add.
963 3309 1030 3356 Iesu.
1133 3307 1201 3368 711111
1211 3305 1257 3367 est]
1269 3309 1306 3368 M,
1321 3308 1345 3358 Ο
1362 3307 1389 3356 in
1407 3314 1476 3358 textu
1489 3327 1496 3368 ;
1513 3309 1572 3359 haec

210 3403 246 3444 ert
256 3397 289 3456 V,
303 3395 327 3445 Ο
339 3394 363 3444 in
377 3411 455 3460 marg.
470 3411 476 3452 ;
488 3393 592 3457 insuper
604 3393 629 3442 in
642 3393 666 3443 Ο
679 3393 726 3442 hae
739 3393 844 3441 voculae
863 3389 1000 3455 iunguntur
1018 3407 1076 3439 cum
1096 3390 1268 3454 sequentibus.
1369 3393 1570 3454 9cemmorarer]

212 3479 240 3527 M
253 3496 260 3538 ;
271 3485 433 3527 cenrmoraret
444 3477 500 3527 OV.
605 3489 633 3539 13
645 3473 748 3534 terrore]
761 3474 818 3534 OV,
833 3481 922 3523 mutat.
936 3471 963 3522 in
980 3473 1075 3521 terrori
1095 3473 1120 3520 M
1124 3509 1129 3521 .
1231 3473 1358 3522 luncuerae
1372 3471 1525 3538 fragilitati]
1535 3474 1568 3533 V,

211 3561 273 3611 0111
286 3561 501 3625 marg3humana
504 3559 653 3623 fragilitate
666 3557 693 3606 M
705 3575 712 3616 ;
725 3557 866 3606 brennariam
870 3555 1046 3619 fragilitatem
1070 3555 1093 3604 O
1113 3554 1139 3603 in
1159 3561 1238 3605 textu.
1342 3569 1371 3617 14
1391 3557 1482 3619 cedere]
1502 3556 1568 3617 OV;

209 3658 273 3692 corr.
287 3659 318 3694 ex
330 3643 426 3692 credere
438 3643 474 3691 M.
491 3640 529 3692 Cf.
544 3657 619 3706 supra
632 3649 684 3690 not.
704 3640 736 3689 ad
754 3652 838 3699 21,2o.
938 3637 1007 3701 quis]
1026 3652 1076 3686 om.
1100 3637 1136 3685 M.
1238 3638 1310 3702 qnia]
1331 3639 1368 3698 M,
1391 3638 1414 3687 Ο
1434 3638 1460 3687 in
1480 3645 1568 3696 textu;

208 3725 254 3774 cni
272 3741 289 3775 a
311 3725 344 3786 V,
368 3727 392 3778 0
413 3740 491 3789 marg.
611 3722 640 3771 16
658 3719 768 3787 purum]
785 3720 904 3785 purum?
927 3719 1102 3783 percontative
1126 3719 1181 3768 OV.
1303 3730 1331 3780 17
1354 3721 1414 3782 esse]
1434 3727 1514 3769 essent
1535 3720 1563 3772 V,

210 3821 243 3857 20
254 3809 451 3873 increpaverunt
462 3824 494 3857 m.
511 3823 533 3856 r.
548 3802 607 3864 nrer']
620 3805 668 3854 OV
678 3822 686 3864 ;
697 3821 748 3855 om.
764 3805 800 3854 M.

254 3945 278 3985 1.
291 3920 464 4003 sintcreatr']
476 3925 610 3983 Testam.
624 3923 687 3980 XII
700 3921 858 3981 Patriarcb.
959 3937 1000 3988 ¹4·
1012 3918 1077 3994 quis
1098 3914 1191 3999 alius]
1207 3918 1326 3993 Utputa
1342 3915 1498 3995 Origenes,
1515 3919 1567 3996 qui

210 4009 238 4078 8,
257 4027 272 4064 2
288 4027 334 4083 ap.
352 4005 466 4082 Migne,
491 4007 567 4064 Patr.
585 4006 636 4063 Gr.
665 4025 691 4074 2,
711 4006 787 4060 1108
815 4005 861 4063 A:
915 3998 963 4058 ‘in
978 4019 1015 4060 eo
1030 3999 1146 4076 psalmo
1162 3999 1213 4059 ubi
1229 3999 1372 4076 scripturn
1386 4010 1431 4061 est
1442 4001 1570 4079 Insuper

210 4090 284 4160 ἧπαρ
304 4087 371 4159 πρὸς
395 4085 488 4152 θυμὸν,
512 4086 598 4157 χολὴν
621 4085 689 4155 πρὸς
711 4082 859 4153 ereptas...
913 4087 1040 4156 eiusque
1054 4081 1214 4140 aderoclem
1236 4081 1410 4140 erudierunt
1423 4103 1466 4141 me
1488 4102 1567 4142 renes

208 4166 319 4241 νεφροὺς
332 4163 368 4225 εἰς
379 4163 549 4237 πανουργίαν.
567 4164 692 4221 Nullum
705 4162 862 4237 hucusque
915 4163 977 4235 nei,
1004 4164 1107 4223 asserit
1137 4163 1231 4222 virum
1258 4177 1406 4236 sanctum,
1431 4183 1501 4224 curn
1527 4167 1566 4225 ad

208 4243 416 4304 testimonium
431 4244 470 4302 de
487 4245 544 4302 hoc
559 4244 661 4303 libello
685 4243 861 4321 apocrypho
914 4243 1056 4304 virtutum
1085 4245 1201 4306 venerit
1228 4246 1441 4318 summitatem,
1468 4264 1507 4308 ne
1535 4246 1564 4306 in

208 4327 290 4404 apud
304 4325 524 4403 Hieronymum
536 4339 685 4402 repertum
697 4337 768 4385 erat.
782 4325 860 4386 Con·
913 4340 1002 4386 nocte
1021 4326 1144 4403 quidem
1169 4345 1203 4386 ea
1222 4326 1284 4402 pati
1303 4347 1380 4406 quae
1406 4327 1564 4389 hominum

208 4411 251 4470 let
276 4409 333 4469 Ad.
352 4407 506 4480 Hernack,
522 4409 632 4467 Gescb.
653 4410 680 4466 d.
705 4407 856 4467 altchristl.
911 4420 990 4483 sunt,
1011 4427 1066 4468 nec
1091 4408 1274 4485 cogitatione
1298 4409 1437 4471 vitiorum
1464 4409 1565 4487 aliqua

211 4491 374 4551 Litteratur
384 4489 429 4552 bis
445 4489 595 4550 Eusebius
609 4491 632 4561 Ι,
650 4494 707 4566 852
721 4509 765 4567 sq.
912 4489 1039 4550 titillari.
1057 4491 1104 4550 Ita
1120 4491 1247 4550 Hieron.
1263 4509 1315 4568 ep.
1331 4511 1397 4568 133,
1407 4511 1435 4551 n.
1454 4511 1480 4568 3,
1492 4511 1563 4552 cum

250 4592 277 4644 4
296 4566 483 4651 intellectum]
501 4574 584 4633 Prov.
611 4591 634 4644 r,
648 4594 675 4645 4.
912 4571 1101 4650 Pelagianam
1118 4575 1242 4630 ἀπάθειαν
1256 4585 1361 4651 rogatu
1383 4573 1564 4652 Ctesiphon·

253 4656 278 4712 6.
300 4649 429 4734 Chn’sto]
448 4655 543 4715 aCor.
565 4675 610 4728 11,
627 4673 652 4729 3.
911 4653 948 4713 tis
963 4673 1090 4725 anno4r
1096 4671 1113 4731 5
1129 4655 1284 4716 refelleret.
