4060 5498
805 308 823 346 d

476 455 530 540 92
856 445 884 505 S.
915 445 1169 507 HIERONYMI
1198 441 1466 505 PRESBYTERI

480 647 611 710 Domus
628 665 702 708 mea
717 645 848 718 corruit,
864 643 998 708 divitias
1022 645 1198 726 naufragio
1223 642 1367 726 perdidi,
1385 642 1471 707 tilius
1496 643 1577 708 mihi
1601 651 1752 707 mortuus
1775 651 1829 718 est,

482 769 597 814 servus
615 748 698 831 fugit
715 759 748 811 et
764 769 816 811 res
833 767 925 812 meas
941 750 1060 830 rapuit,
1076 749 1132 830 qui
1150 747 1243 812 dives
1272 757 1351 812 ante
1368 747 1413 812 lui
1431 767 1520 812 nunc
1546 755 1697 829 egestate
1719 767 1829 811 consu·

485 873 575 918 mor:
593 854 653 915 nisi
672 851 737 915 filia
756 853 902 916 Iudaeae
919 853 1022 928 fuero,
1039 871 1105 916 non
1123 851 1241 916 exulto
1253 852 1286 914 in
1304 852 1434 916 iudiciis
1448 852 1521 916 Dei.
1539 851 1634 914 Beati
1650 851 1713 915 lob
1725 853 1830 916 anima

484 957 545 1021 luit
569 955 637 1019 filia
667 955 778 1032 ludae,
795 955 932 1038 quaein
950 954 1084 1018 damnis
1109 954 1325 1018 familiarium
1349 975 1458 1018 rerum
1475 955 1522 1019 sic
1545 974 1581 1017 se
1603 955 1833 1019 consolabatur

483 1061 598 1126 dicens
612 1083 619 1122 :
635 1059 822 1122 ‘Dominus
844 1059 946 1135 dedit,
963 1059 1137 1122 Dominus
1160 1059 1309 1134 abstulit,
1324 1059 1367 1123 sit
1392 1079 1514 1122 nomen
1540 1059 1678 1121 Domini
1703 1060 1832 1123 benedi·
1862 1075 1873 1128 ς

485 1174 596 1229 ctum:
620 1163 729 1226 nudus
753 1163 843 1226 exivi
866 1165 909 1227 de
933 1173 1026 1228 utero
1044 1163 1161 1226 matris
1186 1182 1287 1239 meae,
1305 1163 1415 1226 nudus
1440 1182 1573 1245 quoque
1596 1163 1675 1226 ibo'
1695 1163 1832 1226 :subau-

485 1270 604 1347 diatur,
620 1270 651 1332 ln
669 1278 802 1332 terram.
819 1269 967 1332 Primum
991 1288 1035 1331 ex
1058 1269 1162 1332 divite
1185 1287 1313 1350 pauper
1340 1267 1457 1345 lactus,
1485 1269 1709 1332 substantiam
1727 1269 1832 1332 amisit

487 1393 562 1438 cum
581 1373 654 1437 filiis
670 1397 676 1436 :
693 1381 843 1452 egestate
866 1373 990 1455 pariter
1011 1383 1045 1436 et
1066 1371 1212 1436 orbitate
1227 1373 1414 1454 depressus,
1431 1384 1602 1455 postremo
1617 1374 1658 1436 ad
1684 1374 1831 1437 ultimam

487 1479 578 1543 venit
594 1477 771 1553 miseriam,
789 1479 905 1540 morbo
922 1479 1013 1558 regio
1030 1498 1204 1558 percussus
1220 1487 1253 1542 et
1274 1477 1410 1543 vulnere
1434 1479 1632 1544 insanabili:
1659 1477 1831 1542 insanabili

487 1583 688 1658 hominibus,
704 1584 761 1644 sed
780 1581 920 1643 sanabili
937 1583 1026 1662 apud
1041 1582 1161 1646 Deum.
1175 1580 1274 1664 Quod
1294 1581 1460 1646 medicina
1477 1582 1624 1647 humana
1642 1601 1762 1646 sanare
1772 1601 1833 1644 non
1853 1595 1881 1633 ¹⁰

489 1695 629 1769 poterat,
645 1683 806 1767 patientia
822 1683 954 1747 sanavit
969 1696 1004 1749 et
1020 1683 1110 1750 fides.
1134 1685 1283 1751 Sedebat
1300 1685 1332 1749 in
1350 1693 1505 1762 stercore,
1520 1697 1554 1751 et
1571 1688 1685 1750 animo
1697 1686 1730 1748 in
1748 1706 1834 1766 para·

489 1789 564 1853 diso
579 1787 827 1852 deambulabat.
840 1784 930 1850 'l'oto
942 1807 1079 1869 corpore
1099 1798 1322 1870 putrescente,
1342 1789 1414 1852 sola
1435 1789 1481 1854 illi
1505 1790 1621 1873 lingua
1636 1801 1767 1854 servata
1782 1799 1836 1854 est.

490 1913 577 1975 quae
594 1890 779 1955 Dominum
797 1889 1052 1972 blasphemaret.
1070 1893 1192 1957 Videte
1208 1903 1313 1957 artem
1331 1894 1437 1958 hostis
1452 1895 1590 1977 antiqui.
1608 1895 1833 1960 Substantiam

492 1997 568 2061 iusti
579 1996 638 2059 viri
649 1994 761 2058 hostili
772 1995 897 2076 praeda
908 1994 1141 2077 diripuit‚filios
1155 1997 1250 2060 ruina
1259 1997 1545 2081 oppressit,ipsum
1559 1998 1652 2080 gravi
1664 1997 1798 2060 vulnere
1807 2007 1835 2058 et

490 2101 594 2166 totius
604 2100 751 2183 corporis
764 2099 899 2162 horrore
909 2100 1071 2180 percussit
1086 2123 1093 2164 ι
1111 2101 1190 2163 nibil
1208 2101 1237 2163 ei
1255 2100 1388 2183 reliquit
1400 2103 1463 2164 nisi
1481 2100 1630 2182 linguam
1647 2110 1680 2164 et
1693 2119 1837 2172 uxorem,
1857 2112 1885 2166 ¹⁵

492 2216 528 2270 ut
544 2206 600 2271 illa
617 2213 762 2269 tentaret
778 2213 811 2267 et
827 2202 884 2266 illa
900 2202 1158 2284 blasphemaret.
1177 2206 1309 2269 Memor
1325 2205 1388 2270 fuit
1404 2205 1561 2269 diabolus
1577 2205 1739 2287 pristinae
1755 2203 1838 2276 artis,

492 2330 558 2393 qua
582 2309 694 2372 Adam
719 2307 901 2389 aliquando
923 2306 1055 2390 decepit
1079 2329 1137 2390 per
1164 2309 1357 2372 mulierem:
1381 2308 1427 2372 ita
1453 2317 1485 2372 et
1510 2308 1598 2372 hunc
1622 2309 1754 2390 appetit
1785 2325 1837 2389 per

493 2431 644 2488 uxorem,
669 2411 851 2474 aestimans
867 2410 958 2490 quod
970 2430 1102 2492 semper
1111 2412 1198 2475 viros
1214 2412 1320 2493 possit
1336 2431 1395 2492 per
1410 2411 1582 2475 mulierem
1600 2411 1764 2494 decipere,
1777 2431 1836 2474 non

492 2515 707 2580 considerans
730 2512 808 2594 quia
824 2531 910 2575 unus
926 2533 984 2594 per
1002 2515 1173 2578 mulierem
1190 2515 1339 2578 delectus
1355 2525 1415 2592 est,
1434 2526 1468 2579 et
1488 2534 1576 2578 nunc
1594 2535 1653 2596 per
1670 2515 1836 2578 mulierem

493 2629 582 2684 totus
599 2617 744 2682 mundus
755 2615 901 2679 salvatus
918 2627 977 2682 est.
997 2619 1034 2682 ln
1053 2629 1165 2683 mente
1188 2619 1247 2683 tibi
1272 2619 1362 2682 venit
1383 2618 1490 2694 Heva,
1506 2619 1565 2681 sed
1578 2619 1754 2682 considera
1773 2617 1838 2680 Ma·
1858 2635 1892 2673 ιο

493 2721 575 2784 riam
590 2743 597 2784 :
612 2720 669 2783 illa
686 2739 746 2782 nos
762 2715 859 2782 eiecit
869 2718 911 2782 de
924 2723 1090 2802 paradiso,
1106 2723 1170 2786 ista
1187 2723 1315 2786 reducit
1339 2723 1381 2786 ad
1406 2722 1544 2786 caelum.
1564 2723 1786 2786 Revertamur
1800 2720 1837 2784 ad

493 2823 614 2908 psalmi
626 2826 787 2890 ordinem.

540 2929 609 3008 Qui
628 2930 771 3014 diligitis
794 2933 982 3011 Dominum,
1005 2933 1088 2997 odite
1112 2931 1244 2996 malum.
1273 2931 1308 2996 Si
1328 2929 1495 2995 Dominus
1512 2930 1618 2994 bonus
1635 2940 1728 2995 est...
1755 2931 1842 3014 Quid

494 3038 583 3100 enim
601 3037 768 3118 legimus?
794 3042 802 3071 ‘
820 3041 938 3102 Pastor
953 3039 1061 3102 bonus
1078 3039 1171 3120 ponit
1189 3058 1249 3119 pro
1265 3036 1383 3100 ovibus
1399 3035 1468 3099 suis
1484 3035 1632 3097 animam
1647 3054 1743 3097 suam
1759 3034 1774 3097 ’.
1799 3033 1843 3096 Et

496 3141 614 3204 iterum
632 3141 665 3202 in
682 3141 747 3205 alia
764 3141 941 3222 parabola:
958 3141 1105 3217 ‘Amice
1116 3141 1142 3203 si
1154 3161 1217 3220 ego
1231 3140 1348 3216 bonus,
1364 3158 1466 3221 quare
1481 3137 1597 3199 oculus
1611 3145 1689 3199 tuus
1703 3155 1843 3217 nequam
1865 3154 1893 3208 ις

496 3249 572 3307 est?
588 3245 595 3270 ’
613 3245 679 3326 Qui
696 3245 836 3327 diligitis
854 3248 1048 3322 Dominum,
1064 3245 1155 3309 odite
1173 3245 1307 3308 malum.
1325 3243 1403 3307 Non
1421 3250 1563 3324 possunt
1579 3239 1666 3302 duae
1693 3239 1846 3302 caritates

497 3351 530 3414 in
555 3370 622 3415 uno
646 3353 783 3417 homine
806 3353 888 3418 inter
915 3371 951 3414 se
974 3372 1045 3414 esse
1069 3351 1263 3413 contrariae.
1290 3347 1473 3429 Quomodo
1499 3364 1565 3408 non
1592 3354 1643 3407 est
1668 3363 1848 3406 consensus

498 3455 633 3520 Christo
648 3476 723 3519 cum
743 3456 856 3533 Belial,
879 3455 1022 3520 iustitiae
1046 3463 1078 3517 et
1105 3451 1299 3535 iniquitati;
1323 3452 1370 3514 sic
1395 3449 1462 3512 fieri
1489 3467 1557 3512 non
1583 3456 1704 3529 potest,
1726 3458 1761 3511 ut
1785 3467 1848 3510 una

531 3635 819 3702 3Iudarar]V;Iudac
831 3637 894 3696 ΜΟ,
912 3641 988 3700 atque
1007 3633 1043 3682 lta
1062 3640 1111 3682 tres
1130 3631 1204 3680 codd.
1227 3629 1387 3679 concorditer
1407 3629 1451 3678 lin.
1473 3646 1526 3695 seq.
1627 3643 1642 3689 4
1656 3628 1850 3692 familiarium]

489 3717 659 3781 familiarum
679 3719 754 3768 codd.
854 3718 925 3768 8ad
940 3713 1068 3774 ulrirrraml
1088 3713 1113 3761 M
1125 3731 1132 3772 ;
1152 3713 1187 3761 ad
1204 3713 1324 3760 ultimum
1345 3709 1402 3761 OV.
1503 3705 1789 3774 opercussushsesup.
1803 3709 1848 3758 lin.

499 3807 586 3864 postea
598 3801 657 3850 add.
672 3803 709 3850 M.
797 3799 1011 3860 laillrlbllmm.
1027 3795 1082 3845 OV.
1182 3788 1391 3856 14oppressith
1403 3793 1541 3858 3depressr'!
1554 3791 1611 3841 OV.
1700 3791 1852 3856 r5horrore]

498 3899 562 3934 cort.
576 3885 741 3934 exorrorrO.
828 3882 963 3947 percussit]
971 3881 1081 3944 percusr't
1093 3879 1122 3926 V.
1224 3876 1339 3939 reliquit]
1352 3877 1383 3935 V,
1396 3883 1479 3926 tcorr.
1494 3873 1731 3940 exd03rrliqur'd
1739 3875 1799 3924 item
1812 3874 1850 3923 Μ.

503 3976 531 4028 17
540 3973 588 4029 per
598 3967 740 4028 mulierem]
752 3966 779 4014 M
790 3983 797 4024 ;
810 3963 859 4015 OV
870 3979 920 4012 om.
930 3970 983 4026 prr.
1088 3959 1117 4009 18
1136 3959 1282 4020 aestimans]
1299 3959 1425 4006 extimans
1445 3957 1503 4007 OV.
1607 3971 1637 4020 19
1653 3965 1699 4022 prr
1720 3958 1853 4006 mulierem

500 4054 518 4097 t.
532 4046 653 4107 mundus]
666 4049 693 4096 M
703 4065 711 4107 ;
722 4055 787 4097 totus
798 4063 831 4098 m.
842 4053 868 4110 p.
883 4045 1013 4094 mulierem
1025 4041 1081 4093 OV.
1183 4054 1216 4089 20
1228 4042 1310 4105 Hrua]
1321 4040 1409 4105 scripsi
1421 4058 1428 4100 ς
1442 4041 1514 4089 AEva
1528 4039 1554 4087 M
1567 4055 1574 4097 ς
1586 4039 1646 4088 Eva
1657 4038 1714 4089 OV.

542 4202 569 4260 6.
585 4194 642 4278 ibo]
659 4197 715 4257 Iob
733 4217 758 4273 1,
780 4216 828 4260 21.
1203 4192 1373 4270 phemare’

526 4273 1149 4358 13.quaeDomr'numbluspllmrarel]Tract.
1245 4270 1464 4353 24.suam]10.
1485 4291 1527 4344 ro,
1548 4291 1590 4330 11.

501 4365 540 4425 de
555 4383 596 4440 ps.
616 4363 724 4422 LXVI.
743 4371 761 4421 t.
780 4362 851 4420 111².
870 4377 917 4438 35,
937 4379 980 4434 14.
1002 4362 1036 4417 18
1050 4356 1150 4417 ‘Nihil
1245 4372 1290 4432 25.
1307 4375 1429 4432 nequam
1443 4364 1485 4412 es!
1499 4350 1523 4433 l]
1540 4354 1646 4414 Matth.
1666 4373 1769 4431 20,15.

502 4443 582 4507 enim
607 4443 650 4503 illi
673 4441 813 4503 remansit
836 4442 1013 4520 incorpore
1035 4458 1149 4511 sanum,
1245 4439 1290 4496 2⁶.
1315 4437 1383 4495 Non
1400 4443 1522 4513 possunt
1538 4436 1613 4495 duae
1636 4437 1772 4496 caritates
1792 4437 1855 4520 etc]

502 4525 558 4586 nisi
573 4525 636 4585 sola
651 4524 757 4602 lingua,
774 4543 929 4604 perquam
946 4522 1151 4600 blasphemare
1204 4512 1451 4580 Commentariol.
1485 4529 1530 4593 72,
1564 4536 1599 4589 ¹4
1629 4516 1736 4578 ‘Duae
1756 4517 1854 4580 'simul

502 4607 632 4687 possit...
663 4607 764 4667 Solam
791 4605 924 4682 linguam
950 4604 976 4666 ei
1005 4602 1150 4681 integram
1202 4599 1313 4676 boniet
1326 4595 1541 4662 malicaritat'es
1553 4597 1689 4674 essenon
1701 4599 1855 4676 possunt!

500 4687 667 4764 reservavit,
682 4698 714 4750 ut
729 4687 822 4766 possit
844 4689 945 4749 Deum
967 4684 1150 4746 suum'blas-
1202 4677 1204 4683 ’
1245 4685 1289 4742 28.
1306 4676 1470 4761 iniquitati]
1489 4669 1586 4743 2'Co‘r.
1603 4677 1630 4752 6,
1650 4681 1685 4754 1'4
1700 4697 1745 4758 sq.
