4160 5500
466 415 550 508 374
853 435 881 494 s,
905 435 1161 496 aranonvnr
1184 434 1449 494 Pressuram

523 653 752 719 Verumtamen
777 671 837 717 nae
860 652 989 718 leontini
1010 653 1068 732 illi,
1089 665 1150 737 per
1173 674 1266 736 quem
1291 653 1481 718 scandalum
1510 654 1606 719 venit.
1623 653 1828 721 Generaliter

471 759 661 846 disputavit.
692 759 750 826 Kal
774 759 1026 852 κατακερματίζει
1058 761 1153 831 αὐτός
1181 759 1226 824 Si
1246 771 1354 824 autem
1381 781 1500 824 manns
1523 769 1581 824 tua
1605 761 1660 827 nel
1673 776 1732 847 pes
1753 773 1829 828 tuus

468 873 674 940 scandalizat
687 882 724 950 te,
741 868 867 934 abscide
895 872 1037 953 etprar‘ce
1051 875 1171 940 abste:
1183 875 1357 941 borramest
1368 875 1454 940 enim
1468 875 1531 940 nbi
1538 877 1572 941 r'n
1584 877 1689 942 uitam
1701 876 1833 960 ingredi

470 979 624 1044 claudum
641 977 675 1040 in
691 995 826 1060 regnum
843 975 917 1055 Da',
932 1000 1031 1060 qnam
1060 979 1144 1046 dnas
1169 991 1332 1045 manuscr
1351 979 1432 1044 dnos
1439 975 1544 1063 pedes
1558 969 1834 1048 habememmittr'

474 1084 700 1169 ingelrannum
719 1091 890 1148 aeternam.
909 1081 945 1147 Si
961 1093 1072 1150 autem
1100 1105 1218 1150 manus
1233 1094 1300 1163 tua,
1316 1086 1367 1150 vel
1388 1106 1447 1168 pes
1462 1096 1539 1150 tuus
1566 1086 1771 1152 scandalizat
1786 1096 1830 1154 te.
1865 1091 1878 1146 s

473 1191 641 1274 Quoniam
658 1190 699 1254 ad
720 1187 890 1272 apostolos
905 1187 1059 1272 loquitur,
1071 1199 1104 1255 et
1120 1191 1153 1254 in
1170 1191 1330 1273 apostolis
1346 1192 1485 1255 lundata
1504 1200 1555 1256 est
1574 1190 1722 1270 ecclesia,
1733 1191 1829 1275 quid·

471 1297 550 1378 quid
568 1296 729 1380 apostolis
754 1293 909 1378 loquitur,
927 1293 1085 1358 ecclesiae
1113 1295 1280 1378 loquitur:
1309 1315 1386 1360 nam
1416 1294 1556 1360 ecclesia
1579 1316 1699 1380 corpus
1725 1317 1830 1364 unum

472 1411 604 1468 tantum
621 1401 734 1480 habet,
750 1401 806 1465 sed
839 1399 944 1463 multa
961 1401 1111 1466 membra
1137 1401 1246 1466 habet.
1266 1401 1342 1465 Hoc
1358 1399 1504 1484 loquitur
1534 1409 1567 1465 et
1592 1403 1765 1485 apostolus
1789 1403 1832 1468 ad

474 1505 686 1570 Corinthios:
702 1503 778 1588 quia
804 1512 881 1567 sunt
908 1506 1100 1588 prophetae,
1125 1513 1203 1570 sunt
1232 1504 1395 1583 doctores,
1430 1513 1507 1568 sunt
1531 1506 1730 1586 sacerdotes,
1755 1515 1836 1572 sunt

473 1610 569 1692 signa
586 1610 753 1688 facientes,
768 1617 802 1673 et
819 1609 902 1673 aliae
918 1609 1066 1684 virtutes,
1087 1609 1142 1674 ubi
1159 1610 1201 1675 de
1217 1608 1418 1691 spiritalibus
1445 1611 1561 1691 gratiis
1579 1613 1772 1696 disputavit.
1790 1613 1836 1679 Et
1858 1623 1887 1662 ¹⁰

473 1712 518 1777 ibi
534 1713 638 1779 dicit:
666 1713 866 1796 ‘Numquid
895 1721 1006 1795 potest
1033 1713 1142 1778 dicere
1168 1712 1283 1778 oculus
1310 1711 1432 1803 manni,
1453 1714 1530 1780 Non
1556 1715 1775 1781 necessariam
1801 1724 1837 1780 te

475 1817 610 1883 habeo?
629 1827 687 1882 aut
703 1839 813 1881 rursus
839 1835 958 1881 manus
984 1819 1093 1883 dicere
1120 1818 1207 1901 pedi,
1222 1818 1455 1883 Necessarium
1471 1827 1505 1882 te
1526 1839 1591 1885 non
1616 1820 1749 1885 habeo?
1764 1819 1772 1848 ¹
1789 1819 1837 1883 Et

474 1925 538 1988 hoc
553 1923 634 1988 dicit
650 1923 692 1988 ad
710 1921 914 2005 exemplum,
931 1923 1068 2007 longum
1087 1924 1235 1988 estenim
1251 1923 1403 1988 universa
1419 1923 1577 2007 replicare
1593 1949 1600 1989 :
1623 1933 1655 1990 et
1670 1923 1837 2000 hoedicit,

476 2029 553 2110 quia
575 2047 619 2091 cx
640 2026 752 2092 multis
769 2025 926 2092 membris
951 2048 1053 2094 unum
1081 2027 1237 2093 ecclesiae
1262 2047 1381 2110 corpus
1401 2027 1547 2094 efficitur.
1568 2029 1719 2094 Ecclesia
1733 2029 1838 2095 habet

475 2152 570 2196 veros
586 2131 709 2208 oculos,
724 2131 878 2196 videlicet
905 2132 1145 2198 ecclesiasticos
1168 2143 1269 2216 atque
1295 2132 1458 2209 doctores,
1478 2133 1535 2216 qui
1558 2133 1675 2200 vident
1699 2134 1732 2197 in
1758 2131 1839 2196 scri·
1860 2147 1887 2201 ¹5

479 2237 585 2320 pturis
604 2239 761 2321 mysteria
777 2238 852 2314 Dei,
867 2236 910 2300 de
931 2236 1050 2320 quibus
1075 2237 1196 2303 dicitur
1211 2241 1219 2270 ¹
1233 2231 1385 2301 uidentes
1399 2235 1416 2302 '.
1434 2237 1493 2301 Isti
1521 2237 1621 2319 igitur
1640 2236 1840 2320 quivident,

478 2349 566 2406 recte
578 2341 788 2425 appellantur
799 2341 886 2406 oculi
899 2342 1066 2409 ecclesiae.
1078 2344 1223 2408 Rursum
1236 2342 1382 2407 habetet
1397 2362 1526 2420 manus,
1537 2343 1645 2428 [iacit]
1655 2339 1840 2436 πρακτίκοὺς

478 2454 634 2519 videlicet
650 2455 746 2534 viros,
762 2445 818 2538 qui
834 2454 921 2518 oculi
939 2475 1005 2519 non
1023 2465 1109 2536 sunt,
1126 2457 1182 2521 sed
1201 2475 1327 2520 manus.
1344 2453 1518 2538 Numquid
1540 2461 1663 2518 norunt
1678 2449 1839 2534 mysteria

471 2557 742 2641 scripturarum?
757 2568 870 2624 tamen
888 2569 966 2624 sunt
991 2571 1144 2643 potentes
1161 2563 1193 2626 in
1211 2549 1374 2644 operibus.
1394 2559 1509 2624 Habet
1524 2567 1556 2623 et
1577 2557 1688 2639 pedes,
1703 2557 1759 2640 qui
1776 2573 1839 2620 nec

479 2662 603 2740 vident,
630 2683 690 2728 nec
715 2655 904 2748 operamur,
930 2667 987 2732 sed
1015 2667 1141 2732 habent
1172 2667 1320 2732 diversos
1357 2663 1545 2728 discursus:
1573 2661 1630 2726 sed
1663 2653 1841 2744 propterea
1859 2682 1891 2720 20

469 2760 580 2832 'currit
607 2788 675 2852 pes,
698 2773 735 2832 ut
763 2768 909 2837 inveniat
936 2759 1055 2837 manus
1081 2772 1171 2855 quod
1201 2779 1363 2854 operetur.
1394 2769 1468 2833 Nec
1503 2766 1618 2858 oculus
1644 2774 1841 2831 contemnat

481 2867 629 2952 manum,
645 2895 707 2939 nec
725 2894 843 2941 manus
867 2885 1060 2940 contemnat
1091 2875 1222 2959 pedem,
1238 2893 1298 2938 nec
1318 2891 1446 2936 rursum
1464 2871 1527 2962 ista
1542 2869 1607 2956 tria
1621 2875 1842 2934 contemnant

481 2978 575 3061 quasi
603 2979 746 3046 otiosum
773 2990 931 3047 ventrem.
962 2980 1103 3065 Saepius
1118 2981 1238 3058 evenit,
1253 2989 1290 3043 ut
1308 2961 1460 3042 'membra
1484 2995 1571 3058 quae
1596 2971 1751 3039 videntur
1766 2991 1842 3036 esse

483 3077 729 3162 verecundiora,
758 3085 829 3167 ipsa
858 3085 965 3168 magis
992 3085 1123 3150 utiliora
1154 3083 1227 3148 sint.
1260 3083 1438 3164 Propterea
1468 3079 1548 3144 dicit
1582 3086 1617 3142 et
1646 3075 1841 3160 apostolus:

480 3181 752 3252 ‘verecundiora
778 3199 889 3255 autern
918 3177 1031 3254 nostra
1060 3189 1218 3253 maiorem
1249 3186 1375 3252 habent
1405 3186 1566 3249 honorem
1581 3181 1598 3248 ⁸.
1627 3182 1704 3246 Hoc
1726 3189 1839 3246 totum
1859 3201 1890 3255 25

479 3309 580 3371 quare
596 3291 695 3355 dico?
711 3291 880 3374 Quoniam
897 3294 1044 3368 ecclesia,
1059 3295 1123 3358 hoc
1148 3302 1207 3370 est,
1222 3310 1342 3374 corpus
1370 3289 1507 3354 Domini
1531 3307 1576 3351 ex
1604 3286 1717 3351 multis
1733 3305 1839 3351 mern-

480 3393 546 3457 bris
563 3405 699 3459 ornatur
714 3405 815 3479 atque
830 3400 1025 3481 completur.
1036 3399 1072 3466 Si
1085 3399 1197 3482 itaque
1213 3396 1338 3462 venerit
1351 3404 1386 3458 ut
1400 3401 1434 3457 te
1454 3389 1613 3457 ecclesiae
1634 3389 1841 3456 scandalizat

480 3498 605 3578 oculus,
620 3499 823 3566 scandalizet
839 3523 967 3580 manus,
982 3501 1184 3567 scandalizet
1197 3521 1264 3584 pes.
1277 3499 1394 3563 melius
1404 3507 1455 3560 est
1470 3504 1504 3560 te
1517 3514 1617 3560 unam
1628 3513 1696 3558 non
1713 3491 1840 3556 habere

479 3599 645 3682 virtutem,
661 3614 693 3670 et
711 3607 756 3671 ire
772 3627 846 3672 cum
876 3608 993 3672 ceteris
1020 3606 1196 3672 virtutstrus
1222 3605 1265 3669 ad
1294 3623 1395 3686 regna
1422 3599 1611 3665 caelorum:
1628 3605 1685 3660 aut
1714 3594 1840 3660 habere

479 3709 610 3774 oculum
628 3705 865 3792 caliginantem
882 3723 915 3777 et
932 3713 1052 3796 pedem
1078 3711 1332 3785 claudicantem,
1348 3725 1448 3790 quam
1466 3705 1513 3768 ire
1538 3703 1570 3766 in
1604 3701 1715 3784 ignem
1732 3707 1838 3764 aeter·
1859 3723 1891 3775 ³0

480 3832 568 3878 num.
586 3814 716 3878 Erravit
733 3815 920 3899 episcopus,
937 3815 1086 3901 peccavit
1103 3814 1284 3899 presbyter,
1300 3809 1440 3893 deliquit
1450 3809 1609 3873 diaconus
1623 3827 1630 3868 :
1643 3802 1711 3868 noli
1726 3801 1840 3867 dicere

470 4053 471 4058 ,
511 4004 586 4058 allai
598 4024 624 4058 κ.
637 4011 712 4070 αλκ.
727 4021 795 4058 κατα
810 3991 1030 4074 κερνατιζεὶαυτω
1043 4003 1167 4064 nomm.
1182 4019 1209 4070 χ.
1246 4059 1248 4062 ¹
1295 3993 1619 4064 3abscide]l'⁴¹1.;abscinde
1631 4011 1658 4062 χ.
1742 3995 1838 4056 Μαι.

477 4091 652 4154 damlclndum
662 4091 692 4141 F.
760 4089 953 4154 Stantumlom.
966 4105 993 4158 χ.
1065 4075 1655 4152 rsinscrr'pturirlr'nqar'bnsscripturisFL.·
1695 4073 1840 4138 rbdr'rr'tar]

478 4174 674 4234 Ferr'cuntur
684 4190 712 4242 χ.
801 4181 828 4233 17
841 4171 953 4222 Verbum
958 4170 1027 4236 scrcr't
1037 4168 1189 4233 superfluum
1200 4166 1307 4215 videtur.
1386 4153 1562 4229 πρακτικούς]
1572 4173 1622 4207 om.
1637 4172 1665 4225 χ.
1742 4167 1771 4205 ar
1786 4157 1840 4220 Nec

477 4259 562 4308 aculus
579 4255 729 4318 conteneant]
749 4270 779 4304 ne
798 4255 877 4304 oculor
896 4259 1051 4318 contempnat
1062 4252 1091 4301 F.
1193 4261 1223 4298 22
1236 4247 1296 4309 isla]
1314 4247 1399 4313 illa-12.
1501 4239 1662 4308 ayecclesr'ae]
1680 4237 1836 4290 armentar.

478 4340 509 4391 28
521 4339 679 4401 scandalizet]
690 4337 838 4388 scatrdalr'cet
849 4337 879 4386 L.
958 4347 989 4399 30
1000 4329 1432 4398 ralr'gr'nantem]F;calr'g‚nantrm
1445 4323 1643 4387 bannientem
1654 4336 1682 4389 χ.
1720 4381 1724 4390 .
1761 4336 1840 4386 quarn

475 4423 524 4484 r'rr]
537 4421 581 4470 FL
592 4413 642 4471 om.
655 4437 739 4486 quam.

474 4577 479 4586 '
515 4573 542 4630 8.
558 4570 601 4630 ad
615 4565 792 4648 Corinthios]
811 4587 822 4626 1
841 4569 909 4630 Cor.
925 4584 949 4624 c.
971 4584 1015 4623 12.
1180 4581 1207 4637 9,
1223 4580 1249 4636 9.
1489 4599 1491 4606 ·
1709 4591 1711 4598 ·

520 4672 563 4711 12.
581 4670 637 4710 nnn
652 4647 750 4731 habeo]
766 4649 836 4708 ibid.
853 4668 878 4708 v.
895 4667 939 4706 αι.
1221 4663 1236 4700 2
1242 4658 1267 4718 5.
1285 4635 1431 4720 mantem]
1450 4659 1462 4697 1
1480 4639 1548 4700 Cor.
1563 4656 1614 4714 ¹ra,
1633 4655 1678 4714 23·
1720 4672 1723 4680 .

494 4765 497 4772 ·
520 4735 564 4799 16.
580 4732 689 4796 antur
713 4737 720 4763 ⁸
744 4731 868 4792 uidentes
892 4727 912 4819 ¹]
941 4729 986 4792 Ci
1015 4747 1027 4788 1
1052 4727 1126 4808 Reg.
