4112 5496
448 425 503 507 34
904 425 1057 486 SANCTI
1088 425 1343 486 HIERONYMI
1705 419 1800 504 [xxm

447 643 610 753 Aquita
629 643 850 726 transtulit
871 670 923 726 ex
954 641 1149 743 hebraeo,
1181 640 1356 725 dicens:
1380 649 1389 682 ⁴
1414 639 1473 723 Et
1494 652 1628 740 nocte,
1651 652 1693 724 et
1713 637 1801 736 ¹non

448 780 609 866 tacebis
631 782 656 883 ’;
679 781 722 864 id
743 793 821 882 est,
843 780 994 865 audies
1016 807 1095 884 me,
1111 778 1392 891 respondebis
1406 778 1523 878 mihi,
1541 779 1669 863 facies
1685 777 1802 891 quod

448 921 577 1003 oravi.
603 921 701 1029 Ego
721 926 868 1003 autem
882 947 985 1004 sum
1006 920 1176 1020 vermis,
1198 925 1343 1002 elnon
1364 919 1496 1002 domu.
1517 919 1614 1001 Hoc
1635 930 1806 1028 propter

450 1056 738 1141 humilitatem
760 1058 980 1169 adsumpti
1016 1057 1207 1168 corporis
1242 1056 1445 1167 quuitur,
1471 1057 1603 1141 Esaia
1633 1083 1806 1169 quoque

449 1197 599 1281 eadem
631 1196 906 1281 concinente:
932 1204 940 1236 ⁴
967 1197 1034 1279 Ne
1069 1197 1234 1294 timeas,
1256 1195 1415 1280 vermis
1448 1195 1578 1279 Iacob
1603 1197 1622 1280 '.
1649 1197 1807 1308 Odpro-
1842 1226 1859 1281 s

450 1336 593 1418 briam
612 1336 847 1420 hominum.
872 1335 1002 1444 Quod
1026 1335 1166 1419 maius
1187 1334 1479 1447 obprobrium,
1495 1361 1625 1445 quam
1647 1335 1807 1418 crucis?

450 1475 498 1556 E
500 1480 520 1556 t
534 1475 743 1587 despectio
753 1476 907 1587 plebis.
926 1474 1088 1558 Iudaici
1104 1474 1251 1585 populi
1268 1473 1447 1558 densus.
1474 1475 1515 1556 T
1511 1475 1617 1558 auri
1621 1474 1810 1584 pingues

327 1727 332 1732 Ι
451 1613 826 1704 cz'rcumdederunt
845 1640 920 1697 me.
941 1614 1025 1695 Pro
1041 1612 1290 1724 pinguibus,
1309 1611 1602 1722 Symmachus
1620 1621 1629 1650 ‘
1645 1611 1807 1694 altiles-³

453 1749 756 1860 interpretatus
791 1762 868 1834 est.
909 1750 960 1832 In
996 1750 1179 1833 hebraeo
1213 1750 1393 1833 verbum
1433 1748 1609 1859 ponitur
1649 1743 1806 1847 unsnn',

453 1887 570 1997 quod
593 1901 635 1971 et
653 1896 661 1929 ‘
680 1887 919 2000 ignominia
934 1889 942 1917 '
958 1887 1177 1972 transferri
1196 1899 1345 1998 potest.
1364 1887 1484 1994 Quia
1499 1887 1810 1971 circumierunt
1831 1920 1868 1956 ιο

453 2053 519 2109 me
538 2051 664 2111 canes
684 2027 823 2110 multi.
852 2027 936 2109 Pro
956 2026 1147 2126 canibus,
1171 2027 1215 2109 in
1236 2025 1418 2110 hebraeo
1451 2025 1578 2110 habet
1599 2051 1807 2127 commu,

454 2166 571 2276 quod
585 2167 747 2279 Aquila
760 2177 802 2250 et
815 2165 1114 2250 Theodotion‘
1136 2178 1360 2249 venatores
1384 2165 1392 2195 ⁹
1413 2166 1677 2276 interpretati
1694 2177 1807 2250 sunt.

1055 2411 1213 2504 XXII.¹

512 2651 729 2735 Dominus
758 2648 909 2760 pascit
947 2675 1024 2749 rna,
1060 2654 1104 2732 et
1138 2647 1254 2732 nz'lrr'l
1285 2649 1399 2732 milei
1434 2650 1581 2735 deerit.
1623 2652 1689 2735 De
1729 2652 1813 2738 isto

456 2804 626 2902 pastore
654 2799 697 2873 et
728 2788 930 2872 Iezechiel
963 2786 1185 2900 quuitur:
1218 2787 1482 2873 ‘Suscitabo
1511 2803 1739 2901 pastorem,
1771 2806 1813 2876 et
1835 2828 1871 2883 ις

457 2943 601 3042 pascet
622 2955 708 3028 eos,
732 2953 904 3012 servum
927 2951 1070 3009 meum
1096 2924 1238 3008 David
1261 2926 1281 3008 ’.
1310 2927 1359 3008 V
1354 2925 1453 3036 irga
1475 2932 1554 3010 tua
1574 2934 1618 3012 et
1636 2929 1815 3013 baculus

459 3074 563 3151 tuus
583 3068 679 3177 ipsa
699 3093 765 3150 me
784 3065 1003 3151 consolata
1014 3069 1129 3148 sunt.
1156 3071 1164 3104 ‘
1187 3064 1329 3172 Quem
1351 3065 1467 3149 enim
1488 3066 1644 3180 diligit,
1663 3069 1816 3153 Domi-

460 3235 543 3292 nus
564 3206 737 3318 corripit
758 3205 779 3288 '.

1054 3331 1233 3418 XXIII.

460 3607 467 3658 3
517 3559 682 3642 Leonte
691 3563 861 3667 portas,
874 3555 1110 3667 prr'ncptes,
1133 3555 1277 3640 vestri.
1317 3557 1401 3640 Pro
1432 3584 1520 3668 quo
1556 3557 1598 3640 in
1635 3557 1818 3643 hebraeo
1839 3596 1879 3636 ιο

463 3697 654 3808 positum
685 3707 775 3779 est:
799 3701 807 3734 ‘
831 3694 1002 3795 Levate,
1025 3706 1183 3806 portae,
1216 3693 1354 3804 capita
1384 3707 1527 3779 vestra
1548 3695 1569 3778 '.
1603 3697 1819 3780 Dominus

496 3898 711 3968 2audies]EC[3;
744 3900 924 3950 aude'ensAhI.
991 3899 1334 3966 sacie5]saciensA(nedd.
1348 3917 1403 3966 sup.
1417 3901 1475 3962 lin.)
1552 3902 1774 3966 9verbum]vcrdo
1786 3903 1816 3952 C.

466 3995 493 4032 ιι
513 3983 641 4044 caraem]
654 3983 694 4032 Ita
713 3983 799 4042 codd.¹
820 3981 1033 4047 quemadmodum
1052 3983 1144 4047 passim
1162 3983 1288 4034 iuvenitur
1308 3979 1429 4054 σεραφείν
1448 3991 1473 4035 et
1491 3985 1608 4050 seraphin
1628 4001 1675 4052 pro
1695 3979 1818 4055 σεραφίμ.

468 4067 497 4116 16
507 4083 608 4116 servum
620 4067 714 4128 orcum]
726 4067 761 4126 C;
795 4081 882 4115 servus
893 4081 961 4116 mem
974 4064 1070 4134 ΕΑΜβ
1077 4085 1084 4127 ;
1119 4063 1163 4116 καὶ
1172 4068 1295 4132 ποιμανεῖ
1304 4061 1409 4128 αὐτούς,
1419 4064 1465 4118 τὸν
1475 4061 1568 4118 δοῦλόν
1582 4084 1634 4132 μου
1646 4063 1725 4120 dauid
1738 4068 1818 4118 LXX.

466 4163 498 4199 20
509 4149 595 4210 vestri]
609 4150 655 4198 EA
668 4149 745 4200 PsaIt.
761 4149 835 4198 Rom.
850 4155 875 4198 et
886 4146 940 4212 ipse
952 4146 1131 4212 Hieronymus,
1144 4149 1243 4200 Comm.
1255 4149 1288 4200 Is.
1299 4149 1340 4212 63,
1352 4161 1362 4198 1
1376 4149 1402 4199 in
1415 4150 1475 4200 edit.
1489 4149 1653 4210 hIartianaei;
1686 4158 1779 4201 vestras
1793 4150 1821 4198 M

467 4235 492 4292 (2
503 4249 536 4282 m.
550 4241 638 4283 mutat.
652 4232 678 4282 in
691 4233 786 4292 vestm),
801 4228 848 4298 cp.
943 4231 1062 4297 proquo]
1075 4229 1186 4299 13an
1214 4238 1263 4296 pro
1275 4231 1317 4280 hor
1329 4231 1359 4282 C.

510 4393 536 4454 5.
560 4377 663 4435 vermis
677 4371 774 4454 Iacob]
791 4375 828 4432 Is.
850 4393 898 4446 41,
919 4394 960 4446 14.
1115 4408 1117 4414 π
1214 4393 1258 4434 12.
1289 4383 1318 4434 et
1348 4369 1532 4456 Theodorou]
1558 4376 1647 4436 Adde
1672 4388 1702 4438 et
1724 4378 1820 4455 Ipsum

513 4477 558 4518 ιο.
582 4458 781 4536 ignominiae
800 4452 907 4536 potest]
935 4454 1060 4516 Hieron.
1087 4454 1118 4515 in
1172 4454 1390 4534 Hieronymum
1407 4455 1437 4515 in
1453 4459 1543 4517 Psalt.
1561 4456 1641 4520 iuxta
1656 4459 1737 4520 hebr.

470 4541 508 4600 Is.
528 4560 553 4611 e,
575 4560 629 4615 13:
646 4543 653 4570 ‘
670 4541 765 4599 Basan
783 4536 863 4615 regio
884 4548 928 4597 est
952 4535 1115 4597 Arabiae...
1213 4538 1258 4597 16.
1279 4533 1399 4617 David]
1416 4538 1521 4598 Ezech.
1541 4558 1588 4615 34,
1606 4559 1651 4616 ²3·

468 4632 498 4681 et
513 4619 720 4698 interpretatur
741 4620 863 4692 αἰσχύνη,
892 4617 922 4679 id
938 4629 982 4680 est
995 4618 1119 4696 ignomI·
1213 4620 1256 4678 18.
1279 4616 1411 4699 corripit]
1428 4621 1512 4679 Prov.
1531 4640 1557 4697 3,
1577 4641 1620 4681 ια.

470 4701 517 4762 nia
533 4703 547 4761 ⁵.
1211 4720 1257 4762 20.
1280 4702 1410 4776 Proque
1423 4701 1456 4760 r'n
1470 4703 1590 4762 hebraeo
1603 4700 1674 4784 etc]
1692 4705 1817 4766 Hieron.
