4158 5492
474 398 531 504 76
815 467 817 475 .
934 418 1088 480 senen
1118 416 1372 479 urnaomur
1747 411 1829 497 [cun

476 636 620 721 caulas
642 663 757 736 suas,
780 648 822 719 et
843 637 907 720 sol
930 635 1057 718 fuerit
1077 647 1265 733 exortus,
1288 632 1436 716 statim
1460 633 1679 744 egreditur
1699 633 1831 717 homo

476 775 530 859 ad
552 801 662 884 opus
684 801 824 857 suum.
850 775 998 880 Quaen
1019 771 1307 881 magnificala
1342 777 1447 854 sunl
1478 776 1719 882 operatua,
1744 773 1830 856 Do

478 913 592 996 enine
611 943 625 996 .·
655 911 801 996 oenuia
836 913 882 994 in
922 910 1142 1020 sapientia
1168 908 1335 1018 sinisti.
1379 910 1427 994 Si
1461 910 1609 994 omnia
1648 910 1748 994 fecit
1787 910 1830 992 in

479 1051 700 1162 sapientia,
717 1051 791 1133 ubi
806 1062 910 1133 sunt
925 1051 1000 1160 qui
1017 1049 1250 1132 detrahunt
1262 1048 1453 1149 creatori,
1465 1047 1584 1158 quod
1602 1059 1832 1159 serpenteS,

480 1189 670 1288 lacertaS,
693 1189 867 1300 puliceS,
890 1189 1160 1298 cimicesque,
1175 1200 1217 1270 et
1237 1200 1374 1270 cetera
1396 1185 1644 1270 istiusmodi
1667 1186 1836 1280 minuta
1872 1221 1888 1274 s

479 1326 694 1428 animalia,
726 1327 794 1408 vel
827 1326 1045 1436 superflua
1075 1324 1319 1422 feceritve}
1344 1325 1570 1408 nocentia?
1597 1325 1696 1410 Hoc
1715 1303 1837 1408 mare

481 1491 688 1574 inagnum
709 1470 752 1546 el
770 1464 1039 1573 spatiosum:
1058 1463 1121 1546 ibi
1153 1463 1329 1573 reptilia
1357 1490 1539 1573 quorum
1570 1490 1652 1546 reon
1673 1467 1739 1546 est
1757 1490 1836 1546 nu-

480 1628 635 1701 merus,
668 1602 884 1683 animalia
905 1605 1055 1710 paron
1085 1628 1182 1685 cnm
1213 1602 1395 1711 rnugnis.
1420 1601 1595 1686 Grande
1624 1612 1690 1686 est
1720 1627 1837 1684 mare

481 1739 637 1824 saeculi
658 1769 664 1824 :
689 1753 731 1824 et
751 1740 1014 1851 quicumque
1049 1740 1092 1823 in
1123 1768 1174 1823 eo
1205 1753 1319 1840 sunt,
1353 1739 1520 1851 reptilia
1553 1739 1835 1851 appellantur,

483 1893 693 1964 eteorum
726 1905 911 1989 magnus
931 1891 997 1963 est
1020 1904 1236 1961 numerus
1272 1877 1387 1961 Sunt
1418 1903 1590 1989 quoque
1612 1879 1654 1959 in
1676 1906 1727 1962 eo
1747 1879 1839 1962 ani·
1862 1918 1896 1955 ιο

486 2019 615 2103 malia
655 2045 785 2129 parva
824 2044 922 2099 cum
960 2017 1161 2127 magnis:
1199 2043 1287 2127 quo
1323 2015 1482 2098 scilicet
1519 2043 1646 2100 nemo
1673 2016 1727 2100 de
1761 2044 1840 2101 sua

466 2157 789 2270 magnitudine
824 2167 1082 2265 praesumat,
1106 2154 1182 2238 sed
1215 2155 1350 2238 donec
1373 2155 1415 2236 in
1438 2155 1544 2238 mari
1581 2155 1739 2240 saeculi
1761 2170 1838 2257 est,

488 2296 688 2408 quamvis
706 2321 892 2406 magnus
909 2294 976 2396 sit,
996 2308 1138 2377 tamen
1157 2295 1263 2377 sciat
1279 2321 1373 2377 esse
1390 2321 1435 2376 se
1457 2295 1662 2404 reptilem.
1678 2295 1752 2379 lbi
1764 2323 1841 2378 nu-

487 2463 559 2518 ves
568 2434 917 2546 pertransibuut.
947 2434 1027 2516 llla
1048 2434 1279 2544 pertransit
1302 2435 1437 2535 naviS,
1460 2435 1583 2518 cuius
1607 2435 1840 2547 vestigium

489 2575 608 2658 iuxta
629 2573 908 2658 Salomonem
933 2599 1019 2654 non
1042 2584 1183 2683 potest
1205 2573 1399 2656 inveniri.
1428 2574 1486 2656 Et
1506 2574 1691 2657 adtende
1712 2593 1842 2684 quam
1867 2613 1900 2682 ¹⁵.

489 2725 611 2796 caute
633 2712 742 2794 dixit
763 2711 1003 2808 draconem,
1026 2710 1100 2820 qui
1124 2711 1168 2792 in
1190 2711 1402 2821 praesenti
1425 2712 1637 2795 versiculo
1658 2712 1844 2822 scriptus

490 2863 579 2934 est:
601 2853 748 2933 Draco
769 2852 850 2933 isle
876 2875 1002 2959 quem
1009 2849 1230 2957 foenerasti
1247 2851 1312 2930 nd
1327 2851 1607 2933 inludendum
1627 2852 1678 2934 ei.
1706 2851 1846 2934 Draco

492 2991 573 3074 iste
608 3003 830 3101 propterea
866 2990 1003 3072 factus
1028 3000 1105 3088 est,
1143 3001 1190 3071 ut
1227 2989 1347 3070 iuxta
1386 2990 1561 3072 Esaiam
1598 3017 1623 3074 a
1654 2991 1848 3101 parvulis

493 3125 724 3212 inludatur.
748 3127 910 3210 Aliter:
932 3125 1060 3208 draco
1082 3125 1178 3208 ideo
1199 3125 1337 3212 lactus
1358 3139 1435 3227 est,
1454 3139 1502 3210 ut
1524 3127 1692 3211 inludat
1726 3128 1847 3228 mari,

493 3279 535 3352 et
556 3277 705 3379 regnet
726 3267 769 3348 in
792 3264 972 3348 saeculo
1494 3239 1498 3248 ’
1871 3305 1905 3342 20

1102 3410 1253 3494 CIIII.

551 3626 767 3711 Alleluia.
795 3627 948 3738 Usque
970 3627 1098 3710 hodie
1126 3627 1454 3710 consuetudinis
1489 3628 1749 3710 ludaeorum
1771 3638 1850 3726 est,

497 3781 544 3851 ut
567 3763 672 3847 nulli
705 3763 825 3846 alteri
859 3765 1028 3874 psalmo
1058 3765 1246 3848 Alleluia
1278 3767 1319 3848 in
1352 3767 1546 3851 canendo
1581 3767 1851 3866 subnectant,

531 3970 666 4032 rexeritis]
687 3969 778 4028 Enim
811 3975 881 4017 ortus
893 3967 922 4018 C.
1027 3981 1055 4016 12
1062 3967 1220 4031 praesumat]
1233 3969 1264 4018 Α.
1278 3968 1389 4019 Verbum
1410 3968 1435 4018 in
1454 3969 1591 4032 archetypo
1610 3966 1719 4017 defuisse
1737 3965 1853 4016 videtur:

495 4055 566 4103 deest
584 4059 651 4102 certe
671 4052 696 4100 in
716 4051 771 4100 cod.
788 4051 823 4110 Ee
841 4051 927 4100 deerat
947 4049 1022 4100 etiam
1043 4050 1068 4099 in
1084 4051 1120 4108 M,
1132 4051 1176 4100 sed
1196 4051 1310 4100 additum
1328 4061 1365 4101 est
1383 4051 1414 4100 ad
1436 4067 1531 4115 merg.;
1544 4053 1564 4101 C
1576 4049 1702 4115 supplevit
1717 4049 1855 4112 gimeleer.

498 4148 526 4198 13
539 4133 662 4199 reptilem]
674 4133 709 4192 E3
720 4134 805 4197 reptile
815 4131 911 4196 reliqui.
999 4132 1028 4181 16
1037 4133 1215 4196 inpraesenti]
1227 4133 1248 4181 E
1263 4145 1272 4181 ι
1287 4149 1319 4182 m.
1331 4141 1356 4182 et
1370 4133 1406 4191 C;
1441 4133 1593 4196 insequenti
1604 4132 1626 4182 Ε
1638 4144 1694 4182 zm.
1706 4139 1731 4182 et
1741 4130 1807 4182 ΑΜ.
1815 4129 1855 4180 Re

497 4233 554 4267 vera
566 4217 635 4266 iuxta
648 4215 720 4265 Lxx
731 4215 793 4264 haec
806 4215 882 4264 verba
893 4209 998 4282 δράκων
1010 4209 1087 4271 οὗτος
1100 4231 1126 4264 κ.
1136 4230 1160 4264 τ.
1171 4213 1196 4264 λ.
1207 4231 1263 4265 cum
1276 4215 1484 4280 praecedentibus
1496 4211 1549 4266 ἐκεῖ
1558 4213 1640 4266 πλοῖα
1652 4209 1855 4283 διαπορεύονται

496 4315 572 4350 unum
585 4299 732 4349 versiculum
745 4296 863 4347 efficiunt.

540 4461 565 4516 7.
588 4437 756 4521 petrosum]
774 4440 948 4516 Hieronym.
971 4437 1056 4514 epist.
1083 4443 1148 4512 106,
1201 4441 1256 4502 sub
1271 4441 1396 4503 asterico
1410 4442 1545 4502 additum
1561 4454 1606 4503 est
1620 4443 1636 4502 '.

499 4544 526 4582 n.
544 4529 600 4600 65:
617 4529 624 4555 ‘
642 4522 747 4582 Dicitis
763 4521 792 4581 in
814 4540 921 4597 graeco
941 4522 1075 4580 inanibus
1088 4541 1148 4582 non
1246 4541 1290 4600 15.
1313 4525 1398 4582 iuxta
1414 4519 1607 4604 Salomonem]
1619 4523 1685 4600 Sap.
1703 4537 1729 4598 5,
1746 4539 1790 4580 ιο.
1804 4519 1852 4582 cf.

499 4605 611 4665 haberi.
627 4606 666 4664 Et
680 4625 737 4682 ego
752 4603 839 4664 novi:
854 4604 907 4664 sed
922 4621 958 4662 ex
969 4600 1109 4662 hebraico
1120 4615 1149 4664 et
1201 4624 1297 4682 supra,
1314 4625 1340 4679 p.
1358 4607 1406 4678 62,
1422 4607 1439 4664 l.
1459 4625 1484 4665 2.

498 4685 718 4748 Theodotionis
746 4683 878 4748 editione
902 4682 932 4744 in
956 4684 1149 4764 Septuaginta
1245 4689 1280 4746 18
1312 4689 1398 4748 r'nxta
1413 4683 1551 4772 Esaiam]
1571 4706 1615 4760 rr,
1632 4685 1705 4750 (181
