4154 5494
454 399 536 504 236
831 427 859 484 s
885 424 1137 486 ursaonrm
1162 423 1430 484 praessuram

452 641 619 706 Dominus
633 648 650 706 ‘.
666 640 847 724 Quomodo
865 641 954 705 enim
971 659 1090 722 corpus
1108 638 1169 702 nisi
1193 639 1359 721 acceperit
1373 639 1466 705 cibos
1481 660 1568 718 suos,
1585 641 1742 704 moritur:
1759 641 1805 704 sic

452 755 485 811 et
501 746 613 810 anima
629 745 691 809 nisi
707 744 873 828 acceperit
890 745 982 808 cibos
1009 741 1184 826 spiritales,
1202 742 1349 806 moritur.
1369 743 1445 808 Hoc
1461 752 1570 808 totum
1587 735 1689 827 quaie
1704 743 1806 806 dico?

453 850 541 933 Quia
557 849 665 914 solent
681 849 782 932 aliqui
807 850 939 913 dicere:
957 847 1033 912 Non
1062 845 1170 910 habeo
1187 844 1406 910 necessariam
1433 847 1629 931 scripturam
1647 857 1807 921 sanctam,

451 953 573 1019 sufficit
599 953 680 1018 mihi
705 963 836 1019 tantum
868 953 985 1017 timere
1014 953 1134 1015 Deum.
1163 950 1207 1014 Et
1232 950 1295 1014 hoc
1326 960 1503 1034 propterea
1527 951 1696 1014 diximus:
1722 971 1803 1034 quo-

453 1058 554 1123 modo
580 1059 645 1123 cibi
671 1067 749 1122 sunt
775 1059 933 1141 corporis,
964 1057 1010 1122 sic
1041 1055 1106 1119 cibi
1137 1065 1215 1120 sunt
1245 1065 1279 1118 et
1304 1054 1437 1120 animae
1462 1065 1595 1120 nostrae
1625 1055 1807 1139 scripturae
1849 1079 1864 1132 ς

453 1172 596 1228 sanctae.

502 1269 592 1334 Uxor
605 1279 663 1332 tua
677 1269 760 1332 sicut
775 1269 854 1332 vitis
880 1267 1051 1332 abundans
1067 1267 1101 1329 in
1117 1266 1273 1330 lateribus
1298 1264 1412 1327 doricus
1428 1273 1508 1326 tuae.
1537 1264 1628 1327 Dicit
1645 1263 1805 1328 Salomon

453 1375 530 1457 quia
557 1371 698 1437 voluerit
725 1372 923 1456 sapientiam
952 1371 1072 1435 ducere
1090 1370 1151 1433 sibi
1180 1389 1348 1452 sponsam.
1366 1369 1456 1434 Dicit
1483 1369 1566 1432 etin
1593 1368 1660 1434 alio
1676 1369 1808 1433 locode

453 1475 634 1560 sapientia:
651 1480 658 1508 ‘
674 1475 766 1541 Ama
780 1475 881 1554 illam,
897 1491 930 1540 et
956 1473 1208 1557 amplexabitur
1224 1485 1256 1538 te
1271 1497 1279 1537 :
1294 1474 1464 1538 circumda
1490 1473 1591 1551 illam,
1606 1485 1638 1536 et
1663 1473 1808 1537 servabit

455 1592 486 1645 te
502 1579 518 1645 '.
536 1580 708 1644 Ducamus
724 1601 804 1664 ergo
819 1591 853 1644 et
869 1601 930 1644 nos
946 1580 1031 1643 hanc
1055 1597 1195 1642 uxorem
1213 1598 1220 1657 ;
1236 1578 1419 1642 habeamus
1436 1577 1527 1642 illam
1546 1578 1578 1640 in
1595 1577 1809 1659 amplexibus
1831 1605 1867 1642 ιο

455 1683 584 1760 nostris,
600 1701 782 1766 numquam
799 1703 873 1748 eam
899 1683 1108 1748 dimittamus
1124 1682 1166 1745 de
1190 1681 1263 1744 sinu
1293 1692 1415 1761 nostro,
1432 1701 1614 1764 numquam
1643 1681 1749 1764 fugiat
1765 1683 1809 1744 de

455 1788 609 1852 manibus
625 1788 753 1852 nostris.
771 1788 806 1854 Si
824 1807 954 1870 semper
971 1786 1067 1851 luerit
1097 1787 1128 1848 in
1146 1783 1306 1868 amplexu
1324 1795 1438 1850 nostro
1455 1786 1519 1849 ista
1535 1805 1631 1862 uxor,
1647 1785 1808 1849 faciemus

454 1913 499 1957 ex
515 1912 555 1956 ea
570 1889 675 1956 filios:
691 1912 756 1956 non
782 1891 875 1970 filias,
899 1893 956 1955 sed
975 1889 1068 1955 filios.
1097 1889 1251 1972 Denique
1268 1890 1370 1954 ethic
1395 1889 1535 1954 dicitur:
1551 1889 1637 1952 Filii
1662 1889 1713 1952 tui
1725 1889 1810 1952 sicat

455 1993 579 2059 novella
594 1994 756 2058 olivarum
780 1995 974 2059 incircuitu
1003 2015 1130 2058 mensae
1145 2003 1227 2057 tuae.
1253 1992 1425 2077 Numquid
1449 2013 1516 2057 non
1543 2003 1675 2076 poterat
1691 1994 1809 2073 dicere,

456 2099 543 2162 filiae
559 2103 662 2162 tuae?
689 2107 747 2162 aut
774 2118 840 2162 non
867 2109 999 2182 poterat
1023 2099 1132 2163 dicere
1148 2097 1185 2160 τὰ
1201 2094 1291 2160 τέκνα
1307 2117 1374 2175 σου,
1393 2107 1429 2160 ut
1454 2097 1583 2180 possint
1611 2096 1758 2180 intellegi
1774 2109 1808 2162 et
1835 2129 1867 2179 ¹5

455 2203 564 2268 viriet
589 2201 756 2266 feminae?
785 2203 852 2269 Sed
869 2204 945 2268 vide
970 2205 1049 2286 quid
1066 2204 1166 2283 dicat,
1193 2202 1250 2268 filii
1274 2206 1330 2269 tui.
1348 2203 1414 2288 Qui
1442 2202 1640 2284 sapientiam
1667 2222 1806 2266 uxorem

455 2306 566 2384 habet,
584 2327 652 2372 non
669 2305 748 2371 lacit
763 2307 806 2370 de
822 2328 861 2371 ea
878 2305 971 2384 filias,
987 2309 1045 2370 sed
1063 2305 1155 2371 filios.
1174 2307 1266 2371 Nihil
1284 2307 1393 2384 molle,
1420 2305 1499 2369 nihil
1517 2305 1710 2386 delicatum,
1726 2307 1807 2370 nihil

456 2422 618 2488 tenerum,
634 2411 715 2474 nihil
744 2409 973 2476 effeminatum
1000 2410 1102 2476 habet
1117 2411 1149 2474 in
1179 2422 1291 2476 mente
1307 2432 1374 2476 sua
1393 2411 1495 2474 Putas
1513 2411 1603 2493 quod
1621 2411 1727 2474 sancti
1744 2410 1809 2475 alia

455 2535 557 2580 eausa
572 2513 761 2578 scribuntur
788 2535 853 2579 non
872 2514 1027 2579 habuisse
1053 2513 1145 2594 filias,
1162 2515 1219 2579 sed
1248 2513 1357 2580 filios?
1373 2517 1541 2600 Legamus
1567 2513 1747 2580 Genesim:
1762 2516 1808 2580 ibi

457 2621 546 2686 enim
578 2620 831 2702 generationum
858 2622 941 2686 ordo
965 2632 1121 2687 servatur.
1148 2622 1291 2688 Sanctus
1320 2623 1493 2688 Abraham
1525 2622 1641 2686 habuit
1667 2642 1806 2688 uxorem
1831 2655 1870 2692 20

458 2726 604 2803 Sarram,
619 2723 736 2790 habuit
752 2724 847 2808 Agar
862 2726 1093 2805 concubinam,
1109 2727 1225 2791 habuit
1252 2739 1371 2811 postea
1388 2727 1593 2794 Chetturam.
1610 2728 1663 2790 De
1679 2727 1808 2791 duabus

457 2830 617 2896 uxoribus
634 2827 717 2893 filios
734 2839 833 2908 creat,
849 2828 933 2896 filias
950 2851 1016 2895 non
1045 2832 1132 2896 iacit.
1148 2831 1333 2897 Veniamus
1360 2833 1402 2897 ad
1423 2833 1524 2897 lsaac.
1542 2831 1588 2895 Et
1615 2833 1709 2896 Isaac
1725 2834 1809 2896 duos

457 2934 541 2999 lilios
558 2932 645 3010 lacit,
661 2931 744 2997 filias
760 2953 827 2996 non
843 2933 954 2998 habet.
971 2934 1115 3000 Sanctus
1131 2936 1219 3000 enirn
1237 2945 1317 3013 erat,
1326 2945 1360 3002 et
1372 2935 1452 2999 nihil
1464 2933 1609 2999 habebat
1619 2935 1651 2997 in
1664 2955 1699 2998 se
1710 2934 1809 2999 molle

457 3050 490 3105 et
506 3049 654 3102 tenerum
682 3048 716 3103 et
740 3036 980 3116 effeminatum,
1006 3040 1065 3103 sed
1092 3047 1200 3104 totum
1218 3039 1310 3103 virile
1335 3049 1368 3103 et
1384 3039 1537 3121 rigidum.
1563 3038 1689 3102 Beatus
1708 3038 1809 3102 lacob

456 3142 633 3207 duodecim
651 3142 853 3223 patriarchas
869 3144 970 3208 habet
987 3142 1072 3206 lilios
1088 3165 1095 3222 ;
1112 3152 1145 3207 et
1161 3162 1261 3207 unam
1285 3143 1387 3208 habet
1404 3140 1505 3206 filiam
1523 3142 1658 3206 nornine
1676 3143 1810 3218 Dinam,
1832 3176 1868 3228 ²5

457 3248 545 3331 quod
572 3247 808 3328 interpretatur
832 3267 941 3326 causa,
957 3247 1109 3330 iurgium,
1137 3246 1219 3313 rixa.
1247 3245 1401 3331 Denique
1425 3266 1526 3310 unam
1555 3246 1672 3311 habuit
1700 3243 1811 3322 filiam,

456 3362 491 3417 et
505 3349 682 3414 duodecim
701 3347 785 3413 filios
801 3372 809 3429 ;
825 3360 858 3415 et
875 3359 1010 3433 propter
1023 3371 1123 3416 unam
1141 3349 1242 3415 filiam
1260 3361 1354 3416 tanta
1366 3351 1398 3415 in
1414 3350 1547 3416 Sichem
1565 3349 1653 3414 bella
1670 3369 1810 3414 nascun-

490 3533 945 3605 3necessariamlmcessariop30m.
960 3539 1028 3588 GIP.
1099 3533 1217 3602 sellom.
1233 3539 1285 3589 SG.
1364 3533 1517 3604 Squianui
1528 3537 1645 3602 P;quad
1654 3537 1683 3587 C.
1752 3537 1812 3599 sibi]

456 3626 508 3674 sive
520 3625 543 3673 G
553 3639 560 3682 ;
572 3622 663 3670 scilicet
676 3639 703 3686 μ.
781 3633 807 3670 ιι
820 3618 913 3681 noslra]
925 3624 969 3674 CP
980 3631 1059 3689 repet.
1070 3639 1210 3688 anteaquam
1221 3639 1276 3672 eant
1286 3623 1451 3673 dimittamus.
1538 3632 1566 3685 15
1572 3615 1760 3685 passintlpassit
1771 3619 1792 3668 B
1804 3637 1812 3678 ;

451 3712 551 3773 possent
562 3705 591 3756 C.
696 3714 723 3766 17
736 3699 879 3762 delicatum]
896 3705 1032 3769 delegatum
1045 3705 1096 3756 SG.
1216 3703 1544 3768 19causalcaussaCcorr.
1656 3703 1813 3764 scribuntur]

456 3789 600 3840 scribantur
611 3787 640 3839 C.
713 3782 835 3845 Gemsim]
849 3787 938 3837 Genesi
950 3789 970 3836 B
982 3806 988 3848 ;
1001 3789 1029 3837 in
1045 3787 1133 3838 Genesi
1144 3787 1173 3839 C.
1258 3801 1287 3837 ει
1304 3783 1461 3846 circituram]
1474 3785 1561 3851 scripsi
1573 3785 1620 3850 (gr.
1635 3779 1792 3850 llerrodpar)
1805 3803 1812 3844 ;

460 3872 595 3922 Chelarum
606 3869 729 3933 pBGlP;
744 3869 889 3919 Crithumm
898 3871 915 3920 S
925 3886 933 3929 ;
948 3872 1083 3920 Caeterum
1095 3870 1126 3920 C.
1227 3865 1336 3928 eadum]
1346 3887 1397 3921 om.
1412 3871 1444 3921 G.
1563 3881 1594 3933 23
1596 3863 1673 3934 sarit]
1685 3867 1774 3916 habui!
1782 3869 1810 3920 S.

458 3955 592 4018 inse11'pse
606 3955 699 4002 Pcorr.
768 3953 1118 4014 24virilelvirilaleCcorr.
1187 3949 1302 4018 eoquod]
1313 3970 1376 4018 quae
1387 3954 1416 4004 C.
1496 3948 1769 4016 iargiamJiurgiomam
1780 3968 1810 4014 μ,

460 4039 479 4086 Ρ
492 4051 548 4086 corr
558 4053 565 4094 ;
575 4035 657 4097 iurgii
665 4033 720 4083 AC.
855 4029 925 4092 rixa]
934 4035 1020 4084 rixam
1031 4034 1075 4099 μῦ
1085 4051 1093 4095 3
1105 4035 1146 4084 vel
1155 4034 1215 4084 rixa
1226 4037 1256 4085 Α.
1373 4046 1403 4098 27
1416 4029 1524 4092 Sichem]
1533 4034 1632 4084 Sechim
1640 4034 1660 4084 B
1669 4051 1677 4094 ς
1686 4033 1764 4082 Sirim
1776 4033 1810 4082 G.

504 4225 527 4264 r.
552 4195 711 4280 Domr'nus]
727 4201 773 4260 Ps.
791 4220 807 4276 3
812 4220 838 4276 3,
855 4220 880 4278 9.
1162 4198 1238 4260 filiae
1260 4212 1342 4276 pater
1364 4211 1416 4275 est,
1439 4213 1469 4262 et
1490 4201 1530 4262 ob
1552 4200 1646 4278 ipsam
1668 4197 1813 4278 periclita-

501 4290 527 4346 8.
549 4279 696 4364 sponsam]
711 4283 777 4359 Sap.
795 4283 822 4355 8,
841 4303 865 4341 a.
1161 4294 1208 4342 tur
1222 4283 1237 4341 '.
1255 4281 1300 4343 Cf.
1317 4295 1478 4344 comment
1496 4282 1524 4343 in
1541 4284 1580 4342 Is.
1598 4285 1645 4355 66,
1663 4301 1688 4357 7.

501 4388 527 4443 9.
550 4365 677 4425 servabit
688 4359 726 4443 te]
742 4365 788 4425 Cl.
804 4365 890 4424 Prov.
908 4385 935 4437 4,
952 4368 978 4424 6.
996 4367 1023 4424 8.
1204 4367 1248 4422 26.
1273 4361 1356 4445 rixa]
1380 4365 1504 4425 Hieron.
1529 4364 1623 4425 Hebr.
1646 4373 1757 4440 quaest.
1781 4364 1813 4422 in

505 4469 547 4526 13.
564 4447 614 4506 sed
616 4442 711 4526 filios]
728 4444 852 4506 Hieron.
869 4445 898 4505 ln
916 4447 1029 4507 Eccles.
1048 4465 1075 4518 a,
1091 4449 1109 4504 8
1162 4447 1239 4506 Gen.
1251 4465 1298 4522 30,
1311 4466 1345 4504 21
1360 4453 1403 4506 ‘et
1414 4448 1525 4506 vocam
1535 4447 1705 4505 norneneius
1715 4445 1812 4505 Dina.

461 4531 578 4608 (Migne
596 4548 641 4605 23,
662 4527 750 4604 1080)
766 4552 771 4587 :
795 4529 916 4588 ‘nullus
937 4539 1108 4589 sanctorum
1162 4527 1250 4586 Haec
1265 4529 1438 4589 transfertur
1449 4528 1479 4589 in
1490 4547 1615 4602 causam,
1627 4525 1816 4604 quamsigni·

460 4613 515 4675 nisi
524 4629 643 4692 perraro
653 4609 778 4670 feminas
789 4607 926 4687 genuisse
938 4621 1106 4670 narratur...
1161 4606 1298 4669 licantius
1327 4609 1434 4672 Graeci
1463 4611 1536 4680 δίκην
1571 4621 1688 4670 vocant.
1723 4607 1816 4685 lorgii

460 4695 554 4758 iacob
568 4693 643 4756 inter
652 4690 814 4754 duodecim
830 4690 1008 4771 patriarchas
1020 4690 1108 4753 unius
1161 4689 1240 4752 enirn
1256 4688 1286 4751 in
1302 4690 1419 4753 Sicimis
1434 4709 1523 4753 causa
1539 4689 1648 4754 exstitit
1663 4693 1677 4752 '.
