4092 5502
603 451 858 514 nnncnnnus
882 449 927 509 m
952 447 1083 510 nunc.
1107 447 1132 520 1,
1159 465 1252 523 13=31.
1525 447 1602 527 331

294 661 443 728 Ecdicio
466 661 513 726 eis
528 661 629 746 Jesres
642 687 653 728 .·
677 662 789 728 Venite
801 674 877 748 post
891 686 949 742 me,
966 674 998 729 et
1010 663 1142 746 sociam
1169 683 1224 727 vos
1232 661 1408 745 piscatores
1430 657 1608 723 hominum.

252 766 350 832 Felix
367 767 560 849 piscationis
586 768 748 834 mulatio:
764 771 911 853 piscatur
925 789 983 834 eos
1009 771 1111 847 lesus,
1129 777 1164 833 ut
1180 767 1244 852 ipsi
1268 766 1437 849 piscentur
1452 763 1537 828 alios
1558 763 1608 847 pi·

251 883 406 938 scatores.
421 874 489 955 lpsi
506 874 651 957 primum
669 872 775 955 pisces
790 871 986 950 efficiuntur,
996 881 1032 936 ut
1049 872 1218 954 piscentur
1232 889 1253 933 a
1270 867 1402 950 Xpisto,
1412 876 1531 950 postea
1544 864 1607 948 ipsi

251 974 336 1042 alios
351 975 521 1059 piscaturi.
538 977 584 1041 Et
608 977 689 1041 dicit
708 977 800 1040 lesus
815 1001 822 1040 :
839 976 962 1040 Venite
989 984 1065 1058 post
1082 994 1144 1052 me,
1159 983 1193 1037 et
1209 970 1329 1036 faciam
1346 991 1406 1034 vos
1422 969 1604 1052 piscatores

222 1099 235 1152 5
253 1078 437 1145 hominum.
453 1079 501 1143 Et
508 1080 661 1166 protinus
679 1079 799 1143 relictis
826 1079 947 1144 retibus
961 1078 1062 1144 secuti
1079 1088 1159 1143 sient
1172 1097 1253 1140 eum.
1271 1075 1316 1141 Et
1332 1073 1493 1158 protinus.
1517 1073 1607 1138 Vera

253 1181 336 1248 fides
352 1203 419 1247 non
436 1183 538 1248 habet
555 1184 765 1249 intervallum
781 1185 914 1250 :statim
936 1186 1040 1262 audit,
1056 1184 1169 1248 statim
1186 1183 1300 1258 credit,
1316 1183 1430 1246 statim
1447 1179 1606 1262 sequitur,

253 1287 368 1353 statim
395 1288 542 1371 piscator
565 1287 713 1355 efficitur.
730 1290 774 1355 Et
793 1291 946 1373 protinus
972 1289 1094 1354 relictis
1121 1289 1254 1352 retibus.
1272 1287 1347 1369 Ego
1363 1294 1447 1368 puto
1463 1283 1553 1367 quod
1570 1283 1603 1346 in

253 1391 377 1456 retibus
389 1392 470 1457 vitia
485 1394 608 1457 saeculi
624 1393 825 1476 reliquerint.
837 1393 881 1457 Et
892 1395 996 1458 secuti
1012 1405 1090 1458 sunt
1100 1412 1185 1458 cum.
1201 1391 1320 1474 Neque
1331 1389 1421 1454 enirn
1432 1387 1501 1452 lieri
1512 1397 1606 1470 pote·

252 1505 312 1573 rat,
328 1506 365 1560 ut
379 1506 557 1580 sequentes
576 1498 688 1563 Iesum
705 1497 881 1563 habuerint
900 1499 990 1562 retia.

206 1621 234 1660 ιο
293 1599 537 1682 Etprogressus
552 1601 627 1665 inde
648 1599 920 1684 pusillumque
941 1601 1091 1665 Iacobum
1114 1599 1276 1664 Zebedaei
1288 1608 1320 1662 et
1335 1597 1512 1662 Iohannem
1525 1595 1605 1676 sra-

250 1712 331 1768 trem
358 1703 436 1782 eius,
453 1714 485 1768 et
509 1705 593 1786 iosos
618 1705 654 1770 in
680 1705 762 1770 navi
782 1715 985 1788 conponentes
1009 1705 1100 1770 retro.
1119 1705 1186 1769 Ubi
1210 1704 1339 1779 dicitur,
1366 1707 1605 1784 conponentes,

250 1807 438 1874 ostenditur
459 1809 550 1891 qnod
567 1810 669 1874 scissa
695 1810 833 1876 lucrant.
852 1809 1035 1875 Mittebant
1061 1810 1151 1876 enim
1168 1809 1250 1874 retia
1266 1811 1299 1871 in
1317 1827 1429 1872 mare:
1446 1806 1505 1870 sed
1520 1825 1602 1889 quo·

250 1909 340 1976 niam
357 1911 459 1975 scissa
473 1922 569 1977 erant
584 1915 676 1991 retia,
692 1915 799 1996 pisces
815 1915 976 1995 prendere
993 1934 1058 1978 non
1077 1922 1240 1997 poterant.
1258 1913 1504 1996 Conponebant
1520 1909 1603 1974 retia

250 2013 282 2078 in
311 2015 394 2078 mari
409 2039 417 2080 ε
433 2015 596 2081 sedebant
621 2017 654 2080 in
679 2019 771 2096 mari,
797 2019 959 2083 sedebant
984 2018 1017 2082 in
1046 2019 1207 2093 navicula,
1235 2020 1398 2084 sedebant
1414 2038 1490 2083 curn
1508 2026 1603 2100 patre

202 2141 230 2194 ις
249 2119 435 2198 Zebedaeo‚
456 2129 490 2184 et
507 2121 589 2203 legis
617 2122 699 2186 retia
722 2123 970 2205 conponebant.
989 2124 1065 2186 Hoc
1095 2123 1225 2187 interim
1251 2123 1401 2188 diximus
1416 2123 1601 2186 secundum

248 2220 510 2304 intellegentiam
536 2225 728 2308 spiritalem.
747 2225 793 2290 Et
819 2225 910 2309 ipsos
935 2227 968 2290 in
987 2227 1062 2291 navi
1088 2239 1318 2312 conponentes
1342 2231 1423 2293 retia
1439 2253 1445 2293 :
1462 2239 1496 2293 et
1512 2227 1602 2310 ipsos

247 2327 304 2408 qui
321 2327 355 2391 in
371 2328 448 2391 navi
463 2339 567 2394 erant.
586 2331 624 2393 ln
643 2330 718 2394 navi
735 2341 839 2408 erant,
855 2351 921 2395 non
938 2331 971 2394 in
989 2330 1094 2410 litore,
1110 2351 1176 2397 nnn
1194 2333 1226 2398 in
1244 2333 1388 2398 statione
1404 2333 1510 2398 solida
1525 2332 1601 2396 :sed

244 2429 281 2494 in
299 2431 375 2496 navi
391 2431 467 2496 hinc
484 2433 561 2505 inde
585 2433 739 2499 fluctibus
755 2434 1016 2502 conlidebantur.

291 2535 340 2600 Et
351 2535 464 2600 statim
479 2537 607 2602 vocavit
622 2537 693 2601 illos
705 2561 717 2602 .·
741 2547 773 2601 et
786 2538 893 2602 rele‘cto
912 2549 1008 2621 patre
1019 2561 1077 2604 suo
1099 2540 1134 2603 Z
1133 2540 1263 2605 ebedoeo
1277 2540 1313 2604 in
1329 2539 1496 2604 novicum
1521 2559 1603 2602 neer-

197 2665 229 2702 20
245 2639 394 2719 cenoriis,
408 2641 509 2705 secuti
520 2652 601 2705 sneot
612 2663 692 2706 eurio.
711 2642 811 2706 Dicat
835 2643 975 2728 aliquis:
992 2643 1183 2708 Temeraria
1199 2643 1281 2709 fides
1297 2654 1355 2710 est.
1374 2645 1509 2708 Etenim
1520 2643 1600 2727 quid

245 2744 333 2826 signi
350 2745 509 2823 viderant,
524 2746 605 2829 quid
619 2745 1022 2828 maiestatisaspexerant,
1039 2757 1075 2811 ut
1091 2759 1287 2813 vocarentur
1302 2759 1336 2813 et
1352 2748 1467 2813 statim
1483 2765 1608 2830 seque·¹

246 2857 360 2913 rentur
374 2851 475 2912 enm?
492 2847 581 2914 Sane
597 2849 650 2913 hic
677 2849 864 2914 ostenditur
891 2851 996 2928 nobis,
1011 2852 1102 2934 quod
1119 2854 1206 2917 oculi
1234 2872 1368 2935 quoque
1391 2852 1494 2934 ipsius
1523 2851 1599 2915 Iesu

245 2962 279 3018 et
294 2951 406 3018 vultus
421 2953 571 3018 divinum
588 2953 749 3036 quiddam
766 2954 947 3036 spirabant,
962 2955 1054 3019 etad
1071 2975 1107 3018 se
1122 2957 1354 3020 contuentium
1370 2954 1485 3019 oculos
1503 2953 1599 3018 facile

245 3059 492 3122 convertebant.
523 3056 661 3140 Alioqui
697 3077 880 3144 numquam
909 3059 1040 3124 dicente
1076 3060 1160 3139 lesu,
1186 3059 1372 3142 Sequimini
1404 3079 1466 3138 me,
1496 3059 1600 3123 secuti

195 3186 226 3240 25
246 3161 385 3227 fuissent
400 3182 486 3226 eum.
505 3162 581 3226 Hoc
596 3162 696 3238 enim,
711 3161 738 3224 si
755 3162 859 3225 secuti
882 3161 1022 3227 luissent
1039 3183 1115 3229 enm
1132 3165 1203 3228 sine
1219 3185 1328 3244 eausa,
1344 3185 1410 3229 non
1429 3173 1498 3228 tam
1516 3163 1599 3228 fides

244 3275 316 3329 erat
331 3285 431 3347 quam
448 3267 627 3330 temeritas.
644 3264 743 3329 Nunc
759 3265 786 3327 si
813 3266 943 3331 sedenti
960 3267 1040 3330 mihi
1058 3269 1165 3349 quivis
1182 3268 1384 3350 praeteriens
1400 3269 1500 3344 dicat,
1511 3266 1599 3330 Veni

243 3388 382 3452 sequere
398 3388 463 3446 mc,
480 3380 513 3433 et
528 3388 656 3452 sequar,
673 3370 834 3452 numquid
863 3369 945 3434 fides
961 3373 1037 3436 est?
1056 3371 1132 3435 Hoc
1148 3381 1257 3436 totum
1282 3391 1383 3455 quare
1398 3371 1475 3434 dico
1486 3375 1499 3434 i
1511 3369 1600 3453 Quia

244 3493 356 3537 sermo
370 3473 441 3556 ipse
458 3473 596 3536 Domini
616 3474 822 3557 operatorius
838 3486 928 3539 erat:
945 3486 978 3539 et
999 3476 1235 3562 quodcumque
1250 3476 1392 3554 dicebat,
1408 3494 1509 3558 opere
1532 3473 1599 3537 effi-

244 3580 361 3646 ciebat.
378 3579 414 3646 Sl
440 3581 529 3644 enim
545 3581 634 3662 ‘ipse
649 3579 737 3642 dixit
754 3588 787 3643 et
803 3577 890 3643 lacta
906 3589 992 3654 sunt.
1009 3581 1079 3662 ipse
1096 3580 1267 3645 mandavit
1283 3589 1317 3645 et
1343 3587 1454 3644 creata
1477 3577 1575 3643 sunt’
1594 3601 1601 3642 :

195 3709 227 3760 30
244 3693 333 3749 certe
349 3683 437 3748 idern
454 3685 591 3767 ipseque
608 3684 747 3761 vocnnit¹
764 3685 839 3748 ideo
855 3684 958 3747 secuti
975 3693 1062 3750 sunt.

288 3789 335 3853 Et
348 3789 463 3852 statim
487 3789 615 3852 vocavit
629 3789 708 3866 illos,
734 3797 767 3851 et
779 3788 892 3852 statim
916 3788 1023 3852 reliclo
1033 3799 1130 3870 patre
1155 3810 1213 3852 suo
1233 3787 1396 3852 Zebcdoeo
1422 3797 1456 3853 et
1482 3795 1601 3852 cetera.

243 3899 250 3926 ¹
270 3894 359 3958 Audi
377 3892 443 3957 filia
459 3902 492 3957 et
509 3893 593 3969 vide,
610 3903 642 3956 et
659 3892 780 3956 inclina
797 3913 909 3956 aurem
938 3902 1040 3971 tuam,
1056 3903 1090 3957 et
1106 3894 1300 3958 obliviscere
1316 3893 1477 3975 populum
1503 3898 1597 3955 tuum

243 4007 277 4063 et
293 3999 430 4062 domum
447 3998 550 4081 patris
567 3997 634 4061 tui:
650 4006 683 4059 et
695 3997 907 4081 concupiscet
923 4017 982 4061 rex
999 3999 1154 4062 decorem
1171 4008 1265 4062 tuum
1280 3999 1295 4059 '.
1315 3997 1360 4060 Et
1376 3995 1492 4060 relicto
1504 4003 1598 4079 patre

244 4087 305 4166 suo
330 4101 505 4167 Zebedaeo
531 4101 564 4164 in
582 4102 668 4166 navi.
693 4102 783 4165 Audi
808 4101 979 4175 monache,
1006 4102 1136 4165 imitare
1160 4101 1350 4184 apostolos:
1377 4099 1455 4163 audi
1482 4119 1596 4162 vocem

194 4218 225 4270 35
244 4205 436 4282 Salvatoris,
450 4214 484 4269 et
500 4205 617 4287 ignora
633 4204 799 4268 carnalem
816 4215 954 4286 patrem.
971 4205 1061 4270 Vide
1079 4226 1192 4270 verum
1210 4213 1339 4286 patrem
1357 4211 1390 4266 et
1414 4201 1547 4266 animae
1563 4213 1597 4266 et

244 4309 389 4393 spiritus,
414 4316 448 4372 et
478 4308 627 4391 relinque
661 4317 788 4391 patrem
820 4327 1025 4391 corporeum.
1053 4308 1259 4392 Relinquunt
1285 4317 1413 4391 patrem
1445 4307 1600 4390 apostoli,

287 4564 330 4616 24.
343 4538 551 4622 convertebant]
563 4539 691 4603 Cl.inlra
700 4541 839 4601 adMarc.
852 4561 895 4615 11,
950 4563 976 4618 9,
992 4563 1019 4619 9.

249 4643 282 4704 15
298 4645 364 4703 sqq.
390 4625 460 4702 Ipse
475 4625 616 4684 Erasmus
641 4621 671 4681 in
694 4641 783 4700 marg.
809 4625 897 4684 lecto·
991 4645 1037 4700 ²9·
1055 4633 1150 4683 creola
1164 4622 1247 4705 sunt]
1263 4627 1309 4684 Ps.
1330 4627 1394 4698 148,
1412 4643 1437 4702 5.

244 4727 307 4769 rem
322 4704 493 4770 remittitad
503 4704 724 4782 Hieronymum
740 4705 770 4764 in
786 4705 894 4764 Matth.
989 4724 1036 4782 33.
1052 4701 1148 4785 iuuere]
1165 4708 1211 4766 Ps.
1229 4727 1276 4780 44,
1297 4725 1329 4764 11
1353 4725 1397 4782 sq.
