4154 5494
678 439 934 500 TRACTATUS
958 439 1016 498 DE
1038 439 1206 501 PSALMO
1228 441 1346 502 CVIII.
1604 443 1679 526 195

320 662 458 728 iterum:
473 665 480 692 ‘
496 658 606 724 Nemo
622 656 710 722 tollit
725 677 800 722 eam
817 678 837 722 a
854 657 935 722 me'
955 657 998 721 Et
1014 660 1185 740 quomodo
1202 659 1459 724 misericordiam
1477 660 1584 742 petit?
1603 663 1679 743 lpse

325 762 582 830 misericordiam
600 761 692 845 petit,
702 770 736 825 et
752 763 823 844 ipse
839 760 951 826 tribuit
961 783 968 840 ;
980 763 1050 843 ipse
1063 773 1099 826 ut
1116 762 1218 827 homo
1234 775 1338 844 rogat,
1351 772 1384 827 et
1400 774 1436 828 ut
1449 765 1541 829 Deus
1555 765 1680 830 tribuit.

368 869 415 932 lit
426 867 532 932 sciant
545 867 624 950 quia
639 887 758 931 marens
773 876 830 929 tun
850 863 934 942 haec,
948 875 980 928 et
995 876 1029 928 tn
1045 867 1186 930 Domine
1192 867 1308 948 fecisti
1320 889 1400 933 eam.
1418 867 1506 950 Quid
1524 878 1573 932 est
1589 868 1679 951 quod

324 975 413 1052 dicit,
430 973 474 1037 Et
489 973 596 1036 sciant
611 971 690 1055 quia
706 991 824 1035 manus
841 981 898 1035 tua
919 970 1009 1048 haec,
1027 981 1061 1035 et
1077 982 1112 1037 tu
1132 973 1276 1036 Domine
1300 972 1404 1036 fecisti
1428 979 1527 1036 eam?
1545 974 1679 1036 Intelle-

292 1087 405 1162 §gant
430 1077 554 1153 Iudaei,
578 1077 737 1160 quoniam
766 1096 833 1139 non
860 1075 922 1158 ipsi
949 1076 1201 1158 praevaluerunt
1226 1077 1258 1138 in
1285 1096 1352 1139 me:
1377 1077 1434 1140 sed
1463 1096 1537 1140 mea
1563 1089 1597 1143 et
1623 1088 1680 1142 tua

325 1181 477 1248 voluntas
493 1180 581 1246 l'acta
602 1191 662 1257 est,
678 1189 714 1245 ut
730 1181 845 1263 patiar.
865 1181 909 1244 Et
924 1201 987 1263 ego
1005 1179 1092 1243 volui
1109 1181 1195 1262 pati;
1212 1189 1387 1263 propterea
1402 1182 1478 1246 dico
1495 1184 1676 1248 secundum

324 1288 413 1372 quod
429 1286 533 1351 homo
549 1305 639 1348 sum:
655 1285 766 1349 ‘Deus
783 1305 885 1362 meus,
896 1294 934 1349 ut
949 1286 1090 1348 lacerem
1103 1284 1308 1349 voluntatem
1326 1294 1416 1348 tuam
1429 1286 1545 1350 volui.'
1564 1287 1608 1351 Et
1620 1299 1678 1350 tua

325 1392 477 1458 voluntas
492 1399 607 1455 eratet
625 1409 708 1466 mea,
720 1401 755 1452 ut
767 1391 880 1471 patiar.
896 1390 972 1453 Non
985 1389 1114 1455 illorum
1131 1409 1211 1471 ergo
1221 1389 1360 1453 insidiae
1375 1399 1408 1454 et
1422 1389 1582 1454 fortitudo
1592 1391 1679 1455 lecit:

324 1497 381 1560 sed
398 1515 462 1579 ego
477 1505 511 1559 et
526 1503 562 1558 tu
579 1493 744 1558 voluimus
761 1503 796 1557 ut
817 1493 933 1574 patiar.
948 1493 1000 1557 Tu
1017 1493 1104 1557 enim
1130 1493 1318 1574 percussisti
1340 1503 1507 1576 pastorem
1526 1506 1630 1573 tuum,
1646 1504 1680 1559 et

276 1618 306 1655 ¹0
323 1621 401 1665 oves
417 1600 587 1681 dispersae
603 1605 689 1661 sunt.
708 1597 784 1660 Hoc
800 1597 959 1679 scriptum
976 1606 1027 1661 est
1042 1597 1074 1658 in
1089 1595 1264 1661 Zacharia:
1279 1601 1287 1629 ‘
1300 1597 1486 1662 Percutiam
1501 1608 1679 1681 pastorem,

324 1714 357 1768 et
371 1704 605 1785 dispargentur
627 1701 732 1764 oves)
749 1699 849 1783 Quod
874 1710 911 1765 ut
934 1701 1049 1782 patiar,
1065 1721 1138 1764 mea
1155 1699 1309 1766 voluntas
1323 1699 1383 1767 tuit
1396 1713 1429 1766 et
1442 1714 1507 1766 tua.
1526 1702 1625 1785 Quod
1643 1713 1678 1768 tu

324 1807 466 1883 voluisti,
476 1817 509 1870 et
519 1827 583 1888 ego
595 1804 693 1870 volui.
707 1804 895 1886 Oportebat
908 1805 1019 1868 venire
1031 1804 1235 1882 scandalum,
1248 1805 1305 1869 sed
1320 1825 1380 1868 vae
1392 1827 1451 1888 per
1463 1827 1562 1889 quem
1579 1807 1679 1872 venit.

366 1910 565 1974 Maledicent
580 1908 640 1986 illi,
654 1917 685 1970 et
699 1919 734 1971 tn
751 1907 916 1974 benedices.
939 1908 1054 1991 Usque
1071 1909 1171 1972 hodie
1195 1909 1257 1972 hoc
1283 1907 1334 1972 fit:
1350 1909 1397 1972 illi
1413 1909 1624 1974 ,maledicunt
1646 1911 1678 1973 in

323 2033 505 2098 synagoga,
520 2023 555 2078 et
572 2013 737 2078 Dominus
748 2012 912 2077 benedicit
929 2015 960 2076 in
981 2011 1128 2078 ecclesia.
1141 2010 1210 2089 Qni
1228 2012 1407 2096 insurgunt
1424 2015 1458 2078 in
1475 2037 1533 2092 ane,
1548 2016 1680 2096 consun-

276 2137 305 2190 15
322 2119 463 2184 dantur:
488 2137 601 2182 servus
624 2127 733 2180 autem
760 2128 837 2180 tuns
857 2116 1041 2183 luctabitur.
1068 2116 1120 2181 llli
1142 2118 1316 2199 insurgunt
1338 2119 1369 2181 in
1392 2139 1460 2184 me:
1479 2139 1542 2202 ego
1568 2129 1679 2184 autem

324 2243 437 2289 servus
463 2232 540 2287 tuus
562 2222 719 2286 laetabor.
746 2219 857 2303 Quare
879 2233 990 2287 autem
1007 2244 1120 2288 servus
1136 2230 1237 2289 tuus?
1253 2225 1411 2307 quoniam
1439 2222 1622 2306 ‘Quicum
1646 2226 1679 2288 in

325 2326 431 2391 forma
447 2327 511 2391 Dei
536 2333 632 2400 esset,
649 2345 714 2389 non
733 2325 882 2409 rapinam
899 2327 1078 2392 arbitratus
1103 2338 1153 2393 est
1169 2349 1240 2392 esse
1256 2351 1292 2394 se
1307 2327 1481 2412 aequalem
1500 2329 1596 2392 Deo:
1620 2330 1677 2392 sed

324 2430 510 2496 exinanivit
524 2429 751 2510 semetipsum,
769 2427 909 2493 sormam
926 2432 1009 2494 servi
1026 2433 1219 2514 accipiens.'

368 2536 560 2600 induantur
572 2533 630 2615 qni
647 2532 824 2596 detrnlnent
846 2534 931 2598 miln'
937 2535 1068 2618 perdere.
1086 2537 1195 2602 Valde
1217 2537 1313 2600 nobis
1329 2538 1464 2619 prodest
1490 2537 1681 2618 intellegere

277 2661 309 2699 eo
325 2642 415 2724 quod
431 2640 583 2704 dicimus.
599 2637 786 2702 Clementia
805 2638 867 2702 Dei
890 2640 921 2702 in
940 2640 1003 2704 hoc
1020 2653 1167 2725 apparet,
1184 2643 1216 2705 in
1233 2641 1376 2706 dicendo
1393 2642 1583 2706 induantur.
1602 2643 1632 2705 N
1636 2664 1679 2706 on

325 2747 415 2824 dicit,
430 2753 584 2830 pereant;
600 2763 666 2807 non
683 2743 772 2822 dicit,
788 2743 964 2808 deleantur
988 2747 1019 2809 in
1037 2757 1224 2812 aeternum:
1240 2748 1298 2811 sed
1320 2747 1399 2830 quid
1417 2747 1522 2811 dicit?
1543 2747 1681 2810 conlun-

325 2850 457 2927 dantur‚
478 2848 542 2912 hoc
565 2853 624 2924 est,
648 2845 844 2929 intellegant
866 2869 1008 2914 errorem
1031 2870 1138 2930 suum,
1159 2861 1193 2914 et
1216 2850 1471 2930 confundantur,
1486 2863 1519 2916 et
1541 2862 1631 2916 stent
1647 2853 1679 2914 in

326 2955 536 3040 paenitentia.
555 2951 621 3034 Qui
639 2951 786 3016 induitur
802 2954 937 3035 pudore,
954 2977 1056 3038 prope
1073 2967 1122 3020 est
1138 2956 1249 3020 saluti:
1265 2958 1291 3020 si
1308 2960 1382 3041 quis
1406 2960 1493 3022 enim
1513 2979 1588 3022 vere
1602 2979 1681 3021 con-

328 3059 483 3134 funditur,
498 3058 613 3139 incipit
629 3057 799 3140 paeniteri.
812 3059 1038 3137 Considerate,
1049 3082 1071 3124 o
1088 3063 1251 3140 monachi,
1264 3064 1290 3126 si
1307 3063 1488 3146 aliquando
1501 3061 1681 3126 habueritis

361 3263 370 3300 1
384 3251 459 3312 tollit]
469 3249 536 3298 tollet
547 3247 577 3298 C.
679 3247 694 3298 8
707 3248 766 3296 Non
778 3248 893 3309 illorum]
907 3246 921 3314 β
934 3257 959 3298 et
971 3257 1019 3298 cet.
1034 3265 1083 3298 uno
1097 3249 1114 3300 S
1127 3258 1233 3315 excepto
1244 3251 1350 3316 iungunt
1363 3269 1419 3302 cum
1433 3253 1515 3303 verbis
1532 3255 1681 3318 praeceden-

327 3333 400 3385 tibus.
483 3328 1012 3396 ergolegeS;detectexceptoSinser.
1028 3347 1086 3380 reon.
1162 3333 1300 3396 Jhrtr'tndo]
1312 3335 1377 3387 CSG
1390 3337 1464 3387 inser.
1479 3337 1530 3387 hoc.
1608 3338 1682 3403 secie]

320 3415 387 3478 satit
398 3415 424 3466 S.
512 3409 879 3476 tqe'nsynagogalsynag'ognm
893 3412 942 3461 BC.
1033 3415 1062 3460 in
1073 3413 1179 3474 ecclesia]
1190 3417 1313 3466 ecclesiam
1325 3420 1354 3469 C.
1451 3431 1483 3467 20
1496 3420 1523 3467 in
1536 3419 1588 3481 hoc]
1600 3421 1641 3468 lrr'c
1653 3422 1678 3470 S.

327 3495 437 3561 apparet]
447 3495 568 3562 apparuit
579 3495 611 3544 G.
714 3507 744 3542 22
756 3491 830 3552 stent]
844 3494 910 3544 BCG
920 3513 928 3553 ;
940 3495 1025 3543 statim
1040 3496 1056 3544 S
1069 3496 1152 3559 3ſsant
1164 3499 1186 3546 Α
1198 3514 1205 3554 ;
1224 3497 1339 3561 deficiant
1353 3498 1376 3566 β.
1478 3500 1682 3563 inpoenitentia]

328 3582 356 3630 in
363 3581 545 3646 paenitentiam
557 3579 623 3637 AG;
630 3577 801 3642 penitenciam
812 3584 893 3640 agunt
904 3577 930 3626 S.
978 3581 980 3584 '
1033 3591 1064 3638 24
1070 3579 1211 3642 poeniteri]
1225 3580 1264 3630 Cl.
1280 3581 1390 3642 Rdnsch,
1405 3599 1430 3646 p.
1444 3594 1491 3646 303
1503 3583 1643 3646 nomime
1656 3581 1680 3649 β.

328 3664 453 3731 monachi]
465 3663 581 3712 mrenichi
592 3661 621 3710 B.

319 3835 322 3844 ·
373 3833 487 3871 unnre
515 3809 593 3872 Ibid.
1031 3811 1187 3889 synagogis
1219 3814 1274 3873 sub
1307 3815 1428 3876 nomine
1462 3818 1682 3879 Nazarenorum

370 3895 488 3970 7.nolur‘
518 3895 564 3954 Ps.
582 3913 631 3969 39,
648 3911 675 3968 9.
1032 3893 1281 3955 anathematizent
1323 3897 1502 3958 vocabulum
1544 3900 1683 3962 Christia-

372 3995 415 4034 1r.
431 3993 493 4034 ones
520 3975 607 4033 Zach.
630 3995 638 4032 r
646 3993 672 4050 3.
691 3991 717 4048 7.
1033 3994 1104 4033 num
1121 3975 1148 4049 ’;
1164 3973 1234 4036 ibid.
1262 3997 1310 4053 49,
1339 3997 1353 4052 7
1378 3979 1615 4041 ‘abominationi
1640 3993 1683 4042 est

372 4077 415 4116 12.
425 4067 483 4135 per
501 4075 583 4133 quem
597 4052 688 4136 oerrr't]
709 4056 816 4115 Matth.
838 4059 881 4128 18,
902 4075 916 4130 7
942 4057 980 4115 ad
1034 4055 1197 4134 (Christus)
1212 4061 1290 4135 genti
1307 4061 1498 4133 ludaeorum,
1511 4062 1559 4122 cui
1575 4073 1618 4122 ter
1632 4081 1684 4141 per

329 4157 418 4217 quem
430 4140 531 4199 locum
547 4137 672 4198 Hieron.
685 4137 715 4195 in
728 4138 898 4199 Comment.
913 4140 981 4212 ‘per
1032 4137 1165 4214 singulos
1179 4139 1243 4200 dies
1257 4140 1314 4200 sub
1326 4141 1448 4200 nomine
1463 4145 1683 4204 Nazarenorum

329 4221 495 4298 generalem
505 4216 694 4290 sententiam,
704 4217 982 4294 inquit‚percutitur
1034 4219 1217 4280 maledicunt
1233 4219 1263 4280 in
1275 4223 1430 4300 synagogis
1442 4225 1533 4298 suis’3
1548 4226 1618 4286 ibid.
1637 4242 1683 4303 52,

332 4301 431 4374 ludas,
446 4299 499 4379 qui
510 4296 672 4377 proditioni
683 4297 817 4358 animum
831 4317 981 4376 praepara·
1033 4321 1051 4373 4
1067 4319 1131 4378 sqq.
1146 4303 1271 4363 ‘diebus
1283 4323 1318 4362 ac
1328 4305 1465 4364 noctibus
1478 4306 1685 4384 blasphemant

330 4384 431 4443 verat'.
1033 4384 1224 4456 salvatorem,
1251 4397 1280 4445 et
1304 4386 1360 4446 sub
1386 4385 1515 4460 nomine,
1541 4399 1571 4447 ut
1596 4407 1685 4466 saepe

373 4483 408 4540 13
440 4464 535 4540 Usque
544 4461 626 4521 hodie
635 4462 687 4521 hoc
690 4459 743 4542 fit]
762 4460 886 4522 Hieron.
898 4461 927 4520 in
942 4462 978 4521 Is.
1033 4461 1102 4536 dixi,
1120 4465 1340 4526 Nazarenorum
1361 4479 1404 4527 ter
1419 4467 1449 4526 in
1474 4468 1524 4529 die
1546 4469 1575 4528 in
1602 4469 1685 4530 Chri·

332 4559 358 4622 5,
378 4548 413 4604 18
424 4565 466 4622 sq.
485 4545 724 4622 ‘quod...usque
746 4542 836 4604 hodIe
852 4561 983 4619 perseve-
1033 4543 1144 4604 stianos
1158 4561 1322 4622 congerunt
1338 4548 1495 4609 maledicta
1507 4553 1514 4580 '
1528 4563 1584 4612 etc.

332 4639 396 4687 rent
410 4625 440 4686 in
463 4625 654 4703 blasphemiis
675 4623 836 4704 (principes
859 4625 983 4684 Iudaeo·
1049 4617 1052 4626 ¹
1078 4629 1122 4684 18.
1138 4625 1287 4709 nccr'Jn'ens]
1305 4629 1430 4708 Philipp.
1450 4651 1476 4704 2,
1494 4635 1511 4692 6
1527 4651 1569 4710 sq.

333 4707 457 4784 mm),ct
468 4719 572 4784 terper
586 4705 718 4784 singulos
727 4705 792 4766 dles
803 4704 833 4764 in
843 4703 983 4766 omnibus
