4160 5500
458 462 541 570 358
837 481 865 542 s.
891 479 1142 540 umuouvm
1166 475 1430 539 praessuram

458 705 652 794 pinquabat.
677 703 828 784 Cumque
856 699 992 764 vidisset
1013 697 1037 763 a'
1054 697 1152 782 longe
1173 696 1271 762 ficum
1298 696 1477 761 habentem
1507 693 1603 758 folia:
1630 692 1718 771 folia,
1745 712 1808 757 non

459 809 602 874 fructus:
634 806 742 882 verba,
782 822 847 868 non
883 823 1024 868 sensus:
1055 803 1242 886 scripturas,
1274 823 1340 866 non
1376 798 1637 881 intellegentiam
1674 799 1811 881 scriptu-

461 933 579 978 rarum.
596 912 648 974 Illi
664 910 753 974 enim
769 907 894 972 habent
910 907 1097 990 scripturas,
1113 926 1174 970 nos
1188 928 1267 972 vero
1289 904 1549 988 intellegentiam
1567 905 1811 988 scripturarum.

461 1016 555 1081 Vidit
571 1037 650 1098 ergo
674 1013 770 1078 ficum
797 1011 976 1076 habentem
994 1011 1081 1076 folia.
1109 1011 1248 1095 Semper
1264 1011 1327 1075 ista
1343 1009 1423 1074 ficus
1441 1008 1519 1073 folia
1541 1008 1651 1086 habet,
1666 1017 1700 1072 et
1718 1026 1811 1070 num-

460 1143 560 1205 quam
589 1121 713 1184 fructus
740 1117 840 1181 habet
857 1117 919 1180 ista
936 1114 1026 1194 licus,
1041 1137 1127 1198 quae
1150 1117 1182 1180 in
1200 1116 1354 1200 paradiso
1370 1113 1439 1178 fuit.
1456 1113 1611 1196 Denique
1637 1123 1671 1176 et
1697 1112 1811 1176 Adam
1847 1127 1860 1182 5

460 1248 500 1291 eo
516 1238 665 1308 ternpore
681 1221 767 1288 texit
782 1219 926 1285 verenda
941 1240 1009 1294 sua,
1026 1219 1160 1302 quando
1178 1221 1329 1284 conruit:
1346 1217 1490 1283 habebat
1506 1217 1595 1281 enim
1610 1216 1698 1282 folia.
1715 1216 1813 1280 Ficus

460 1331 523 1393 ista
540 1332 712 1411 synagoga
741 1324 939 1388 ludaeorum
968 1330 1027 1399 est,
1042 1342 1128 1404 quae
1143 1323 1244 1387 habet
1271 1333 1402 1386 tantum
1418 1321 1527 1400 verba,
1542 1331 1576 1386 et
1592 1341 1658 1385 non
1686 1320 1813 1385 intelle-

460 1434 607 1516 gentiam
636 1431 879 1513 scripturarum.
904 1425 1089 1490 Videamus
1114 1426 1169 1490 ubi
1186 1427 1263 1491 alibi
1275 1428 1317 1492 sit
1333 1428 1491 1510 scriptum
1518 1426 1560 1489 de
1585 1428 1648 1491 ista
1673 1425 1751 1490 ficu.¹
1775 1423 1813 1488 In

461 1535 634 1619 evangelio
649 1532 831 1598 secundum
859 1531 985 1594 Lucam
1007 1530 1170 1613 legimus:
1194 1535 1201 1563 ‘
1221 1531 1336 1594 Homo
1351 1539 1431 1606 erat,
1457 1531 1573 1612 inquit,
1598 1530 1744 1612 quidam,
1758 1530 1815 1611 qui

461 1642 494 1704 in
511 1640 607 1704 vinea
623 1658 682 1701 sua
699 1636 862 1719 plantavit
878 1633 985 1697 ficum.
1003 1634 1155 1716 Cumque
1177 1633 1294 1716 inquit,
1318 1635 1470 1710 venisset,
1486 1645 1519 1698 et
1546 1633 1737 1717 requisisset
1752 1634 1816 1697 fru·
1837 1653 1865 1689 ¹0

461 1757 534 1809 ctus
559 1746 590 1808 in
613 1763 662 1820 ea,
677 1741 758 1806 dicit
785 1739 826 1804 ad
853 1737 1052 1821 agricolam:
1078 1739 1166 1803 Ecce
1181 1741 1248 1803 iam
1275 1740 1373 1805 tertio
1395 1741 1491 1806 venio
1514 1741 1588 1818 huc,
1614 1751 1647 1804 et
1673 1739 1816 1805 fructum

462 1868 594 1932 quaero,
618 1857 652 1910 et
678 1863 743 1909 non
773 1842 928 1920 invenio;
952 1841 1084 1907 dimitte
1111 1864 1173 1918 me,
1197 1855 1231 1908 et
1257 1845 1425 1909 succidam
1453 1864 1526 1909 earn
1544 1846 1561 1910 ¹.
1587 1847 1731 1910 Dimitte
1755 1865 1819 1914 me.

463 1952 609 2036 Quando
624 1950 705 2015 dicit
721 1948 763 2014 ad
775 1947 916 2030 Moysen
931 1971 937 2010 :
952 1951 960 1979 ‘
975 1947 1117 2012 Dimitte
1134 1969 1196 2026 me,
1211 1961 1244 2013 et
1261 1948 1456 2015 interficiam
1473 1949 1632 2032 populum
1655 1950 1756 2014 istum
1767 1949 1816 2014 ’...

463 2059 573 2122 Nemo
589 2065 622 2120 te
638 2062 749 2119 tenet:
764 2060 797 2116 et
813 2051 905 2128 dicis,
920 2051 1063 2116 Dimitte
1079 2057 1155 2115 me?
1172 2053 1318 2137 Quando
1334 2063 1369 2118 tu
1394 2054 1486 2130 dicis,
1502 2052 1644 2117 Dimitte
1661 2074 1724 2131 me,
1745 2074 1819 2136 pro-

465 2181 563 2224 vocas
580 2156 770 2242 agricolam,
796 2165 833 2219 ut
857 2165 890 2220 te
913 2164 1033 2220 teneat.
1058 2155 1200 2220 Dimitte
1217 2177 1279 2235 me,
1295 2167 1328 2222 et
1344 2158 1511 2222 succidam
1529 2157 1629 2224 illam.
1655 2159 1744 2222 Ecce
1771 2159 1819 2221 in·
1840 2173 1866 2226 Ι5

464 2264 545 2346 quit,
571 2261 669 2327 tertio
696 2259 803 2335 venio,
828 2269 862 2322 et
878 2258 1021 2323 fructum
1047 2278 1113 2323 non
1138 2260 1279 2326 invenio.
1307 2263 1394 2327 Veni
1417 2262 1561 2342 primurn
1583 2263 1616 2325 in
1645 2260 1718 2344 lege
1744 2283 1819 2326 curn

467 2368 607 2450 Moyse:
623 2365 697 2429 veni
713 2362 860 2428 secundo
877 2363 908 2424 in
927 2362 1116 2444 prophetis:
1132 2365 1311 2428 novissime
1334 2365 1404 2448 ipse
1419 2385 1478 2448 per
1495 2383 1548 2428 me
1564 2365 1671 2443 venio,
1696 2374 1731 2429 et
1755 2365 1820 2428 fru-

467 2481 557 2534 ctum
576 2489 641 2534 non
659 2467 800 2532 invenio.
818 2466 915 2530 Ficus
932 2466 995 2529 ista
1012 2487 1078 2530 non
1095 2476 1145 2531 est
1160 2466 1312 2550 plantata
1327 2470 1412 2534 inter
1427 2470 1548 2551 spinas,
1565 2489 1631 2532 non
1652 2478 1703 2533 est
1728 2468 1821 2552 plan·

467 2583 535 2639 tata
551 2574 638 2650 foris,
650 2571 751 2636 sedin
765 2571 861 2633 vinea
877 2570 996 2633 domus
1011 2571 1144 2636 Israhel.
1163 2571 1247 2636 Rem
1265 2593 1385 2638 novam
1402 2574 1508 2640 video.
1531 2574 1655 2657 Spiuae
1671 2575 1821 2657 gentium

466 2701 545 2744 uvas
560 2679 722 2754 adferunt,
738 2684 772 2740 et
787 2673 867 2739 licus
884 2671 962 2738 ficos
979 2694 1044 2738 non
1069 2675 1184 2742 adfert.
1203 2677 1298 2754 Ecce,
1314 2680 1430 2762 inquit,
1446 2680 1543 2744 venio
1568 2681 1675 2757 tertio,
1697 2689 1731 2745 et
1755 2677 1822 2742 fru·
1840 2699 1870 2735 20

466 2793 556 2848 ctum
584 2802 651 2846 non
677 2777 832 2844 invenio:
847 2776 979 2841 dimitte
996 2797 1059 2854 me,
1081 2786 1114 2842 et
1139 2779 1306 2844 succidam
1331 2782 1431 2847 illam.
1450 2783 1651 2850 Provocatus
1675 2781 1822 2867 agricola

467 2885 633 2950 intellexit
649 2882 739 2967 quod
756 2880 861 2964 possit
888 2891 1000 2946 tenere
1025 2881 1209 2961 dominum,
1225 2885 1251 2947 si
1276 2897 1415 2968 rogaret.
1434 2888 1555 2970 Rogat,
1571 2898 1604 2953 et
1620 2888 1699 2972 quid
1716 2887 1823 2952 dicit?

466 2995 473 3024 ‘
491 2991 633 3055 Dimitte
654 2988 790 3052 domine
806 2985 915 3050 adhuc
940 2995 973 3051 et
989 2986 1090 3052 istum
1114 3007 1248 3065 annum,
1264 2997 1297 3052 et
1313 2991 1563 3056 circumfodiam
1581 2992 1672 3056 illam
1690 3001 1723 3056 et
1748 2991 1823 3054 mit·

468 3103 536 3158 tarn
553 3102 688 3170 stercus,
714 3099 748 3154 et
764 3091 790 3155 si
817 3089 952 3173 quidem
980 3089 1093 3156 fecerit
1119 3091 1303 3158 fructum...
1321 3094 1329 3121 '
1345 3093 1462 3178 Quid?
1479 3095 1570 3161 Nihil
1587 3097 1676 3162 dicit.
1693 3095 1729 3162 Si
1756 3115 1824 3158 non

468 3199 590 3276 fecerit,
607 3208 695 3276 tunc,
723 3195 839 3279 inquit,
863 3194 974 3259 venies
995 3206 1028 3261 et
1055 3197 1203 3261 succides
1230 3218 1313 3263 eam.
1343 3198 1501 3282 Agricola
1516 3199 1722 3283 deprecatur,
1747 3199 1826 3262 facit
1843 3219 1872 3271 25

469 3304 625 3368 dominus
642 3300 731 3384 quod
750 3298 907 3364 voluerat.

513 3408 599 3471 Rem
616 3407 692 3469 dico
709 3423 840 3468 novam.
871 3402 1020 3484 Ignoscit
1044 3404 1200 3468 dominus
1226 3415 1360 3488 rogatus
1375 3431 1382 3471 :
1398 3408 1487 3490 quod
1510 3407 1649 3484 fecisset,
1675 3406 1775 3471 etiam
1800 3421 1827 3483 sq

470 3521 606 3596 rogatus
623 3529 688 3574 non
706 3508 828 3572 fuisset.
845 3507 998 3585 Dimitte,
1015 3509 1131 3591 inquit,
1147 3509 1255 3574 adhuc
1275 3530 1377 3575 unum
1395 3532 1529 3577 annum.
1547 3511 1669 3577 Statim
1688 3513 1775 3574 enim
1788 3523 1828 3576 ut

470 3637 586 3702 passus
602 3623 653 3678 est
671 3611 835 3688 Salvator,
853 3624 984 3676 nonest
1013 3614 1169 3678 subversa
1188 3613 1332 3680 Iudaea:
1349 3616 1572 3701 quadraginta
1588 3616 1677 3679 enim
1702 3625 1736 3679 et
1758 3617 1827 3679 duo

470 3722 547 3787 anni
565 3721 634 3785 dati
651 3728 729 3783 sunt
745 3718 786 3781 ad
804 3718 1052 3800 paenitentiam.
1081 3719 1150 3782 lste
1165 3730 1215 3782 est
1233 3741 1318 3783 unus
1334 3740 1451 3798 annus,
1475 3722 1538 3784 hoc
1554 3730 1613 3797 est,
1629 3718 1728 3783 breve
1745 3730 1826 3784 tem·
1848 3743 1877 3793 30

471 3849 532 3912 pus
548 3849 556 3904 ;
573 3826 605 3889 id
623 3834 683 3901 est,
697 3823 796 3888 datus
812 3821 842 3885 ei
860 3820 949 3887 locus
976 3823 1207 3904 paenitentiae.
1234 3825 1392 3907 Agricola
1408 3823 1628 3899 circumfodit,
1645 3823 1733 3886 misit
1747 3835 1826 3887 ster·

470 3953 536 3997 cus.
564 3930 631 4016 Qui
656 3937 734 3992 suot
759 3927 811 3990 isti
839 3925 1029 4008 agricolae?
1054 3925 1221 4008 Apostoli,
1240 3928 1297 4010 qui
1324 3927 1590 4002 circumfodiunt,
1607 3932 1640 3988 et
1669 3925 1828 3988 miserunt

471 4046 604 4101 stercus.
633 4033 731 4096 Ficus
759 4039 871 4094 autem
900 4027 1021 4092 fructus
1049 4049 1115 4093 non
1144 4031 1264 4096 attulit.
1303 4032 1369 4098 Sed
1396 4033 1508 4097 videte
1534 4031 1613 4115 quid
1643 4030 1735 4095 dicat
1760 4032 1830 4110 ipse

471 4138 627 4222 agricola.
645 4136 690 4201 Et
706 4135 732 4198 si
758 4135 893 4217 quidem
917 4132 1027 4197 fecerit
1054 4134 1207 4200 fructum.
1224 4135 1317 4200 Nihil
1334 4138 1454 4202 intulit.
1472 4136 1591 4219 Neque
1616 4135 1704 4198 enim
1720 4135 1832 4198 dixit:

473 4250 530 4304 aut
545 4241 678 4304 dimitte
693 4257 777 4314 eam,
792 4244 850 4300 aut
867 4255 932 4300 non
957 4236 1125 4301 dimittes:
1142 4249 1199 4302 aut
1222 4237 1359 4304 habebis
1378 4241 1409 4304 in
1426 4242 1522 4305 vinea
1542 4251 1609 4316 tua,
1625 4253 1682 4303 aut
1698 4239 1832 4301 deseres
1851 4253 1879 4306 35

475 4347 575 4412 illam.
592 4344 683 4409 Nihil
701 4342 767 4408 tale
783 4342 880 4407 dixit.
908 4341 953 4404 Et
970 4343 996 4404 si
1013 4340 1148 4424 quidem
1174 4341 1286 4408 fecerit
1302 4345 1435 4410 fructus.
1453 4345 1577 4409 Nescio
1595 4345 1674 4428 quid
1690 4345 1731 4407 sit
1748 4342 1832 4406 futu-

478 4471 559 4527 rum,
575 4459 634 4514 tuo
651 4447 788 4511 arbitrio
813 4446 1015 4528 derelinquo
1033 4445 1112 4509 Non
1138 4447 1226 4510 enim
1243 4448 1340 4526 dixit,
1357 4451 1566 4532 permanebit
1583 4451 1615 4512 in
1643 4449 1738 4512 vinea
1755 4445 1833 4509 ficus

517 4675 543 4732 9.
559 4653 710 4713 secundum
729 4646 848 4730 Lucum]
868 4669 910 4726 13,
924 4655 942 4708 6
957 4669 1021 4727 sqq.
1191 4652 1236 4712 Cf.
1253 4671 1341 4730 supra
1356 4673 1384 4732 p.
1402 4657 1465 4732 156,
1483 4673 1508 4731 5.
1575 4681 1578 4686 ·
1619 4635 1622 4640 ¹

522 4756 566 4814 13.
576 4735 719 4814 populum
733 4727 835 4812 istum]
851 4733 946 4790 Exod.
966 4751 1012 4808 32,
1035 4752 1075 4790 ro.
1093 4765 1133 4774 —
