4160 5500
568 443 822 504 Trmcmrus
844 443 890 502 lu
913 445 1044 504 nnuc.
1069 419 1245 514 xum-14.
1499 441 1583 527 359

229 658 299 722 ista.
311 658 392 721 Etsi
410 657 521 722 iecerit
538 659 692 737 lructum,
704 678 770 723 uon
785 669 957 741 permanet
970 659 1001 721 in
1023 661 1146 723 Iudaea
1165 658 1302 736 Israhel,
1317 659 1375 722 sed
1387 639 1583 722 transfertur

229 763 261 824 in
279 745 450 826 ecclesiam
468 763 681 844 gentium.·Si
698 783 776 826 vero
792 781 858 826 non
876 763 988 826 lecerit
1005 761 1158 827 fructum.
1175 763 1345 828 Succisam
1364 762 1462 826 ficum
1480 765 1584 827 oculis

230 867 351 929 nostris
366 869 565 950 aspicimus:
581 867 691 931 ruinas
719 869 799 931 istas
816 849 965 950 lapidum
979 888 1062 950 quas
1078 869 1251 943 cernimus,
1269 868 1395 929 radices
1411 877 1488 930 sunt
1505 867 1585 931 ficus

230 970 384 1034 succisae.

198 1086 212 1140 5
278 1073 354 1137 Hoc
369 1083 478 1138 totum
493 1095 596 1158 quare
612 1074 785 1138 diximus?
804 1074 978 1138 Voluimus
1001 1075 1176 1137 ostendere
1192 1075 1235 1136 de
1250 1073 1307 1136 illa
1323 1073 1490 1156 parabola,
1500 1093 1586 1156 quae

232 1177 275 1240 sit
291 1179 353 1240 ista
371 1176 461 1255 licus,
476 1181 519 1242 de
532 1199 598 1262 qua
615 1179 782 1242 Dominus
799 1178 941 1242 fructum
957 1179 1131 1242 desiderat.
1158 1177 1257 1254 Vidit,
1272 1176 1389 1259 inquit,
1394 1177 1499 1260 ficum
1529 1176 1585 1240 lm-

233 1281 469 1362 brntemjblia:
485 1302 580 1346 secus
596 1285 695 1360 viam,
712 1303 777 1348 non
789 1285 822 1347 in
838 1285 910 1348 via:
927 1284 960 1346 in
978 1284 1060 1367 lege,
1076 1303 1142 1347 non
1160 1283 1192 1345 in
1209 1283 1391 1365 evangelio.
1409 1281 1588 1366 Propterea

233 1385 357 1448 fructus
373 1405 439 1449 non
468 1385 623 1464 habebat,
646 1388 725 1469 quia
751 1389 784 1449 in
811 1388 863 1450 via
890 1406 957 1452 non
985 1397 1065 1466 erat,
1080 1389 1138 1451 sed
1154 1388 1252 1452 iuxta
1268 1389 1364 1452 viam.
1380 1388 1484 1452 Venit
1507 1407 1587 1469 ergo

152 1543 157 1553 .
235 1488 336 1567 lesus,
352 1489 477 1553 fructus
493 1491 629 1572 quaerit.
656 1490 824 1572 Quoniam
842 1492 913 1573 ipsa
937 1492 983 1554 ire
1000 1512 1066 1555 non
1083 1499 1225 1574 poterat,
1240 1493 1330 1556 venit
1346 1493 1389 1555 ad
1418 1491 1525 1554 ficum.
1542 1489 1589 1553 Et

187 1612 216 1648 ιο
231 1613 303 1656 cum
318 1593 455 1656 venisset
468 1593 607 1672 adeam,
623 1594 710 1656 nihil
732 1594 1101 1678 invem'tpraetersolia.
1127 1595 1241 1678 Usque
1267 1596 1369 1660 hodie
1392 1595 1473 1659 nihil
1497 1595 1587 1658 aliud

232 1697 418 1760 invenimus
445 1695 478 1759 in
504 1697 648 1776 ludaeis,
672 1709 803 1782 praeter
827 1701 927 1763 verba
955 1703 997 1763 de
1025 1699 1105 1782 lege.
1135 1699 1267 1782 Legunt
1293 1699 1445 1784 Moysen,
1473 1697 1587 1780 legunt

234 1800 379 1879 Esaiam,
397 1799 612 1878 Hieremiam,
629 1813 661 1866 et
678 1804 821 1886 reliquos
834 1804 1021 1887 prophetas.
1040 1803 1184 1886 Legunt,
1201 1802 1296 1867 Haec
1313 1804 1394 1868 dicit
1411 1804 1588 1866 Dominus:

232 1917 266 1967 et
293 1917 359 1968 non
375 1902 575 1986 intellegunt
601 1906 680 1986 quid
697 1907 786 1970 dicat
812 1908 987 1971 Dominus.
1003 1906 1079 1969 Non
1105 1907 1284 1970 animarat
1308 1917 1431 1990 tempus
1436 1906 1588 1989 ficorum.

234 2007 377 2070 Grandis
393 2008 552 2089 quaestio.
571 2007 648 2072 Non
665 2011 753 2074 enim
770 2021 841 2074 erat
856 2022 990 2094 tempus
1012 2010 1159 2073 ficorum.
1177 2011 1278 2074 Dicat
1293 2011 1412 2094 aliquis
1427 2034 1434 2074 :
1452 2011 1488 2076 Si
1505 2020 1587 2073 tem·

189 2133 215 2186 ¹5
233 2130 295 2192 pus
311 2129 377 2173 non
394 2120 465 2174 erat
480 2110 627 2190 ficorum,
654 2132 719 2176 non
736 2115 886 2196 peccavit
915 2113 1004 2191 ficus,
1020 2133 1105 2196 quae
1122 2112 1266 2178 fructum
1284 2134 1349 2179 non
1378 2114 1534 2179 habebat.
1552 2113 1588 2179 Si

232 2223 345 2278 autem
362 2233 428 2278 non
442 2216 600 2298 peccavit,
618 2235 684 2278 non
700 2228 751 2282 est
767 2218 852 2281 iuste
867 2218 1001 2282 siccata:
1018 2237 1084 2281 non
1101 2220 1190 2282 enim
1207 2229 1278 2282 erat
1294 2228 1426 2302 tempus
1443 2218 1590 2282 ficorum.

234 2321 332 2383 Ficus
347 2319 430 2384 haec
445 2320 590 2384 habebat
607 2321 694 2400 lolia,
710 2320 835 2386 fructus
862 2341 928 2385 non
945 2322 1098 2386 habebat.
1119 2322 1277 2387 Habebat
1293 2322 1380 2400 lolia,
1397 2323 1497 2405 longe
1513 2342 1589 2404 pro-

234 2423 388 2489 mittebat
415 2426 560 2506 speciem
587 2429 715 2490 virens:
741 2425 798 2489 sed
825 2427 949 2490 fructus
977 2447 1043 2490 non
1075 2428 1229 2492 habebat.
1254 2427 1331 2490 Non
1359 2438 1429 2491 erat
1455 2439 1588 2509 tempus

234 2529 379 2592 ficorum.
397 2529 504 2592 lstum
532 2529 642 2593 locum
670 2530 842 2613 apostolus
867 2532 1103 2614 interpretatur
1119 2533 1160 2596 ad
1190 2533 1382 2595 Romanos:
1399 2536 1406 2563 ‘
1424 2530 1513 2594 Nolo
1529 2550 1588 2594 vos

188 2658 218 2694 20
234 2633 395 2712 ignorare,
412 2631 534 2709 iratres,
550 2634 707 2713 quoniam
724 2634 867 2698 caecitas
883 2655 927 2697 ex
950 2647 1045 2718 parte
1061 2637 1202 2718 contigit
1218 2636 1250 2699 in
1269 2635 1405 2711 Israhel,
1422 2645 1458 2698 ut
1473 2633 1586 2698 subin-

233 2751 333 2801 traret
349 2736 524 2818 plenitudo
539 2739 698 2818 gentium.
715 2739 800 2803 Cum
825 2751 937 2805 autem
954 2743 1124 2806 intraverit
1139 2740 1314 2822 plenitudo
1329 2739 1490 2822 gentium,
1506 2748 1586 2802 tunc

233 2843 342 2906 omnis
360 2840 485 2904 Israhel
500 2843 613 2905 salvus
629 2841 685 2906 liet
702 2843 717 2908 '.
729 2844 764 2908 Si
784 2845 950 2909 Dominus
967 2845 1092 2910 fructus
1108 2845 1289 2909 invenisset
1304 2844 1337 2906 in
1355 2844 1418 2906 ista
1436 2843 1506 2919 ficu,
1520 2855 1586 2904 nou

234 2950 452 3012 subintrasset
471 2947 645 3029 plenitudo
672 2949 831 3030 gentium.
849 2948 1017 3032 Quoniam
1045 2961 1157 3014 autem
1183 2949 1382 3013 subintravit
1413 2948 1587 3030 plenitudo

233 3051 394 3134 gentium,
409 3053 442 3116 in
459 3051 641 3116 novissimo
656 3054 838 3117 salvabitur
850 3057 959 3119 omnis
978 3055 1113 3120 Israhel.

186 3179 217 3232 25
279 3156 379 3220 Dicat
394 3157 534 3242 aliquis:
552 3157 620 3222 Ubi
635 3157 699 3220 hoo
714 3156 837 3222 lectum
854 3170 913 3237 cst,
929 3162 1006 3243 quia
1028 3162 1137 3224 omnis
1158 3158 1282 3222 Israhel
1298 3156 1506 3222 salvabitur?
1521 3155 1589 3217 Pri·

236 3283 327 3327 mum
352 3264 487 3347 quidem
503 3265 574 3346 ipse
589 3265 671 3327 dicit
693 3265 884 3346 apostolus:
900 3268 906 3295 ‘
925 3265 1009 3328 Cum
1038 3265 1208 3327 intraverit
1224 3261 1398 3346 plenitudo
1424 3261 1589 3342 gentium,

235 3379 315 3430 tunc
329 3369 438 3431 omnis
466 3368 592 3430 Israhel
607 3366 718 3432 salvus
735 3365 816 3432 fiet’.
834 3368 966 3431 Deinde
989 3369 1069 3433 dicit
1092 3383 1124 3431 et
1150 3368 1316 3430 lohannes
1332 3367 1364 3429 in
1377 3363 1586 3447 Apocalypsi

236 3494 296 3536 sua
311 3475 477 3538 :detribu
494 3473 599 3536 iudae
625 3471 780 3536 credituri
805 3473 982 3536 duodecim
1008 3472 1108 3550 milia,
1124 3473 1165 3534 de
1182 3471 1268 3534 tribu
1287 3469 1405 3532 Ruben
1430 3469 1589 3530 credituri

271 3695 302 3746 28
312 3693 446 3756 credituri]
457 3695 601 3744 creditura?

281 3895 306 3934 2.
322 3877 353 3934 in
377 3876 514 3934 ecclcsrirm
532 3869 674 3950 gentilem]
701 3873 826 3930 Hieron.
853 3869 883 3927 in
938 3870 992 3928 bus
1006 3868 1092 3928 annis
1108 3871 1114 3894 '
1130 3881 1186 3929 etc.

238 3955 333 4015 Abac.
349 3975 375 4032 3,
394 3973 428 4030 17
457 3957 566 4014 ‘Haec
581 3966 625 4013 est
644 3955 718 4011 licus
732 3953 771 4011 ad
794 3969 884 4027 quam
981 3971 1024 4026 19.
1040 3952 1082 4008 ad
1094 3946 1254 4028 Romanos]
1274 3969 1316 4022 rr,
1337 3969 1350 4007 2
1356 3967 1370 4025 5
1388 3969 1433 4025 sq.

238 4036 325 4096 tertio
342 4037 420 4096 venit
441 4035 686 4114 paterfamilias...
703 4035 734 4093 Si
749 4031 881 4104 iecerint,
979 4053 1024 4091 22.
1041 4051 1098 4089 non
1112 4034 1301 4092 subintrasset
1305 4042 1336 4108 p.
1347 4027 1490 4109 gentiam]
1504 4031 1585 4088 Hier.

238 4119 335 4194 inquit
359 4119 494 4177 fructum.
512 4119 584 4176 Non
608 4115 681 4176 dixit
704 4115 777 4192 quid
800 4114 884 4172 susti·
938 4115 967 4170 in
984 4116 1089 4173 Matth.
1118 4117 1218 4188 21,18
1242 4131 1305 4188 sqq.
1330 4121 1337 4144 ⁶
1356 4113 1444 4172 Unde
1459 4127 1489 4171 et
1512 4111 1586 4170 alius

239 4211 364 4273 nereut;
391 4217 489 4276 neque
513 4198 595 4270 dixit,
621 4198 652 4256 Si
677 4195 800 4256 iecerint
829 4196 883 4253 lru·
936 4196 1115 4272 evangelista
1148 4197 1219 4255 dicit
1249 4195 1388 4252 Nondum
1416 4195 1492 4252 eninr
1521 4201 1588 4251 erat

239 4297 330 4353 ctum,
344 4281 559 4358 permanebunt
571 4295 602 4340 ut
616 4291 699 4339 erant
709 4280 795 4352 ,se-d,
806 4277 830 4335 si
846 4277 884 4336 le·
937 4283 1064 4353 tempus:
1093 4280 1154 4338 sive
1190 4279 1273 4352 quod
1303 4289 1420 4352 tempus
1446 4275 1581 4334 nondum

239 4364 333 4422 cerini
348 4375 482 4421 trucium.
501 4364 651 4437 Suspensa
671 4372 817 4420 sententia
831 4371 884 4429 est,
938 4371 1057 4418 venerat
1072 4359 1241 4418 salvationis
1259 4359 1357 4429 lsrael,
1368 4375 1405 4416 eo
1420 4357 1503 4434 quod
1514 4375 1585 4415 non-

241 4457 272 4502 ut
287 4444 686 4504 subaudiaturr'sransieres
710 4460 763 4501 eos
787 4442 817 4498 in
842 4457 887 4500 ec·
940 4443 1013 4500 dum
1040 4440 1194 4516 gentilium
1221 4441 1348 4516 pupulus
1373 4438 1593 4510 subintrasset;

240 4525 361 4585 clesiam
370 4527 511 4602 gentium,
528 4536 557 4584 et
579 4524 609 4583 in
624 4525 745 4583 alteram
771 4524 887 4580 vineam
939 4521 1000 4581 sive
1015 4523 1021 4548 '
1037 4540 1091 4581 etc.

242 4607 507 4685 transplantabis...
539 4607 577 4666 Et
613 4617 681 4682 post
719 4605 887 4681 passionem
982 4621 1026 4677 27.
1042 4605 1074 4661 r'rr
1086 4598 1270 4681 Apocalypsi]
1294 4621 1319 4678 7,
1337 4621 1353 4678 5
1369 4622 1433 4681 sqq.

244 4689 321 4748 datis
335 4693 374 4752 ad
384 4689 597 4766 paenitentiam
608 4685 803 4764 quadraginta
816 4686 888 4742 duo-
