4092 5502
559 446 814 508 rancrn‘rus
839 449 895 508 nn
919 452 1086 518 isarno
1108 457 1246 519 cxcvi.
1506 455 1585 540 295
1662 441 1665 448 ’

229 665 294 731 Sed
311 664 471 749 quoniam
487 663 617 728 sanavit
637 665 798 730 contritos
815 667 915 732 corde
932 677 965 732 et
981 670 1129 754 alligavit
1145 675 1362 740 contritiones
1379 695 1503 753 eorum,
1515 675 1588 739 illos

227 770 281 852 qui
298 779 377 833 ante
392 769 526 834 contriti
552 769 692 846 fuerant,
708 778 741 834 et
758 780 880 852 postea
906 775 1025 852 sanati,
1041 778 1138 842 vertit
1154 779 1187 841 in
1211 778 1334 842 stellas.
1351 777 1418 860 Qui
1436 787 1588 842 numerat

229 873 475 938 multitudinem
503 871 684 938 stellarum.
699 873 962 942 Multitudimm.
983 878 1081 943 Multi
1099 883 1187 946 enim
1205 881 1334 948 fuerant
1349 882 1405 964 qui
1430 903 1586 964 peccave·

229 987 323 1043 runt:
340 977 435 1041 multi
463 986 541 1041 sunt
557 977 612 1060 qui
629 979 733 1042 curati
747 986 837 1043 sunt.
855 978 922 1063 Qui
950 994 1106 1049 numerat
1134 985 1383 1050 multitudinem
1406 985 1587 1050 stellarum.

197 1100 211 1151 5
231 1082 306 1146 Non
322 1091 476 1147 numerat
492 1083 691 1158 vulneratos,
706 1085 765 1148 sed
784 1105 841 1149 eos
873 1099 1025 1151 numerat
1054 1091 1110 1172 qui
1128 1090 1194 1155 iam
1212 1091 1244 1154 in
1261 1090 1373 1154 stellas
1389 1091 1472 1154 versi
1490 1099 1589 1155 sunt:

230 1207 295 1250 non
312 1199 464 1251 numerat
483 1187 585 1264 Deus,
602 1187 663 1250 nisi
680 1188 736 1270 qui
767 1208 908 1254 numero
931 1191 1000 1254 eius
1023 1193 1115 1272 digni
1132 1204 1219 1259 sunt.
1234 1195 1281 1258 Et
1302 1193 1452 1258 omnibus
1465 1193 1512 1256 eis
1535 1215 1588 1258 no-

150 1290 155 1298 '
230 1291 319 1354 mina
336 1311 460 1355 vocans.
475 1289 564 1372 Quia
576 1292 618 1368 de
637 1289 790 1355 Lucifero
806 1292 889 1356 dicit
905 1304 939 1358 et
955 1295 997 1358 de
1014 1295 1149 1374 Orione,
1165 1298 1207 1362 de
1223 1299 1270 1363 eis
1286 1319 1371 1382 quae
1388 1298 1538 1361 videmus
1555 1298 1587 1362 in

228 1394 330 1472 caelo,
346 1404 379 1459 et
395 1394 458 1458 hoc
475 1395 611 1477 quidem
629 1405 740 1476 potest
756 1396 922 1478 intellegi:
939 1398 1099 1462 mirabilis
1115 1401 1204 1465 enim
1224 1401 1326 1478 Deus,
1341 1401 1398 1484 qui
1423 1401 1501 1472 iecit
1515 1421 1588 1464 cae-

230 1499 297 1564 lum
315 1510 348 1563 et
363 1508 485 1563 terram
503 1507 536 1562 et
551 1501 666 1563 omnia
700 1501 834 1582 quaein
852 1500 899 1564 eis
923 1514 1008 1568 sunt.
1026 1504 1181 1570 Ceterum
1199 1525 1259 1569 nos
1284 1505 1330 1568 sic
1347 1504 1588 1588 intellegamus,

184 1623 213 1658 ιο
230 1615 266 1668 ut
281 1602 378 1666 nobis
395 1603 500 1686 prosit
529 1604 618 1686 quod
636 1604 767 1668 cotidie
783 1603 827 1668 fit.
847 1607 891 1669 Et
917 1604 1072 1670 omnibus
1097 1605 1144 1668 eis
1170 1605 1305 1669 nomina
1331 1625 1462 1670 vocans.
1475 1604 1588 1668 Vultis

231 1709 313 1772 scire
328 1709 499 1791 quomodo
524 1709 566 1772 de
593 1708 748 1772 contritis
774 1710 890 1773 stellae
915 1709 1021 1773 fiant?
1038 1709 1205 1791 Scriptum
1234 1719 1284 1773 est
1311 1710 1343 1772 in
1362 1708 1492 1786 Genesi,
1512 1709 1589 1791 quia

230 1813 384 1878 eduxerit
401 1813 493 1876 Deus
508 1812 695 1891 Abraham,
712 1824 745 1876 et
770 1815 957 1880 ostenderit
974 1814 1003 1877 ei
1026 1811 1148 1890 stellas,
1164 1823 1197 1877 et
1224 1813 1347 1877 dixerit
1363 1814 1392 1875 ei
1409 1837 1416 1877 :
1431 1818 1438 1845 ‘
1456 1812 1511 1877 Sic
1528 1814 1604 1876 erit⁴

230 1937 343 1982 semen
362 1928 457 1981 tuum
471 1917 485 1982 ’.
504 1917 549 1980 Et
565 1919 722 1982 omnibus
735 1919 781 1982 eis
795 1919 930 1982 nomina
940 1937 1071 1982 vocans.
1084 1917 1137 1980 De
1147 1916 1276 1981 Abram
1287 1927 1384 1982 vocat
1395 1916 1567 1980 Abraham
1582 1941 1589 1981 :

232 2023 359 2086 Abram
376 2023 549 2088 dicebatur
568 2021 599 2087 in
620 2022 799 2100 Chaldaea,
816 2033 848 2086 et
865 2023 897 2086 in
914 2020 1007 2086 caelo
1023 2029 1159 2086 vocatur
1175 2021 1358 2086 Abraham.
1376 2021 1428 2085 Eo
1438 2031 1588 2102 tempore

182 2143 211 2196 ¹5
229 2129 366 2211 quando
392 2127 499 2192 factus
526 2135 576 2190 est
601 2127 707 2205 stella,
730 2136 762 2191 et
790 2137 927 2190 vocatur
953 2125 1137 2190 Abrabam.
1164 2124 1231 2208 Qui
1256 2133 1334 2188 ante
1360 2133 1431 2188 erat
1456 2123 1587 2202 Saulus,

229 2241 348 2315 postea
363 2241 500 2296 vocatur
516 2232 549 2294 in
577 2233 670 2296 caelo
699 2231 828 2294 Paulus.
848 2230 1013 2294 lohannes
1030 2239 1062 2294 et
1081 2229 1232 2307 lacobus,
1248 2228 1305 2292 filii
1328 2230 1485 2293 tonitrui:
1500 2231 1586 2293 toni-

228 2346 339 2401 truum
357 2337 472 2419 utique
488 2336 520 2399 in
538 2337 632 2401 caelo
648 2344 706 2401 est.
725 2336 951 2400 Numerantur
967 2336 1081 2417 itaque
1096 2335 1222 2412 stellae,
1238 2344 1453 2398 numerantur
1466 2331 1585 2398 infiniti

227 2442 355 2505 sancti:
372 2450 406 2504 et
422 2441 562 2522 Xpistus
580 2461 664 2504 unus
679 2461 745 2504 non
763 2448 874 2522 potest
891 2439 1065 2504 numerari.

270 2547 419 2627 Magnus
433 2545 599 2608 Dominus
614 2555 723 2608 noster
734 2554 766 2607 et
781 2565 901 2627 magna
917 2543 1027 2606 virtus
1041 2542 1119 2619 eius,
1133 2552 1165 2605 et
1178 2542 1355 2624 supientiae
1369 2544 1440 2606 eius
1464 2565 1525 2607 non
1540 2554 1588 2607 est

179 2667 209 2704 ²0
227 2669 391 2714 nanterus.
409 2649 536 2732 Magna
552 2651 675 2714 virtus:
692 2649 833 2732 Xpistus
850 2649 914 2712 Dei
927 2647 1029 2710 virtus
1040 2656 1073 2710 et
1087 2647 1150 2710 Dei
1161 2647 1332 2729 sapientia.
1345 2648 1389 2711 Et
1402 2647 1586 2730 sapientiae

226 2753 298 2816 eius
316 2771 382 2814 non
399 2759 450 2816 est
467 2771 632 2816 numerus.
649 2751 791 2834 Xpistus
807 2751 971 2836 sapientia
987 2762 1059 2814 est:
1076 2759 1109 2814 et
1125 2771 1192 2815 una
1207 2752 1370 2833 sapientia
1387 2771 1453 2816 non
1474 2761 1585 2833 potest

224 2855 401 2922 numerari.

271 2959 459 3042 Suscipiens
485 2971 667 3024 mansuetos
692 2961 863 3025 Dominus.
891 2960 987 3043 Quae
1012 2969 1090 3024 sunt
1117 2962 1200 3024 istae
1225 2960 1365 3025 stellae?
1393 2961 1584 3043 Suscipiens

227 3073 421 3128 mansuetos
449 3066 626 3130 Dominus.
645 3065 812 3128 Mansueti
841 3073 1014 3128 vertuntur
1030 3065 1063 3126 in
1080 3064 1202 3128 stellas.
1218 3068 1225 3095 ‘
1243 3065 1326 3127 Iusti
1351 3075 1462 3128 autem
1480 3065 1585 3147 fulge-

178 3189 207 3239 25
226 3170 312 3232 bunt
328 3168 422 3251 quasi
439 3169 555 3232 stellae
579 3169 661 3232 caeli
678 3167 860 3233 ’:Danihel
887 3165 1040 3249 loquitur.
1058 3167 1254 3230 Humilians
1282 3178 1390 3230 autem
1407 3177 1586 3249 peccatores

226 3293 327 3355 usque
345 3273 395 3336 ad
406 3283 536 3336 terram.
553 3273 676 3337 Videte
704 3271 926 3337 differentiam
943 3291 1060 3335 rerum.
1077 3271 1202 3354 Angeli
1219 3274 1251 3335 in
1269 3283 1390 3336 terram
1407 3282 1584 3336 corruunt:

226 3377 382 3440 homines
397 3377 439 3440 ad
456 3375 584 3440 caelum
602 3379 736 3441 vadunt.
751 3376 943 3459 Suscipiens
961 3387 1151 3440 mansuetos
1170 3377 1345 3440 Dominus.
1358 3377 1584 3441 Mansuetudo

226 3481 269 3544 ad
287 3479 417 3544 caelum
433 3489 552 3545 vocat:
568 3480 723 3562 superbia
740 3481 772 3542 in
789 3489 911 3544 terram
928 3481 1082 3546 detrahit.
1098 3481 1289 3545 Humilians
1302 3491 1414 3546 autem
1431 3489 1584 3564 peccato·

228 3606 281 3650 res
298 3586 461 3668 usquead
479 3595 610 3652 terram.

179 3711 210 3760 30
272 3690 460 3755 Praecinite
477 3689 619 3754 Domino
635 3691 670 3753 iu
693 3691 893 3773 confessione.
913 3691 988 3754 Hoc
1005 3691 1156 3774 implevit
1173 3691 1306 3755 David:
1330 3691 1388 3774 qui
1415 3689 1511 3754 nobis
1538 3691 1585 3755 iu·

227 3796 341 3861 stitiae
370 3797 527 3878 exempla
553 3795 758 3878 praebuerat,
783 3797 935 3878 praebuit
960 3806 993 3861 et
1020 3797 1252 3879 paenitentiae.
1280 3796 1402 3860 Docuit
1418 3796 1506 3858 enim
1526 3815 1586 3859 nos

263 3984 419 4050 lquom'am]
429 3984 529 4048 quando
541 3981 565 4049 β.
666 3985 768 4032 sonavit
822 3979 947 4047 alligavit]
960 3986 1002 4034 BC
1015 4003 1022 4044 ;
1038 3992 1112 4033 satiat
1167 3985 1255 4046 allebat
1269 3981 1307 4049 βῙ.
1409 3995 1430 4031 2.
1446 3995 1460 4044 3
1464 3981 1586 4046 suerunt]

220 4067 335 4130 suerunt
347 4067 376 4116 C.
479 4066 712 4129 3Multitudr'nem]
725 4083 774 4116 non
788 4075 865 4130 repet.
882 4065 905 4133 β.
1008 4068 1063 4130 sin
1075 4066 1167 4128 stellas]
1185 4068 1213 4114 iu
1225 4067 1303 4114 stellis
1314 4067 1342 4115 C.
1444 4065 1586 4126 daumero]

228 4149 256 4198 in
268 4165 373 4199 nutriero
386 4149 415 4198 C.
517 4146 636 4209 Jetlom.
653 4149 703 4197 llC.
804 4150 832 4196 de
847 4147 946 4208 Orione]
968 4147 1002 4216 β;
1021 4151 1049 4196 rte
1059 4150 1155 4212 origine
1177 4149 1267 4197 BCGI.
1368 4147 1396 4195 de
1415 4146 1460 4206 eis]
1479 4147 1644 4211 scripsia'

226 4232 358 4291 tetum
369 4231 671 4295 eaC5deniquel;om.
686 4228 709 4296 β.
786 4229 1015 4296 ᾳιιικῙΒΟηιιεηι
1030 4231 1054 4298 β.
1133 4245 1162 4280 10
1173 4232 1238 4297 quod
1247 4231 1332 4278 cotae'die
1334 4227 1380 4293 fitj
1392 4230 1494 4276 cotiitioe
1497 4230 1551 4292 fiat
1563 4230 1583 4278 1.

231 4312 381 4379 isquando]
392 4329 440 4378 quo
452 4312 476 4380 β
560 4321 584 4362 et
595 4313 656 4375 oon]
670 4311 685 4380 β
698 4329 747 4362 om.
760 4320 791 4361 et.
876 4315 1028 4375 antc]ontea
1042 4311 1068 4379 β.
1150 4311 1213 4371 erat]
1222 4311 1312 4376 ficerat
1325 4312 1352 4359 B.
1446 4323 1473 4358 21
1488 4311 1586 4372 rtuna]

228 4399 266 4446 Gl
287 4397 362 4446 inser.
378 4397 460 4445 virtus
479 4403 508 4445 et.
611 4397 642 4444 26
661 4396 829 4460 differentiam
849 4397 945 4457 rerum]
957 4397 1109 4460 dtfflrentias
1120 4397 1175 4444 eius
1188 4396 1208 4444 1.
1310 4393 1341 4442 28
1354 4392 1431 4454 vocat]
1451 4400 1539 4441 currat
1550 4393 1582 4442 G.

228 4479 286 4530 int.
301 4475 421 4537 detrahit]
433 4479 493 4528 adt.
508 4480 595 4527 deiecit
606 4479 637 4528 (l.
740 4478 1036 4542 Humilians1lrmm'le'at
1048 4480 1094 4530 Gl.

273 4653 317 4710 ¹3·
333 4629 429 4712 tuum]
445 4633 521 4692 Gen.
547 4649 591 4708 15,
608 4649 634 4708 5.
975 4654 989 4690 2
995 4650 1020 4709 5.
1037 4627 1118 4710 coeli]
1136 4632 1210 4690 Dan.
1232 4649 1275 4702 12,
1293 4651 1319 4706 3.

272 4735 319 4774 20.
334 4715 399 4774 Dei
407 4708 562 4792 sapientie]
582 4733 593 4772 1
612 4713 680 4775 Cor.
696 4733 719 4786 1,
738 4733 783 4785 ²4·
