4060 5498
557 395 815 458 TRACTATUS
846 395 904 454 ne
934 395 1103 458 astruo
1131 396 1196 455 xv.
1531 415 1578 497 15

221 591 449 659 aedificaverit
466 593 613 671 domum,
629 594 662 659 in
680 613 803 658 vanurn
821 593 975 658 laborant
990 594 1047 676 qui
1065 593 1246 660 aedificant
1262 617 1346 664 eam.
1364 600 1439 664 Nisi
1463 603 1580 670 Domi·

222 696 1376 780 mMMMMMMmhmmmfflmmmmmmst

268 802 402 868 Sanctis
415 803 566 888 quisunt
581 803 616 867 in
632 814 720 867 terra
735 803 813 881 eius,
829 801 997 866 mirabiles
1011 801 1097 883 fecit
1121 824 1229 868 amnes
1255 805 1437 875 voluntates
1451 833 1530 878 suas
1545 815 1580 879 in

221 909 276 974 eis.
294 910 358 974 Pro
373 928 442 994 quo
457 910 490 974 in
514 908 672 973 hebraico
687 908 843 972 scribitur
861 931 867 972 :
884 912 891 941 ⁸
909 907 1042 972 Sanctis
1065 908 1122 990 qui
1146 908 1179 971 in
1204 921 1292 975 terra
1315 925 1402 992 sunt,
1423 926 1456 981 et
1479 919 1581 983 subli-

189 1013 334 1082 smibus
367 1015 459 1092 meis,
491 1013 602 1078 ornnis
636 1013 792 1077 voluntas
827 1031 902 1075 mea
936 1011 969 1074 in
994 1010 1073 1075 eis’.
1099 1011 1163 1076 His
1187 1012 1284 1077 bonis
1307 1018 1428 1100 quibus
1452 1031 1488 1086 tu
1513 1043 1580 1089 non

223 1118 364 1200 indiges,
380 1139 401 1182 o
417 1119 525 1195 Pater,
541 1118 696 1200 indigent
711 1115 819 1180 sancti
841 1115 916 1192 rnei,
928 1114 1049 1196 quibus
1066 1134 1184 1180 omnes
1205 1117 1397 1186 voluntates
1411 1144 1501 1189 meas
1518 1126 1580 1192 leci

223 1241 296 1286 esse
312 1221 490 1288 mirabiles.
506 1222 584 1286 Feci
601 1229 714 1285 autern
733 1239 824 1284 meas
842 1217 1011 1283 mirabiles
1028 1218 1229 1300 voluntates,
1245 1243 1311 1287 non
1329 1234 1427 1292 extra
1440 1249 1506 1309 eos,
1523 1233 1580 1296 sed

223 1327 256 1389 in
273 1326 341 1390 eis:
357 1336 393 1391 ut
408 1327 490 1390 dum
507 1325 737 1409 unusquisque
753 1324 936 1406 corrigitur,
949 1331 982 1387 et
998 1343 1035 1387 se
1051 1322 1218 1406 intellegit
1233 1329 1310 1410 quis
1326 1340 1405 1395 ante
1421 1332 1531 1412 luerit,
1548 1346 1582 1402 et

224 1443 312 1493 nunc
342 1449 415 1494 esse
438 1430 512 1514 quis
535 1430 692 1512 coeperit,
716 1428 798 1492 liant
820 1428 854 1491 in
887 1426 952 1490 illis
976 1445 1071 1490 meae
1095 1428 1263 1494 mirabiles
1287 1432 1478 1500 voluntates
1503 1461 1511 1518 ;
1534 1441 1581 1504 ita

176 1558 207 1594 ro
223 1543 348 1613 tamen,
363 1535 391 1598 si
407 1545 571 1598 exeuntes
587 1535 630 1599 de
646 1533 811 1617 Aegypto
827 1542 860 1596 et
877 1551 1026 1596 eremum
1039 1541 1261 1614 transeuntes,
1272 1545 1395 1602 terram
1411 1544 1583 1623 potuerint

225 1641 492 1724 repromissionis
512 1640 651 1718 intrare,
674 1659 760 1722 quae
793 1648 882 1700 terra
915 1636 1048 1700 initium
1083 1647 1191 1703 terrae
1214 1641 1400 1708 viventium
1424 1655 1486 1712 est.
1512 1647 1583 1714 Nec

224 1748 339 1810 statim
357 1747 560 1810 contrarium
577 1744 656 1808 huic
671 1753 731 1821 est,
746 1743 836 1825 quod
855 1741 1018 1804 mirabilia
1035 1741 1076 1804 in
1093 1748 1182 1807 terra
1197 1744 1262 1809 Dei
1278 1755 1410 1813 tantum
1429 1750 1584 1819 dicantur

226 1849 304 1928 fieri,
327 1850 418 1926 illud,
435 1849 526 1934 quod
549 1849 582 1912 in
606 1868 728 1931 campo
751 1847 895 1924 Taneos,
908 1847 971 1908 hoc
988 1854 1048 1922 est,
1064 1846 1096 1909 in
1114 1846 1282 1932 Aegypto
1297 1853 1363 1917 sint
1379 1853 1468 1918 sacta
1485 1857 1583 1922 mira-

225 1955 315 2020 bilia.
332 1954 458 2037 Magna
473 1955 600 2038 quippe
615 1951 777 2018 distantia
793 1962 844 2015 est
857 1951 943 2014 inter
956 1949 1122 2015 mirabilia
1134 1973 1221 2034 quae
1237 1955 1324 2019 saeta
1338 1971 1416 2023 sunt
1429 1980 1448 2023 a
1463 1960 1584 2045 Moyse

176 2080 206 2133 ts
225 2069 259 2126 et
274 2061 318 2125 ab
334 2063 420 2126 lesu.
439 2061 489 2125 lbi
506 2061 548 2125 de
566 2061 727 2144 Aegypto
742 2057 875 2140 sugitur,
890 2057 943 2120 hic
960 2057 1103 2120 intratur
1126 2061 1159 2123 in
1179 2060 1360 2127 Iudaeam:
1387 2063 1432 2128 ibi
1461 2067 1585 2132 vitatur

224 2165 382 2230 dominus
394 2165 534 2243 Pharao,
544 2165 597 2228 hic
609 2165 666 2249 qui
678 2163 824 2229 serviant
837 2160 1190 2243 comprehenduntur:
1203 2165 1249 2228 ibi
1260 2185 1362 2231 ranae
1374 2177 1406 2232 et
1417 2170 1585 2256 sciniphes

226 2281 259 2337 et
274 2271 359 2336 einis
374 2281 407 2335 et
423 2271 553 2353 grando
569 2280 601 2334 et
617 2269 775 2334 tenebrae
790 2269 1014 2335 adsumuntur
1041 2269 1074 2334 in
1092 2269 1310 2348 mirabilibus,
1326 2271 1380 2335 hic
1395 2272 1458 2337 soli
1481 2276 1584 2359 impe·

226 2374 1587 2460 rmmessmaetffiffianmmthmimhamoefflstprmans

228 2481 281 2544 hic
296 2480 415 2544 obvius
438 2480 582 2543 occurrit
599 2480 670 2562 ipse
692 2478 849 2544 Salvator
865 2479 1014 2562 gladium
1039 2490 1158 2546 tenens
1173 2488 1206 2543 et
1223 2499 1284 2562 pro
1300 2483 1450 2548 exercitu
1467 2505 1528 2548 suo
1552 2505 1587 2548 se

175 2605 210 2644 eo
227 2584 463 2650 dimicaturum
491 2603 564 2650 esse
591 2594 793 2649 contestans.
817 2583 951 2648 Videtis
977 2583 1150 2668 quomodo
1172 2585 1299 2648 maiora
1325 2585 1392 2651 sint
1420 2587 1586 2653 mirabilia

228 2707 314 2772 quae
331 2686 462 2752 luerunt
479 2689 511 2752 in
529 2697 617 2752 terra
633 2687 909 2771 repromissionis,
925 2708 1026 2771 quarn
1051 2708 1136 2772 quae
1155 2687 1242 2752 lacta
1265 2700 1342 2753 sunt
1367 2691 1399 2752 in
1424 2691 1587 2775 Aegypto

226 2792 279 2856 vel
297 2795 330 2857 in
348 2794 481 2857 deserto
493 2797 506 2856 i
518 2793 701 2857 Possumus
714 2803 826 2857 autern
843 2804 965 2857 terram
990 2792 1053 2856 Dei
1079 2793 1255 2856 ecclesiam
1273 2792 1479 2876 intellegere,
1496 2796 1586 2879 quod

226 2899 351 2962 sanctis
373 2897 479 2981 quiin
498 2896 638 2962 ecclesia
659 2906 738 2962 sunt
753 2897 945 2962 voluntates
963 2898 1027 2961 Dei
1044 2915 1162 2961 omnes
1178 2895 1347 2960 mirabiles
1363 2917 1436 2962 esse
1452 2898 1587 2964 videan-

226 3011 303 3085 tur;
319 3002 370 3066 his
386 3002 475 3066 enim
492 3002 549 3086 qui
565 3011 662 3067 extra
679 3003 855 3066 ecclesiam
872 3011 950 3066 sunt
968 3001 1049 3065 nihil
1075 3001 1208 3064 videtur
1231 3000 1392 3078 mirabile,
1414 3003 1504 3085 quod
1530 3023 1589 3086 per

174 3128 208 3181 25
226 3117 381 3171 naturam
399 3127 493 3171 suam
511 3107 631 3171 mirum
649 3118 708 3171 est.
733 3106 847 3171 Simus
862 3126 944 3188 ergo
960 3115 991 3170 et
1008 3105 1041 3168 in
1059 3115 1146 3168 terra
1163 3105 1238 3182 Dei,
1262 3115 1295 3170 et
1313 3106 1589 3172 transformemur

226 3212 260 3274 in
271 3210 454 3293 imaginem
470 3211 837 3288 Salvatorls,etomnes
848 3211 1038 3274 voluntates
1049 3230 1127 3274 suas
1141 3209 1310 3273 mirabiles
1322 3209 1421 3274 faciet
1432 3211 1466 3275 in
1484 3213 1589 3280 nobis.

270 3314 514 3399 Multr'plr'catae
551 3325 630 3378 sunt
665 3314 877 3397 infirmitates
911 3334 1032 3393 aarum,
1060 3323 1094 3377 et
1117 3323 1190 3396 post
1219 3313 1297 3378 haec
1324 3315 1589 3381 acceleraverunt.

260 3495 390 3558 evigilat]
401 3495 514 3558 vigilant
526 3494 555 3544 V.
658 3505 673 3556 3
689 3494 760 3556 suas]
777 3493 851 3543 codd.
872 3492 941 3543 iuxta
957 3509 993 3557 gr.
1013 3489 1047 3542 τὰ
1059 3489 1197 3556 θελήματα
1209 3486 1299 3554 αὐτοῦ,
1314 3507 1370 3542 cum
1383 3492 1409 3542 iu
1422 3493 1500 3546 Psalt.
1512 3495 1589 3546 Rom.

226 3587 253 3627 et
265 3576 333 3627 Gall.
347 3579 445 3643 legatur
456 3591 530 3627 mear.
631 3590 647 3637 4
659 3575 783 3636 hebraica]
797 3576 823 3622 ll
837 3595 843 3634 ;
856 3575 956 3624 hebraeo
968 3575 1024 3625 OV.
1125 3575 1197 3636 sunt]
1217 3574 1292 3624 codd.
1313 3574 1361 3624 OV
1373 3575 1432 3625 add.
1446 3577 1509 3638 eius,
1521 3578 1590 3641 quod

226 3659 282 3710 iure
294 3660 321 3709 M
333 3659 400 3709 haud
413 3659 535 3724 agnmit,
549 3658 614 3708 sicut
627 3673 673 3708 nee
686 3659 764 3708 Psalt.
779 3657 886 3707 Hieron.
901 3673 931 3706 ex
945 3657 1015 3706 hebr.
1100 3656 1140 3705 60
1152 3656 1240 3718 Pater]
1252 3663 1353 3720 aptatur
1365 3657 1391 3706 M
1402 3673 1461 3706 mox
1470 3669 1589 3722 expunct.

227 3742 305 3804 mear]
319 3743 361 3800 M;
374 3743 445 3791 ineas
456 3741 488 3800 O,
501 3743 581 3790 ineas
594 3739 623 3788 V.
724 3739 740 3789 8
751 3740 818 3801 etse]
836 3740 894 3800 OV,
908 3738 951 3789 ubi
963 3753 1053 3804 graeca
1064 3737 1143 3789 dictio
1154 3739 1299 3801 agnoscitur
1310 3738 1377 3802 apud
1390 3737 1511 3789 Nostrum
1524 3740 1591 3790 haud

227 3825 427 3890 infrequens3et
437 3825 466 3874 in
477 3841 502 3874 re
514 3823 551 3874 M.
652 3823 796 3884 antelcorr.
811 3823 837 3871 in
850 3838 929 3887 marg.
944 3828 1070 3870 mantem
1094 3821 1125 3872 Ο.
1219 3819 1318 3884 srrerr't]
1342 3821 1354 3869 ι’
1371 3837 1402 3870 ex
1425 3838 1441 3869 a
1463 3837 1526 3872 corr.
1552 3823 1588 3872 M.

228 3907 475 3968 9num10V30m.
491 3906 529 3955 M.
633 3904 912 3964 roeremam]her.M.
1019 3901 1309 3964 rahur'c1hl;lric0V.
1413 3903 1591 3966 r3r'llrrdlMe

228 3988 332 4039 etillud
341 3987 398 4038 ΟΥ.
504 3989 608 4050 Tantas]
621 3989 654 4048 O,
668 3986 692 4034 V
706 3999 716 4035 1
730 4003 825 4044 manu;
843 3987 955 4036 Thamar
966 3986 1004 4046 M,
1019 3987 1109 4051 Vsup.
1123 3985 1167 4034 liu.
1273 3984 1301 4033 16
1317 3985 1445 4047 daminus]
1470 3986 1516 4047 M;
1539 4003 1589 4037 orn.

229 4072 286 4122 OV.
386 4070 521 4136 sciniphes]
544 4071 611 4130 0V;
632 4070 735 4133 sce'm'ses
759 4069 795 4118 M.
900 4075 985 4133 rupee
994 4069 1106 4118 exercitu
1116 4067 1172 4128 suo]
1186 4067 1211 4115 M
1224 4075 1287 4130 ;per
1295 4068 1434 4117 exereitum
1445 4083 1522 4116 serrem
1533 4067 1591 4129 OV,

228 4153 360 4216 clsupra‚
377 4165 398 4213 1,
412 4163 435 4216 5.
536 4166 567 4216 23
579 4153 683 4213 sanctis]
697 4151 859 4210 OV;sarrctr'
869 4150 906 4200 M.
1008 4149 1355 4213 25e1r'nlM30Vom.et.
1457 4159 1487 4210 27
1508 4157 1594 4214 etpost

229 4237 299 4298 haec]
312 4237 388 4287 codd.
402 4235 460 4295 OV,
474 4251 549 4300 quam
562 4235 696 4286 lectionem
709 4243 797 4298 utpote
808 4232 962 4298 singularem
975 4234 1084 4284 retinere
1096 4231 1176 4282 visum
1189 4240 1236 4293 est,
1250 4247 1306 4282 eum
1325 4231 1350 4281 in
1368 4231 1396 4280 M
1407 4231 1465 4281 etin
1475 4232 1592 4281 omnibus

229 4319 316 4370 latinis
324 4318 482 4369 versionibus
493 4317 591 4383 legetur
598 4325 693 4382 postea

275 4490 301 4529 2.
315 4465 391 4550 eam]
409 4471 456 4528 Ps.
477 4471 542 4540 126,
563 4488 587 4528 r.
938 4466 1078 4526 voluntas
1094 4483 1162 4524 mea
1176 4463 1207 4523 in
1222 4461 1264 4524 eis
1276 4463 1291 4522 '.

274 4571 300 4630 5.
317 4553 349 4612 r‘n
363 4548 416 4631 ers]
429 4552 517 4610 Psalt.
534 4551 617 4611 hebr.
635 4547 761 4609 Hieron.
778 4549 885 4609 ‘Sauo
982 4566 1026 4621 14.
1040 4543 1205 4627 mirabilia]
1220 4547 1267 4606 Ps.
1293 4563 1339 4621 77,
1360 4565 1403 4605 re.

232 4633 272 4696 tis
281 4634 336 4713 qui
346 4633 376 4695 in
387 4645 464 4694 terra
477 4643 585 4692 suntet
596 4630 773 4708 magnificis,
786 4630 886 4689 omnis
