4202 5492
649 445 905 512 TRACTATUS
929 447 987 508 DE
1009 447 1177 510 PSALMO
1201 449 1339 510 LXXVI.
1613 449 1669 535 53

312 680 370 738 est.
389 667 474 751 Quis
487 667 579 736 Deus'
594 693 735 756 magnus
748 671 834 739 sicut
846 673 940 738 Dens
955 676 1095 740 noster?
1110 674 1205 742 Sicut
1220 675 1309 740 enim
1325 679 1333 708 ‘
1349 683 1426 740 sunt
1448 675 1494 740 dii
1512 673 1617 753 multi,
1635 682 1668 739 et

312 779 438 845 domini
455 773 551 845 multi
564 780 571 808 '
583 779 662 864 (hoc
677 781 824 865 loquitur
836 779 1017 864 apostolus.
1029 783 1037 814 ‘
1049 781 1141 846 Deus
1156 783 1249 847 stetit
1262 782 1294 846 in
1312 801 1485 865 synagoga
1497 777 1635 846 deor'um
1650 782 1666 848 '.

311 889 320 918 ⁸
336 887 411 968 Ego
427 886 521 950 dixi:
547 887 593 951 dii
621 887 710 965 estis,
725 898 759 955 et
786 887 844 953 filii
862 885 998 950 Excelsi
1025 905 1142 951 omnes
1158 887 1173 951 ’.
1201 885 1245 952 Et
1272 889 1314 952 ad
1343 887 1487 974 Moysen¹
1503 895 1511 924 ‘
1528 889 1617 953 Dedi
1632 897 1666 953 te

311 993 410 1056 deum
429 993 624 1078 Faraonis):
639 994 746 1060 sancti
762 993 809 1059 dii
833 991 997 1057 dicuntur.
1016 991 1069 1056 illi
1086 993 1267 1057 seeundum
1285 989 1426 1076 gratiam
1450 994 1507 1072 dii,
1525 1005 1559 1059 tu
1576 994 1664 1058 enim

282 1099 294 1151 5
312 1105 429 1162 natura
446 1096 539 1162 Deus
565 1119 611 1165 es.
631 1099 680 1163 Tu
705 1120 738 1163 es
754 1100 845 1162 Dens
859 1095 919 1180 qui
932 1096 1027 1177 sacis
1041 1097 1218 1164 mirabilra.
1248 1098 1324 1163 Non
1341 1099 1439 1176 dixit,
1465 1100 1521 1182 qui
1538 1098 1667 1176 iecisti;

312 1202 378 1281 sed,
393 1205 450 1286 qui
468 1203 557 1269 facis.
573 1203 707 1268 Cotidie
725 1203 816 1265 Deus
845 1199 925 1265 iacit
942 1201 1115 1278 mirabilia,
1130 1211 1165 1266 et
1180 1211 1345 1283 operatur,
1360 1211 1393 1266 et
1411 1203 1523 1280 Filius,
1539 1211 1572 1267 et
1590 1202 1666 1284 Spi-

312 1307 392 1372 ritus
408 1318 553 1375 sanctus.
574 1309 606 1373 Τ
602 1331 623 1374 u
647 1329 681 1372 es
695 1308 787 1372 Dens
811 1305 969 1389 qnisacis
993 1305 1171 1372 mirabilia.
1190 1307 1271 1371 Heri
1288 1308 1382 1386 latro,
1398 1308 1498 1372 hodie
1514 1307 1666 1390 Xpistia-

312 1433 394 1478 nus:
416 1413 486 1478 heri
511 1415 699 1489 fornicator,
727 1413 827 1478 hodie
851 1411 1046 1476 continens:
1072 1412 1140 1477 heri
1167 1412 1320 1494 rapiebas
1346 1413 1464 1490 aliena,
1492 1433 1579 1477 nunc
1606 1422 1664 1476 tua

312 1519 459 1603 porrigis.

268 1625 297 1663 ¹⁰
352 1621 479 1687 Notom
495 1623 614 1704 secisti
639 1621 674 1687 in
691 1623 823 1705 populas
847 1620 1004 1686 virtatem
1021 1633 1122 1687 tuam.
1149 1623 1315 1706 ‘Xpistus
1343 1622 1406 1687 Dei
1431 1623 1535 1688 virtus
1551 1631 1585 1686 et
1602 1622 1666 1685 Dei

311 1727 497 1809 sapientia’
522 1753 530 1792 :
558 1729 777 1811 ‘mysterium
803 1727 895 1810 quod
921 1749 941 1792 a
967 1727 1108 1791 saeculis
1135 1727 1242 1792 fuerat
1269 1728 1502 1793 absconditum
1520 1729 1551 1806 ’ς
1577 1747 1665 1792 nunc

312 1839 423 1894 notam
441 1831 547 1896 iecisti
565 1832 597 1896 in
614 1834 747 1916 populis
762 1834 919 1898 virtutem
937 1843 1038 1898 tuam.
1056 1823 1240 1897 Redemisti
1255 1829 1434 1898 in'braclrio
1449 1844 1503 1898 tuo
1511 1832 1666 1916 populum

311 1941 412 2000 tuum.
430 1940 437 1967 ¹
455 1935 602 2001 Domine
628 1939 702 2020 quis
729 1937 870 2002 credidit
897 1937 1026 2002 auditui
1043 1944 1180 2002 nostro?
1196 1948 1229 2002 et
1257 1937 1429 2002 brachium
1458 1937 1596 2002 Domini
1613 1937 1665 2000 cui

312 2037 490 2105 revelatum
507 2047 582 2106 esti
597 2041 605 2068 ’
620 2040 806 2106 Redemistr'
816 2041 850 2105 in
862 2041 992 2106 brachio
1003 2052 1058 2106 tuo
1066 2042 1222 2125 populum
1236 2051 1329 2106 tunm
1341 2067 1352 2107 .·
1365 2044 1397 2106 id
1409 2051 1469 2120 est,
1486 2042 1518 2106 in
1533 2038 1666 2124 Xpisto.

268 2149 294 2204 ¹5
313 2140 415 2206 Filios
428 2144 523 2210 Iacob
537 2155 571 2210 et
593 2146 712 2230 loseph.
730 2147 921 2230 Utrumque
937 2147 1108 2229 populum,
1132 2156 1166 2211 et
1185 2143 1393 2224 iudaeorum,
1420 2153 1453 2210 et
1471 2145 1666 2228 Xpistiano·

312 2267 402 2312 rum:
421 2249 531 2328 iacob,
547 2251 579 2315 in
597 2251 723 2335 populo
742 2252 951 2329 Iudaeorum,
961 2261 993 2316 et
1008 2252 1138 2334 ioseph,
1150 2252 1183 2316 in
1201 2251 1327 2334 populo
1339 2250 1499 2332 gentium.
1511 2249 1667 2331 Denique

313 2350 434 2434 Ioseph
450 2355 686 2438 interpretatur
705 2355 818 2440 lingua
834 2357 977 2422 hebraea
993 2366 1222 2439 augmentum.
1240 2355 1292 2420 illi
1309 2375 1389 2438 ergo
1405 2363 1665 2437 praecesserunt,

311 2463 343 2518 et
359 2476 420 2520 nos
435 2459 584 2524 adiuncti
602 2481 736 2526 sumus:
752 2471 928 2546 propterea
944 2463 1086 2526 dicitur‘
1107 2461 1192 2525 filios
1210 2461 1313 2525 iacob
1328 2471 1361 2526 et
1380 2460 1501 2543 loseph
1518 2461 1534 2526 '.

363 2559 524 2626 Viderunt
537 2574 568 2627 te
581 2585 686 2647 oquae
708 2565 804 2643 Deus,
825 2567 982 2630 orilemnt
996 2576 1026 2630 te
1039 2587 1151 2648 apuu,
1165 2575 1198 2630 et
1212 2565 1400 2629 tr'mntrnnt.
1420 2565 1558 2629 Interim
1576 2564 1664 2627 dica-

264 2677 294 2714 20
313 2683 384 2726 mus
400 2669 583 2732 secundum
601 2668 746 2734 litteram
761 2693 768 2749 ;
784 2669 980 2735 haereamus
995 2679 1102 2734 terrae
1123 2680 1261 2754 propter
1275 2671 1502 2754 simpliciores.
1518 2670 1665 2754 Quando
1753 2690 1755 2693 ·

312 2769 454 2852 populus
478 2773 630 2838 transivit
657 2793 716 2857 per
732 2793 822 2838 mare
850 2774 1000 2839 Rubrum
1018 2783 1051 2838 et
1079 2794 1137 2858 per
1155 2774 1342 2847 iomanem,
1368 2783 1550 2839 creatorem
1568 2793 1663 2837 suum

311 2872 547 2942 intellexerunt
562 2898 678 2963 aquae,
703 2887 736 2943 et
761 2877 904 2960 populus
920 2899 986 2943 non
1012 2878 1186 2945 intellexit.
1203 2879 1250 2942 Et
1275 2877 1425 2942 turbatae
1448 2888 1528 2941 sunt
1549 2877 1665 2959 abyssi.

311 2983 317 3006 ¹
335 2978 429 3044 Mare
444 2982 537 3058 uidit,
552 2993 587 3048 et
602 2982 708 3066 sugit:
725 2981 877 3046 iordanis
893 3002 1070 3046 conversus
1087 2991 1137 3046 est
1154 2993 1331 3047 retrorsum
1350 2982 1365 3048 '.
1381 2981 1566 3047 Multitudo
1581 2982 1666 3044 soni-

311 3090 569 3166 tusaqnanrm.‘
586 3087 824 3151 Discusserunt
842 3086 946 3149 nubes
961 3107 1065 3169 aquas
1082 3094 1089 3122 ’
1106 3087 1206 3151 habet
1223 3088 1255 3150 in
1274 3087 1426 3152 hebraeo.
1448 3087 1559 3153 Vocem
1574 3088 1664 3150 dede-

264 3201 294 3254 25
311 3195 389 3250 runt
404 3188 509 3254 mebes.
528 3189 573 3254 Et
592 3191 657 3255 boc
673 3191 941 3272 interpretantur,
956 3191 1094 3273 quando
1110 3192 1204 3255 Deus
1220 3189 1310 3255 uisus
1326 3202 1378 3256 est
1393 3193 1425 3255 in
1444 3191 1525 3257 Sina
1543 3202 1666 3256 monte.

310 3288 443 3354 Etenim
458 3294 599 3375 sagittae
614 3303 690 3357 tuae
695 3283 932 3375 perambulant
943 3318 954 3358 :
976 3315 1038 3356 uox
1052 3295 1193 3358 tonitrui
1205 3295 1258 3359 tui
1272 3297 1306 3358 in
1330 3306 1409 3359 roto.
1427 3297 1472 3360 Et
1488 3297 1551 3359 hoc
1568 3297 1666 3359 inter-

311 3405 483 3474 pretantur
498 3399 540 3462 de
554 3397 738 3494 fulgoribus
749 3406 782 3462 et
794 3398 930 3463 dicunt:
947 3397 1095 3481 Quando
1106 3400 1268 3463 tonitruat
1280 3400 1382 3479 Deus,
1394 3399 1535 3465 similem
1549 3419 1664 3464 vocem

311 3498 389 3564 facit
405 3511 504 3566 rotae.
521 3503 655 3568 Videtis
682 3503 854 3586 quomodo
878 3501 987 3566 adhuc
1005 3502 1036 3566 in
1066 3511 1153 3567 terra
1180 3503 1335 3567 haeream
1362 3513 1395 3568 et
1411 3504 1528 3587 loquar
1548 3523 1663 3567 secun·

309 3604 389 3670 dum
406 3605 552 3672 litteram
568 3607 787 3673 occidentem.

293 3851 304 3871 t
342 3827 504 3890 aFaraont's]
514 3827 645 3891 pharaoni
663 3825 712 3876 CS.
817 3833 952 3894 renotare]
971 3835 1058 3876 notrror
1079 3826 1140 3896 β,Β
1159 3845 1217 3878 mox
1239 3835 1327 3882 mutat.
1341 3829 1366 3880 in
1387 3837 1479 3881 notam.
1591 3829 1620 3879 16
1638 3829 1669 3878 r’n

306 3908 404 3970 populo]
412 3910 533 3972 populeum
544 3910 572 3960 B.
657 3918 731 3972 2345
746 3907 817 3958 Haec
829 3908 864 3958 sic
875 3909 1011 3974 depravata
1020 3911 1045 3958 in
1061 3909 1188 3960 breviario
1199 3913 1324 3978 leguntur,
1337 3920 1364 3963 ut
1375 3913 1416 3962 vix
1435 3913 1530 3978 possint
1542 3912 1663 3975 intellegi.

310 3990 341 4038 26
347 3987 536 4054 peraarbulant]
542 3991 754 4056 perarrrtatabunr
765 3991 788 4040 G
799 4009 805 4050 ς
814 3992 1022 4056 peranrbnlabant
1034 3991 1049 4060 β
1062 4011 1068 4052 ;
1081 3998 1215 4044 transnavit
1226 3996 1247 4045 C
1259 4012 1322 4046 corr.
1337 3995 1363 4046 iu
1375 4013 1454 4060 marg.
1545 3995 1576 4045 28
1585 3995 1666 4044 adine

309 4074 337 4122 irs
346 4081 416 4124 terra
427 4071 552 4134 haeream]
561 4073 642 4122 adhuc
650 4089 704 4122 sum
717 4073 746 4122 in
754 4078 823 4121 terra
835 4073 921 4121 hebrea
933 4075 964 4124 S!

350 4273 375 4311 2.
392 4248 494 4332 multi]
516 4272 524 4309 ι
544 4251 612 4311 Cor.
625 4252 651 4320 8,
670 4269 695 4326 5.
1057 4269 1099 4324 17.
1116 4250 1316 4334 ongrnentuor]
1333 4253 1396 4313 Lib.
1408 4254 1446 4313 de
1457 4251 1568 4312 nomin.
1581 4251 1662 4310 hebr.

387 4329 517 4413 dromon]
534 4335 579 4392 Ps.
597 4334 644 4404 81,
666 4353 688 4390 ι.
1014 4333 1053 4391 M.
1069 4352 1114 4408 23,
1131 4337 1188 4409 825
1204 4358 1210 4393 :
1228 4339 1235 4365 ‘
1251 4335 1369 4409 Ioseph,
1385 4345 1579 4410 augmentum
1596 4335 1611 4392 ’.

350 4435 375 4492 3.
390 4411 498 4494 onmes]
514 4413 584 4473 ibid.
601 4433 626 4472 v.
641 4417 666 4472 ὁ.
1054 4433 1069 4470 2
1074 4433 1098 4488 3.
1117 4412 1287 4495 retrorsum]
1303 4419 1349 4474 Ps.
1370 4435 1401 4474 ιι
1408 4436 1434 4490 3,
1450 4436 1475 4490 3.

348 4493 547 4575 4.Foroonis]
564 4496 658 4554 Exod.
678 4514 703 4568 7,
725 4513 746 4552 ι.
1054 4514 1099 4568 24.
1130 4498 1162 4555 in
1190 4493 1322 4576 hebraeo]
1352 4499 1440 4557 Psalt.
1471 4496 1551 4556 iuxta
1580 4495 1661 4555 hebr.

350 4599 393 4636 11.
409 4574 565 4656 sapr'entio]
586 4597 596 4633 ι
615 4577 683 4636 Cor.
707 4595 728 4647 ι,
748 4593 792 4647 ²4·
1014 4577 1538 4654 Hieronymi:‘Excusseruntaquas
1549 4577 1661 4646 nubila,

407 4654 613 4738 absconditum]
629 4659 695 4719 Col.
716 4677 739 4728 1,
758 4660 802 4715 τό.
1010 4676 1113 4717 vocem
1130 4659 1279 4719 dederunt
1295 4659 1390 4719 nubes
1405 4662 1419 4718 ¹.

350 4762 394 4816 14.
411 4741 567 4801 revelatum
581 4736 655 4828 est-t]
673 4741 711 4800 Is,
729 4757 775 4817 53,
796 4759 819 4798 1.
