<?xml version="1.0" encoding="UTF-8"?>
<!DOCTYPE html PUBLIC "-//W3C//DTD XHTML 1.0 Transitional//EN"
    "http://www.w3.org/TR/xhtml1/DTD/xhtml1-transitional.dtd">
<html xmlns="http://www.w3.org/1999/xhtml" xml:lang="en" lang="en">
 <head>
  <title>
</title>
<meta http-equiv="Content-Type" content="text/html;charset=utf-8" />
  <meta name='ocr-system' content='tesseract 3.04.00' />
  <meta name='ocr-capabilities' content='ocr_page ocr_carea ocr_par ocr_line ocrx_word'/>
</head>
<body>
  <div class='ocr_page' id='page_1' title='image "./commentarioliin00morigoog/commentarioliin00morigoog_0158.png"; bbox 0 0 4158 5492; ppageno 0'>
   <div class='ocr_carea' id='block_1_1' title="bbox 729 823 1167 924">
    <p class='ocr_par' dir='ltr' id='par_1_1' title="bbox 729 823 1167 924">
     <span class='ocr_line' id='line_1_1' title="bbox 729 823 1167 924; baseline -0.014 0"><span class='ocrx_word' id='word_1_1' title='bbox 729 823 1167 924; x_wconf 83' lang='lat' dir='ltr'>TRACTATUS</span> 
     </span>
    </p>
   </div>
   <div class='ocr_carea' id='block_1_2' title="bbox 307 1091 1601 1530">
    <p class='ocr_par' dir='ltr' id='par_1_2' title="bbox 307 1091 1601 1530">
     <span class='ocr_line' id='line_1_2' title="bbox 307 1091 1601 1241; baseline -0.004 0"><span class='ocrx_word' id='word_1_2' title='bbox 307 1097 577 1241; x_wconf 88' lang='lat' dir='ltr'>SANCTI</span> <span class='ocrx_word' id='word_1_3' title='bbox 635 1094 1074 1236; x_wconf 86' lang='lat' dir='ltr'><strong>HIERONYMI</strong></span> <span class='ocrx_word' id='word_1_4' title='bbox 1135 1091 1601 1236; x_wconf 86' lang='lat' dir='ltr'>PRESBYTERI</span> 
     </span>
     <span class='ocr_line' id='line_1_3' title="bbox 502 1405 1329 1530; baseline -0.001 -21"><span class='ocrx_word' id='word_1_5' title='bbox 502 1521 509 1530; x_wconf 63' lang='grc'><strong><em>,</em></strong></span> <span class='ocrx_word' id='word_1_6' title='bbox 580 1407 637 1508; x_wconf 83' lang='lat' dir='ltr'>ru</span> <span class='ocrx_word' id='word_1_7' title='bbox 684 1405 911 1508; x_wconf 75' lang='lat' dir='ltr'>ulssuuu</span> <span class='ocrx_word' id='word_1_8' title='bbox 956 1405 1329 1508; x_wconf 75' lang='lat' dir='ltr'>Psruuouuu.</span> 
     </span>
    </p>
   </div>
   <div class='ocr_carea' id='block_1_3' title="bbox 223 1810 1631 3352">
    <p class='ocr_par' dir='ltr' id='par_1_3' title="bbox 321 1810 1631 1898">
     <span class='ocr_line' id='line_1_4' title="bbox 321 1810 1631 1898; baseline -0.004 -19"><span class='ocrx_word' id='word_1_9' title='bbox 321 1815 515 1880; x_wconf 87' lang='lat' dir='ltr'>Psalterium</span> <span class='ocrx_word' id='word_1_10' title='bbox 543 1815 590 1878; x_wconf 91' lang='lat' dir='ltr'>ita</span> <span class='ocrx_word' id='word_1_11' title='bbox 616 1823 666 1879; x_wconf 87' lang='lat' dir='ltr'>est</span> <span class='ocrx_word' id='word_1_12' title='bbox 692 1813 785 1898; x_wconf 85' lang='lat' dir='ltr'>quasi</span> <span class='ocrx_word' id='word_1_13' title='bbox 812 1832 934 1896; x_wconf 85' lang='lat' dir='ltr'>magna</span> <span class='ocrx_word' id='word_1_14' title='bbox 961 1814 1091 1891; x_wconf 91' lang='lat' dir='ltr'>domus,</span> <span class='ocrx_word' id='word_1_15' title='bbox 1114 1833 1201 1898; x_wconf 89' lang='lat' dir='ltr'>quae</span> <span class='ocrx_word' id='word_1_16' title='bbox 1232 1831 1332 1876; x_wconf 91' lang='lat' dir='ltr'>unam</span> <span class='ocrx_word' id='word_1_17' title='bbox 1365 1811 1500 1894; x_wconf 91' lang='lat' dir='ltr'>quidem</span> <span class='ocrx_word' id='word_1_18' title='bbox 1528 1810 1631 1876; x_wconf 89' lang='lat' dir='ltr'>habet</span> 
     </span>
    </p>

    <p class='ocr_par' dir='ltr' id='par_1_4' title="bbox 242 1915 1630 2002">
     <span class='ocr_line' id='line_1_5' title="bbox 242 1915 1630 2002; baseline -0.004 -18"><span class='ocrx_word' id='word_1_19' title='bbox 242 1941 256 1994; x_wconf 83' lang='lat'>5</span> <span class='ocrx_word' id='word_1_20' title='bbox 274 1919 474 1986; x_wconf 79' lang='lat' dir='ltr'>exteriorem</span> <span class='ocrx_word' id='word_1_21' title='bbox 490 1917 618 1983; x_wconf 90' lang='lat' dir='ltr'>clavem</span> <span class='ocrx_word' id='word_1_22' title='bbox 635 1921 668 1983; x_wconf 93' lang='lat' dir='ltr'>in</span> <span class='ocrx_word' id='word_1_23' title='bbox 686 1927 790 2002; x_wconf 90' lang='lat' dir='ltr'>porta,</span> <span class='ocrx_word' id='word_1_24' title='bbox 803 1917 835 1980; x_wconf 92' lang='lat' dir='ltr'>in</span> <span class='ocrx_word' id='word_1_25' title='bbox 852 1915 989 1982; x_wconf 89' lang='lat' dir='ltr'>diversis</span> <span class='ocrx_word' id='word_1_26' title='bbox 1002 1939 1080 1984; x_wconf 90' lang='lat' dir='ltr'>vero</span> <span class='ocrx_word' id='word_1_27' title='bbox 1093 1919 1290 1983; x_wconf 88' lang='lat' dir='ltr'>intrinsecus</span> <span class='ocrx_word' id='word_1_28' title='bbox 1306 1915 1467 1980; x_wconf 81' lang='lat' dir='ltr'>cubiculis</span> <span class='ocrx_word' id='word_1_29' title='bbox 1479 1915 1630 1999; x_wconf 88' lang='lat' dir='ltr'>proprias</span> 
     </span>
    </p>

    <p class='ocr_par' dir='ltr' id='par_1_5' title="bbox 274 2020 1630 2107">
     <span class='ocr_line' id='line_1_6' title="bbox 274 2020 1630 2107; baseline -0.004 -19"><span class='ocrx_word' id='word_1_30' title='bbox 274 2023 384 2088; x_wconf 87' lang='lat' dir='ltr'>claves</span> <span class='ocrx_word' id='word_1_31' title='bbox 399 2023 511 2088; x_wconf 90' lang='lat' dir='ltr'>habet.</span> <span class='ocrx_word' id='word_1_32' title='bbox 521 2023 616 2087; x_wconf 84' lang='lat' dir='ltr'>Licet</span> <span class='ocrx_word' id='word_1_33' title='bbox 632 2023 775 2107; x_wconf 86' lang='lat' dir='ltr'>amplior</span> <span class='ocrx_word' id='word_1_34' title='bbox 791 2041 857 2086; x_wconf 90' lang='lat' dir='ltr'>una</span> <span class='ocrx_word' id='word_1_35' title='bbox 869 2021 970 2086; x_wconf 89' lang='lat' dir='ltr'>clavis</span> <span class='ocrx_word' id='word_1_36' title='bbox 986 2022 1029 2087; x_wconf 92' lang='lat' dir='ltr'>sit</span> <span class='ocrx_word' id='word_1_37' title='bbox 1045 2023 1181 2105; x_wconf 86' lang='lat' dir='ltr'>grandis</span> <span class='ocrx_word' id='word_1_38' title='bbox 1194 2031 1311 2105; x_wconf 87' lang='lat' dir='ltr'>portae</span> <span class='ocrx_word' id='word_1_39' title='bbox 1327 2020 1471 2104; x_wconf 82' lang='lat' dir='ltr'>Spiritus</span> <span class='ocrx_word' id='word_1_40' title='bbox 1483 2029 1630 2098; x_wconf 88' lang='lat' dir='ltr'>sanctus,</span> 
     </span>
    </p>

    <p class='ocr_par' dir='ltr' id='par_1_6' title="bbox 273 2123 1630 2211">
     <span class='ocr_line' id='line_1_7' title="bbox 273 2123 1630 2211; baseline -0.004 -17"><span class='ocrx_word' id='word_1_41' title='bbox 273 2137 387 2194; x_wconf 88' lang='lat' dir='ltr'>tamen</span> <span class='ocrx_word' id='word_1_42' title='bbox 411 2128 676 2211; x_wconf 88' lang='lat' dir='ltr'>unumquodque</span> <span class='ocrx_word' id='word_1_43' title='bbox 702 2124 891 2190; x_wconf 89' lang='lat' dir='ltr'>cubiculum</span> <span class='ocrx_word' id='word_1_44' title='bbox 908 2125 1009 2192; x_wconf 90' lang='lat' dir='ltr'>habet</span> <span class='ocrx_word' id='word_1_45' title='bbox 1036 2127 1186 2211; x_wconf 88' lang='lat' dir='ltr'>proprias</span> <span class='ocrx_word' id='word_1_46' title='bbox 1203 2125 1380 2190; x_wconf 88' lang='lat' dir='ltr'>claviculas</span> <span class='ocrx_word' id='word_1_47' title='bbox 1397 2144 1482 2188; x_wconf 86' lang='lat' dir='ltr'>suas.</span> <span class='ocrx_word' id='word_1_48' title='bbox 1500 2124 1536 2190; x_wconf 89' lang='lat' dir='ltr'>Si</span> <span class='ocrx_word' id='word_1_49' title='bbox 1554 2123 1630 2206; x_wconf 86' lang='lat' dir='ltr'>quis</span> 
     </span>
    </p>

    <p class='ocr_par' dir='ltr' id='par_1_7' title="bbox 274 2227 1630 2316">
     <span class='ocr_line' id='line_1_8' title="bbox 274 2227 1630 2316; baseline -0.004 -20"><span class='ocrx_word' id='word_1_50' title='bbox 274 2233 375 2316; x_wconf 83' lang='lat' dir='ltr'>igitur</span> <span class='ocrx_word' id='word_1_51' title='bbox 390 2231 499 2296; x_wconf 91' lang='lat' dir='ltr'>claves</span> <span class='ocrx_word' id='word_1_52' title='bbox 523 2230 679 2295; x_wconf 78' lang='lat' dir='ltr'>confusas</span> <span class='ocrx_word' id='word_1_53' title='bbox 694 2231 738 2294; x_wconf 90' lang='lat' dir='ltr'>de</span> <span class='ocrx_word' id='word_1_54' title='bbox 753 2231 855 2294; x_wconf 94' lang='lat' dir='ltr'>domo</span> <span class='ocrx_word' id='word_1_55' title='bbox 882 2229 1032 2312; x_wconf 86' lang='lat' dir='ltr'>proiciat,</span> <span class='ocrx_word' id='word_1_56' title='bbox 1055 2231 1083 2294; x_wconf 91' lang='lat' dir='ltr'>si</span> <span class='ocrx_word' id='word_1_57' title='bbox 1108 2231 1249 2295; x_wconf 89' lang='lat' dir='ltr'>voluerit</span> <span class='ocrx_word' id='word_1_58' title='bbox 1276 2229 1404 2313; x_wconf 91' lang='lat' dir='ltr'>aperire</span> <span class='ocrx_word' id='word_1_59' title='bbox 1427 2227 1630 2305; x_wconf 88' lang='lat' dir='ltr'>cubiculum,</span> 
     </span>
    </p>

    <p class='ocr_par' dir='ltr' id='par_1_8' title="bbox 274 2331 1630 2419">
     <span class='ocr_line' id='line_1_9' title="bbox 274 2331 1630 2419; baseline -0.003 -19"><span class='ocrx_word' id='word_1_60' title='bbox 274 2355 340 2400; x_wconf 89' lang='lat' dir='ltr'>non</span> <span class='ocrx_word' id='word_1_61' title='bbox 356 2344 467 2419; x_wconf 86' lang='lat' dir='ltr'>potest</span> <span class='ocrx_word' id='word_1_62' title='bbox 480 2335 542 2399; x_wconf 94' lang='lat' dir='ltr'>nisi</span> <span class='ocrx_word' id='word_1_63' title='bbox 554 2333 681 2400; x_wconf 87' lang='lat' dir='ltr'>clavem</span> <span class='ocrx_word' id='word_1_64' title='bbox 695 2333 877 2398; x_wconf 86' lang='lat' dir='ltr'>invenerit:</span> <span class='ocrx_word' id='word_1_65' title='bbox 894 2334 940 2396; x_wconf 91' lang='lat' dir='ltr'>sic</span> <span class='ocrx_word' id='word_1_66' title='bbox 952 2333 1074 2417; x_wconf 84' lang='lat' dir='ltr'>singuli</span> <span class='ocrx_word' id='word_1_67' title='bbox 1087 2333 1207 2418; x_wconf 87' lang='lat' dir='ltr'>psalmi</span> <span class='ocrx_word' id='word_1_68' title='bbox 1220 2334 1314 2418; x_wconf 89' lang='lat' dir='ltr'>quasi</span> <span class='ocrx_word' id='word_1_69' title='bbox 1328 2331 1478 2416; x_wconf 84' lang='lat' dir='ltr'>singulae</span> <span class='ocrx_word' id='word_1_70' title='bbox 1490 2331 1630 2396; x_wconf 84' lang='lat' dir='ltr'>cellulae</span> 
     </span>
    </p>

    <p class='ocr_par' dir='ltr' id='par_1_9' title="bbox 225 2436 1629 2628">
     <span class='ocr_line' id='line_1_10' title="bbox 225 2436 1629 2522; baseline -0.001 -20"><span class='ocrx_word' id='word_1_71' title='bbox 225 2466 256 2502; x_wconf 84' lang='lat' dir='ltr'>ro</span> <span class='ocrx_word' id='word_1_72' title='bbox 274 2447 362 2518; x_wconf 91' lang='lat' dir='ltr'>sunt,</span> <span class='ocrx_word' id='word_1_73' title='bbox 386 2439 549 2504; x_wconf 90' lang='lat' dir='ltr'>habentes</span> <span class='ocrx_word' id='word_1_74' title='bbox 576 2437 709 2522; x_wconf 89' lang='lat' dir='ltr'>proprie</span> <span class='ocrx_word' id='word_1_75' title='bbox 732 2437 842 2501; x_wconf 87' lang='lat' dir='ltr'>claves</span> <span class='ocrx_word' id='word_1_76' title='bbox 866 2457 951 2503; x_wconf 89' lang='lat' dir='ltr'>suas.</span> <span class='ocrx_word' id='word_1_77' title='bbox 969 2436 1114 2502; x_wconf 90' lang='lat' dir='ltr'>Grandis</span> <span class='ocrx_word' id='word_1_78' title='bbox 1139 2437 1252 2522; x_wconf 88' lang='lat' dir='ltr'>itaque</span> <span class='ocrx_word' id='word_1_79' title='bbox 1279 2447 1375 2521; x_wconf 89' lang='lat' dir='ltr'>porta</span> <span class='ocrx_word' id='word_1_80' title='bbox 1398 2438 1492 2502; x_wconf 90' lang='lat' dir='ltr'>istius</span> <span class='ocrx_word' id='word_1_81' title='bbox 1508 2436 1629 2502; x_wconf 88' lang='lat' dir='ltr'>domus</span> 
     </span>
     <span class='ocr_line' id='line_1_11' title="bbox 274 2540 930 2628; baseline -0.003 -21"><span class='ocrx_word' id='word_1_82' title='bbox 274 2543 402 2628; x_wconf 90' lang='lat' dir='ltr'>primus</span> <span class='ocrx_word' id='word_1_83' title='bbox 417 2542 566 2628; x_wconf 87' lang='lat' dir='ltr'>psalmus</span> <span class='ocrx_word' id='word_1_84' title='bbox 582 2552 643 2622; x_wconf 86' lang='lat' dir='ltr'>est,</span> <span class='ocrx_word' id='word_1_85' title='bbox 657 2543 714 2626; x_wconf 93' lang='lat' dir='ltr'>qui</span> <span class='ocrx_word' id='word_1_86' title='bbox 731 2541 778 2607; x_wconf 91' lang='lat' dir='ltr'>ita</span> <span class='ocrx_word' id='word_1_87' title='bbox 795 2540 930 2625; x_wconf 89' lang='lat' dir='ltr'>incipit:</span> 
     </span>
    </p>

    <p class='ocr_par' dir='ltr' id='par_1_10' title="bbox 273 2645 1627 2938">
     <span class='ocr_line' id='line_1_12' title="bbox 318 2645 1627 2730; baseline 0.001 -20"><span class='ocrx_word' id='word_1_88' title='bbox 318 2647 441 2711; x_wconf 81' lang='lat' dir='ltr'>Beatus</span> <span class='ocrx_word' id='word_1_89' title='bbox 467 2646 524 2710; x_wconf 87' lang='lat' dir='ltr'>vir</span> <span class='ocrx_word' id='word_1_90' title='bbox 536 2646 671 2730; x_wconf 87' lang='lat' dir='ltr'>quinon</span> <span class='ocrx_word' id='word_1_91' title='bbox 697 2645 830 2710; x_wconf 86' lang='lat' dir='ltr'>obiitin</span> <span class='ocrx_word' id='word_1_92' title='bbox 846 2645 976 2709; x_wconf 85' lang='lat' dir='ltr'>consitio</span> <span class='ocrx_word' id='word_1_93' title='bbox 1002 2645 1183 2728; x_wconf 88' lang='lat' dir='ltr'>impiorum.</span> <span class='ocrx_word' id='word_1_94' title='bbox 1212 2647 1360 2729; x_wconf 84' lang='lat' dir='ltr'>Quidam</span> <span class='ocrx_word' id='word_1_95' title='bbox 1386 2656 1506 2730; x_wconf 90' lang='lat' dir='ltr'>putant</span> <span class='ocrx_word' id='word_1_96' title='bbox 1533 2647 1627 2713; x_wconf 90' lang='lat' dir='ltr'>istius</span> 
     </span>
     <span class='ocr_line' id='line_1_13' title="bbox 274 2748 1625 2834; baseline 0.002 -20"><span class='ocrx_word' id='word_1_97' title='bbox 274 2749 393 2834; x_wconf 91' lang='lat' dir='ltr'>psalmi</span> <span class='ocrx_word' id='word_1_98' title='bbox 410 2748 537 2815; x_wconf 87' lang='lat' dir='ltr'>clavem</span> <span class='ocrx_word' id='word_1_99' title='bbox 554 2769 653 2833; x_wconf 87' lang='lat' dir='ltr'>super</span> <span class='ocrx_word' id='word_1_100' title='bbox 670 2749 782 2833; x_wconf 91' lang='lat' dir='ltr'>Xpisti</span> <span class='ocrx_word' id='word_1_101' title='bbox 798 2749 925 2813; x_wconf 91' lang='lat' dir='ltr'>domini</span> <span class='ocrx_word' id='word_1_102' title='bbox 954 2751 1057 2813; x_wconf 89' lang='lat' dir='ltr'>nostri</span> <span class='ocrx_word' id='word_1_103' title='bbox 1085 2771 1226 2833; x_wconf 88' lang='lat' dir='ltr'>persona</span> <span class='ocrx_word' id='word_1_104' title='bbox 1245 2771 1317 2815; x_wconf 92' lang='lat' dir='ltr'>esse</span> <span class='ocrx_word' id='word_1_105' title='bbox 1342 2751 1548 2816; x_wconf 84' lang='lat' dir='ltr'>referendam</span> <span class='ocrx_word' id='word_1_106' title='bbox 1565 2761 1625 2818; x_wconf 89' lang='lat' dir='ltr'>:ut</span> 
     </span>
     <span class='ocr_line' id='line_1_14' title="bbox 273 2853 1626 2938; baseline 0 -20"><span class='ocrx_word' id='word_1_107' title='bbox 273 2854 392 2920; x_wconf 87' lang='lat' dir='ltr'>beatus</span> <span class='ocrx_word' id='word_1_108' title='bbox 407 2853 469 2918; x_wconf 89' lang='lat' dir='ltr'>iste</span> <span class='ocrx_word' id='word_1_109' title='bbox 494 2853 543 2917; x_wconf 91' lang='lat' dir='ltr'>vir</span> <span class='ocrx_word' id='word_1_110' title='bbox 558 2853 742 2918; x_wconf 86' lang='lat' dir='ltr'>secundum</span> <span class='ocrx_word' id='word_1_111' title='bbox 768 2853 939 2919; x_wconf 88' lang='lat' dir='ltr'>hominem</span> <span class='ocrx_word' id='word_1_112' title='bbox 956 2853 1098 2935; x_wconf 89' lang='lat' dir='ltr'>Xpistus</span> <span class='ocrx_word' id='word_1_113' title='bbox 1122 2855 1172 2920; x_wconf 89' lang='lat' dir='ltr'>sit.</span> <span class='ocrx_word' id='word_1_114' title='bbox 1190 2855 1284 2919; x_wconf 90' lang='lat' dir='ltr'>Bona</span> <span class='ocrx_word' id='word_1_115' title='bbox 1301 2855 1436 2938; x_wconf 88' lang='lat' dir='ltr'>quidem</span> <span class='ocrx_word' id='word_1_116' title='bbox 1461 2854 1626 2932; x_wconf 90' lang='lat' dir='ltr'>voluntas,</span> 
     </span>
    </p>

    <p class='ocr_par' dir='ltr' id='par_1_11' title="bbox 223 2957 1627 3352">
     <span class='ocr_line' id='line_1_15' title="bbox 223 2957 1627 3042; baseline -0.001 -18"><span class='ocrx_word' id='word_1_117' title='bbox 223 2989 232 3024; x_wconf 84' lang='lat' dir='ltr'>r</span> <span class='ocrx_word' id='word_1_118' title='bbox 238 2987 253 3039; x_wconf 84' lang='lat'>5</span> <span class='ocrx_word' id='word_1_119' title='bbox 273 2959 331 3024; x_wconf 89' lang='lat' dir='ltr'>sed</span> <span class='ocrx_word' id='word_1_120' title='bbox 349 2959 503 3042; x_wconf 85' lang='lat' dir='ltr'>inperitia</span> <span class='ocrx_word' id='word_1_121' title='bbox 518 2967 577 3024; x_wconf 87' lang='lat' dir='ltr'>est.</span> <span class='ocrx_word' id='word_1_122' title='bbox 595 2957 632 3024; x_wconf 87' lang='lat' dir='ltr'>Si</span> <span class='ocrx_word' id='word_1_123' title='bbox 648 2957 737 3030; x_wconf 83' lang='lat' dir='ltr'>enim</span> <span class='ocrx_word' id='word_1_124' title='bbox 753 2957 871 3022; x_wconf 89' lang='lat' dir='ltr'>beatus</span> <span class='ocrx_word' id='word_1_125' title='bbox 887 2957 936 3020; x_wconf 88' lang='lat' dir='ltr'>vir</span> <span class='ocrx_word' id='word_1_126' title='bbox 952 2957 1093 3040; x_wconf 89' lang='lat' dir='ltr'>Xpistus</span> <span class='ocrx_word' id='word_1_127' title='bbox 1109 2966 1169 3036; x_wconf 87' lang='lat' dir='ltr'>est,</span> <span class='ocrx_word' id='word_1_128' title='bbox 1184 2968 1217 3023; x_wconf 90' lang='lat' dir='ltr'>et</span> <span class='ocrx_word' id='word_1_129' title='bbox 1234 2958 1376 3041; x_wconf 89' lang='lat' dir='ltr'>Xpistus</span> <span class='ocrx_word' id='word_1_130' title='bbox 1399 2958 1507 3042; x_wconf 84' lang='lat' dir='ltr'>legem</span> <span class='ocrx_word' id='word_1_131' title='bbox 1524 2958 1627 3037; x_wconf 86' lang='lat' dir='ltr'>dedit,</span> 
     </span>
     <span class='ocr_line' id='line_1_16' title="bbox 272 3059 1627 3147; baseline 0 -21"><span class='ocrx_word' id='word_1_132' title='bbox 272 3062 445 3147; x_wconf 88' lang='lat' dir='ltr'>quomodo</span> <span class='ocrx_word' id='word_1_133' title='bbox 472 3080 560 3126; x_wconf 91' lang='lat' dir='ltr'>nunc</span> <span class='ocrx_word' id='word_1_134' title='bbox 582 3061 626 3126; x_wconf 91' lang='lat' dir='ltr'>de</span> <span class='ocrx_word' id='word_1_135' title='bbox 652 3060 776 3144; x_wconf 91' lang='lat' dir='ltr'>Xpisto</span> <span class='ocrx_word' id='word_1_136' title='bbox 803 3059 932 3137; x_wconf 87' lang='lat' dir='ltr'>dicitur,</span> <span class='ocrx_word' id='word_1_137' title='bbox 949 3059 1021 3124; x_wconf 86' lang='lat' dir='ltr'>Sed</span> <span class='ocrx_word' id='word_1_138' title='bbox 1044 3060 1078 3124; x_wconf 87' lang='lat' dir='ltr'>in</span> <span class='ocrx_word' id='word_1_139' title='bbox 1104 3061 1170 3142; x_wconf 84' lang='lat' dir='ltr'>lege</span> <span class='ocrx_word' id='word_1_140' title='bbox 1196 3061 1337 3126; x_wconf 83' lang='lat' dir='ltr'>Domini</span> <span class='ocrx_word' id='word_1_141' title='bbox 1360 3061 1512 3126; x_wconf 85' lang='lat' dir='ltr'>voluntas</span> <span class='ocrx_word' id='word_1_142' title='bbox 1535 3061 1627 3126; x_wconf 82' lang='lat' dir='ltr'>eius?</span> 
     </span>
     <span class='ocr_line' id='line_1_17' title="bbox 274 3161 1626 3248; baseline 0.001 -19"><span class='ocrx_word' id='word_1_143' title='bbox 274 3165 407 3230; x_wconf 90' lang='lat' dir='ltr'>Deinde</span> <span class='ocrx_word' id='word_1_144' title='bbox 430 3164 602 3248; x_wconf 92' lang='lat' dir='ltr'>quomodo</span> <span class='ocrx_word' id='word_1_145' title='bbox 627 3163 719 3248; x_wconf 85' lang='lat' dir='ltr'>ligno</span> <span class='ocrx_word' id='word_1_146' title='bbox 743 3161 836 3227; x_wconf 86' lang='lat' dir='ltr'>alteri</span> <span class='ocrx_word' id='word_1_147' title='bbox 864 3173 1074 3245; x_wconf 86' lang='lat' dir='ltr'>conparatur,</span> <span class='ocrx_word' id='word_1_148' title='bbox 1089 3173 1123 3228; x_wconf 94' lang='lat' dir='ltr'>et</span> <span class='ocrx_word' id='word_1_149' title='bbox 1149 3165 1279 3243; x_wconf 91' lang='lat' dir='ltr'>dicitur,</span> <span class='ocrx_word' id='word_1_150' title='bbox 1303 3165 1351 3228; x_wconf 89' lang='lat' dir='ltr'>Et</span> <span class='ocrx_word' id='word_1_151' title='bbox 1368 3165 1433 3229; x_wconf 87' lang='lat' dir='ltr'>erit</span> <span class='ocrx_word' id='word_1_152' title='bbox 1457 3175 1626 3248; x_wconf 83' lang='lat' dir='ltr'>tamquam</span> 
     </span>
     <span class='ocr_line' id='line_1_18' title="bbox 272 3266 1627 3352; baseline 0 -18"><span class='ocrx_word' id='word_1_153' title='bbox 272 3269 401 3352; x_wconf 56' lang='lat' dir='ltr'>legrnum</span> <span class='ocrx_word' id='word_1_154' title='bbox 415 3267 504 3352; x_wconf 83' lang='lat' dir='ltr'>quod</span> <span class='ocrx_word' id='word_1_155' title='bbox 517 3267 708 3352; x_wconf 83' lang='lat' dir='ltr'>plantatum</span> <span class='ocrx_word' id='word_1_156' title='bbox 723 3277 771 3330; x_wconf 90' lang='lat' dir='ltr'>est</span> <span class='ocrx_word' id='word_1_157' title='bbox 792 3287 880 3330; x_wconf 82' lang='lat' dir='ltr'>secus</span> <span class='ocrx_word' id='word_1_158' title='bbox 902 3266 1055 3330; x_wconf 85' lang='lat' dir='ltr'>decursus</span> <span class='ocrx_word' id='word_1_159' title='bbox 1076 3275 1265 3350; x_wconf 78' lang='lat' dir='ltr'>aquantm?</span> <span class='ocrx_word' id='word_1_160' title='bbox 1283 3268 1318 3333; x_wconf 88' lang='lat' dir='ltr'>Si</span> <span class='ocrx_word' id='word_1_161' title='bbox 1335 3270 1424 3333; x_wconf 92' lang='lat' dir='ltr'>enim</span> <span class='ocrx_word' id='word_1_162' title='bbox 1441 3267 1534 3352; x_wconf 85' lang='lat' dir='ltr'>ligno</span> <span class='ocrx_word' id='word_1_163' title='bbox 1549 3287 1627 3334; x_wconf 93' lang='lat' dir='ltr'>con·</span> 
     </span>
    </p>
   </div>
   <div class='ocr_carea' id='block_1_4' title="bbox 195 3453 1630 4100">
    <p class='ocr_par' dir='ltr' id='par_1_12' title="bbox 195 3453 1630 4100">
     <span class='ocr_line' id='line_1_19' title="bbox 308 3453 1630 3520; baseline 0 -12"><span class='ocrx_word' id='word_1_164' title='bbox 308 3469 319 3508; x_wconf 83' lang='lat' dir='ltr'>r</span> <span class='ocrx_word' id='word_1_165' title='bbox 338 3457 469 3508; x_wconf 71' lang='lat' dir='ltr'>tractatus</span> <span class='ocrx_word' id='word_1_166' title='bbox 479 3455 529 3520; x_wconf 84' lang='lat' dir='ltr'>etc]</span> <span class='ocrx_word' id='word_1_167' title='bbox 549 3456 621 3508; x_wconf 75' lang='lat' dir='ltr'>Haec</span> <span class='ocrx_word' id='word_1_168' title='bbox 637 3454 776 3520; x_wconf 86' lang='lat' dir='ltr'>inscriptio,</span> <span class='ocrx_word' id='word_1_169' title='bbox 789 3461 816 3504; x_wconf 89' lang='lat' dir='ltr'>ut</span> <span class='ocrx_word' id='word_1_170' title='bbox 827 3453 888 3514; x_wconf 86' lang='lat' dir='ltr'>dixi,</span> <span class='ocrx_word' id='word_1_171' title='bbox 903 3453 928 3504; x_wconf 91' lang='lat' dir='ltr'>io</span> <span class='ocrx_word' id='word_1_172' title='bbox 941 3454 1028 3505; x_wconf 89' lang='lat' dir='ltr'>codice</span> <span class='ocrx_word' id='word_1_173' title='bbox 1041 3455 1187 3520; x_wconf 84' lang='lat' dir='ltr'>Britannico</span> <span class='ocrx_word' id='word_1_174' title='bbox 1201 3457 1288 3520; x_wconf 81' lang='lat' dir='ltr'>Reg.4</span> <span class='ocrx_word' id='word_1_175' title='bbox 1301 3457 1325 3505; x_wconf 99' lang='lat' dir='ltr'>A</span> <span class='ocrx_word' id='word_1_176' title='bbox 1335 3467 1384 3506; x_wconf 77' lang='lat' dir='ltr'>xlv</span> <span class='ocrx_word' id='word_1_177' title='bbox 1396 3471 1461 3506; x_wconf 77' lang='lat' dir='ltr'>suec.</span> <span class='ocrx_word' id='word_1_178' title='bbox 1474 3468 1527 3507; x_wconf 84' lang='lat' dir='ltr'>vm</span> <span class='ocrx_word' id='word_1_179' title='bbox 1539 3455 1630 3508; x_wconf 88' lang='lat' dir='ltr'>litteris</span> 
     </span>
     <span class='ocr_line' id='line_1_20' title="bbox 273 3537 1629 3604; baseline 0 -16"><span class='ocrx_word' id='word_1_180' title='bbox 273 3537 345 3589; x_wconf 88' lang='lat' dir='ltr'>Irleis</span> <span class='ocrx_word' id='word_1_181' title='bbox 363 3537 458 3604; x_wconf 88' lang='lat' dir='ltr'>scripto</span> <span class='ocrx_word' id='word_1_182' title='bbox 477 3537 566 3604; x_wconf 73' lang='lat' dir='ltr'>legitur</span> <span class='ocrx_word' id='word_1_183' title='bbox 576 3554 584 3596; x_wconf 72' lang='lat' dir='ltr'>t</span> <span class='ocrx_word' id='word_1_184' title='bbox 595 3539 629 3588; x_wconf 92' lang='lat' dir='ltr'>ln</span> <span class='ocrx_word' id='word_1_185' title='bbox 641 3540 742 3587; x_wconf 85' lang='lat' dir='ltr'>rrominr</span> <span class='ocrx_word' id='word_1_186' title='bbox 757 3537 856 3587; x_wconf 85' lang='lat' dir='ltr'>dorrrini</span> <span class='ocrx_word' id='word_1_187' title='bbox 864 3537 906 3588; x_wconf 88' lang='lat' dir='ltr'>dei</span> <span class='ocrx_word' id='word_1_188' title='bbox 915 3539 997 3588; x_wconf 78' lang='lat' dir='ltr'>nostri</span> <span class='ocrx_word' id='word_1_189' title='bbox 1006 3538 1077 3587; x_wconf 82' lang='lat' dir='ltr'>ihesu</span> <span class='ocrx_word' id='word_1_190' title='bbox 1096 3539 1178 3602; x_wconf 88' lang='lat' dir='ltr'>xpisti</span> <span class='ocrx_word' id='word_1_191' title='bbox 1196 3539 1287 3602; x_wconf 84' lang='lat' dir='ltr'>incipit</span> <span class='ocrx_word' id='word_1_192' title='bbox 1296 3539 1413 3602; x_wconf 76' lang='lat' dir='ltr'>expositio</span> <span class='ocrx_word' id='word_1_193' title='bbox 1420 3541 1575 3603; x_wconf 82' lang='lat' dir='ltr'>psalmorum</span> <span class='ocrx_word' id='word_1_194' title='bbox 1589 3539 1609 3588; x_wconf 91' lang='lat' dir='ltr'>B</span> <span class='ocrx_word' id='word_1_195' title='bbox 1621 3557 1629 3598; x_wconf 68' lang='grc' dir='ltr'><strong>ς</strong></span> 
     </span>
     <span class='ocr_line' id='line_1_21' title="bbox 273 3618 1629 3687; baseline 0.002 -18"><span class='ocrx_word' id='word_1_196' title='bbox 273 3619 349 3669; x_wconf 79' lang='lat' dir='ltr'>Liber</span> <span class='ocrx_word' id='word_1_197' title='bbox 358 3619 497 3670; x_wconf 67' lang='lat' dir='ltr'>hieronimi</span> <span class='ocrx_word' id='word_1_198' title='bbox 514 3618 543 3668; x_wconf 88' lang='lat' dir='ltr'>in</span> <span class='ocrx_word' id='word_1_199' title='bbox 563 3619 712 3683; x_wconf 73' lang='lat' dir='ltr'>expositione</span> <span class='ocrx_word' id='word_1_200' title='bbox 727 3621 882 3684; x_wconf 85' lang='lat' dir='ltr'>psalmorum</span> <span class='ocrx_word' id='word_1_201' title='bbox 902 3619 964 3682; x_wconf 71' lang='lat' dir='ltr'>Cp:</span> <span class='ocrx_word' id='word_1_202' title='bbox 985 3620 1116 3684; x_wconf 84' lang='lat' dir='ltr'>Expositio</span> <span class='ocrx_word' id='word_1_203' title='bbox 1122 3621 1279 3685; x_wconf 81' lang='lat' dir='ltr'>psalmorum</span> <span class='ocrx_word' id='word_1_204' title='bbox 1291 3619 1429 3670; x_wconf 79' lang='lat' dir='ltr'>hieronimi</span> <span class='ocrx_word' id='word_1_205' title='bbox 1443 3621 1576 3687; x_wconf 81' lang='lat' dir='ltr'>presbiteri</span> <span class='ocrx_word' id='word_1_206' title='bbox 1588 3620 1629 3680; x_wconf 84' lang='lat'>1.;</span> 
     </span>
     <span class='ocr_line' id='line_1_22' title="bbox 272 3700 1626 3768; baseline 0.001 -17"><span class='ocrx_word' id='word_1_207' title='bbox 272 3700 439 3751; x_wconf 81' lang='lat' dir='ltr'>Breviorirem</span> <span class='ocrx_word' id='word_1_208' title='bbox 451 3701 571 3752; x_wconf 78' lang='lat' dir='ltr'>terontm</span> <span class='ocrx_word' id='word_1_209' title='bbox 580 3707 656 3765; x_wconf 83' lang='lat' dir='ltr'>super</span> <span class='ocrx_word' id='word_1_210' title='bbox 664 3700 781 3765; x_wconf 79' lang='lat' dir='ltr'>quosdam</span> <span class='ocrx_word' id='word_1_211' title='bbox 789 3701 897 3765; x_wconf 87' lang='lat' dir='ltr'>psalmos</span> <span class='ocrx_word' id='word_1_212' title='bbox 908 3701 931 3750; x_wconf 87' lang='lat' dir='ltr'>A</span> <span class='ocrx_word' id='word_1_213' title='bbox 944 3713 959 3749; x_wconf 85' lang='lat'>2</span> <span class='ocrx_word' id='word_1_214' title='bbox 971 3717 995 3750; x_wconf 89' lang='lat' dir='ltr'>m</span> <span class='ocrx_word' id='word_1_215' title='bbox 1006 3717 1013 3760; x_wconf 79' lang='lat'>3</span> <span class='ocrx_word' id='word_1_216' title='bbox 1024 3702 1059 3751; x_wconf 94' lang='lat' dir='ltr'>ln</span> <span class='ocrx_word' id='word_1_217' title='bbox 1071 3701 1114 3751; x_wconf 79' lang='lat' dir='ltr'>hoc</span> <span class='ocrx_word' id='word_1_218' title='bbox 1121 3709 1217 3767; x_wconf 87' lang='lat' dir='ltr'>corpore</span> <span class='ocrx_word' id='word_1_219' title='bbox 1224 3703 1366 3752; x_wconf 76' lang='lat' dir='ltr'>continetur</span> <span class='ocrx_word' id='word_1_220' title='bbox 1371 3704 1523 3768; x_wconf 78' lang='lat' dir='ltr'>psalterium</span> <span class='ocrx_word' id='word_1_221' title='bbox 1535 3704 1626 3768; x_wconf 83' lang='lat' dir='ltr'>interp.</span> 
     </span>
     <span class='ocr_line' id='line_1_23' title="bbox 272 3781 1630 3849; baseline 0.002 -18"><span class='ocrx_word' id='word_1_222' title='bbox 272 3799 289 3831; x_wconf 85' lang='lat' dir='ltr'>a</span> <span class='ocrx_word' id='word_1_223' title='bbox 308 3783 446 3834; x_wconf 73' lang='lat' dir='ltr'>hieronimo</span> <span class='ocrx_word' id='word_1_224' title='bbox 463 3782 481 3834; x_wconf 92' lang='lat' dir='ltr'>S</span> <span class='ocrx_word' id='word_1_225' title='bbox 491 3799 499 3843; x_wconf 84' lang='grc'><strong>;</strong></span> <span class='ocrx_word' id='word_1_226' title='bbox 519 3781 616 3847; x_wconf 86' lang='lat' dir='ltr'>Incipit</span> <span class='ocrx_word' id='word_1_227' title='bbox 633 3781 759 3847; x_wconf 81' lang='lat' dir='ltr'>dispositio</span> <span class='ocrx_word' id='word_1_228' title='bbox 778 3785 861 3832; x_wconf 83' lang='lat' dir='ltr'>sancti</span> <span class='ocrx_word' id='word_1_229' title='bbox 878 3781 1018 3832; x_wconf 79' lang='lat' dir='ltr'>hieronimi</span> <span class='ocrx_word' id='word_1_230' title='bbox 1034 3784 1110 3847; x_wconf 86' lang='lat' dir='ltr'>presb.</span> <span class='ocrx_word' id='word_1_231' title='bbox 1124 3791 1201 3849; x_wconf 80' lang='lat' dir='ltr'>super</span> <span class='ocrx_word' id='word_1_232' title='bbox 1219 3786 1264 3834; x_wconf 86' lang='lat' dir='ltr'>soi.</span> <span class='ocrx_word' id='word_1_233' title='bbox 1286 3785 1318 3836; x_wconf 91' lang='lat' dir='ltr'>G.</span> <span class='ocrx_word' id='word_1_234' title='bbox 1335 3785 1431 3836; x_wconf 88' lang='lat' dir='ltr'>Primus</span> <span class='ocrx_word' id='word_1_235' title='bbox 1450 3784 1491 3837; x_wconf 83' lang='lat' dir='ltr'>hie</span> <span class='ocrx_word' id='word_1_236' title='bbox 1510 3793 1630 3836; x_wconf 73' lang='lat' dir='ltr'>tractatus</span> 
     </span>
     <span class='ocr_line' id='line_1_24' title="bbox 195 3863 1628 3934; baseline -0.001 -16"><span class='ocrx_word' id='word_1_237' title='bbox 195 3891 201 3902; x_wconf 94' lang='lat'><strong>·</strong></span> <span class='ocrx_word' id='word_1_238' title='bbox 271 3867 354 3918; x_wconf 87' lang='lat' dir='ltr'>editus</span> <span class='ocrx_word' id='word_1_239' title='bbox 364 3875 401 3920; x_wconf 82' lang='lat' dir='ltr'>est</span> <span class='ocrx_word' id='word_1_240' title='bbox 413 3883 428 3918; x_wconf 79' lang='grc' dir='ltr'>ι</span> <span class='ocrx_word' id='word_1_241' title='bbox 440 3865 599 3918; x_wconf 73' lang='lat' dir='ltr'>Mutiaueeo</span> <span class='ocrx_word' id='word_1_242' title='bbox 610 3865 636 3915; x_wconf 89' lang='lat' dir='ltr'>in</span> <span class='ocrx_word' id='word_1_243' title='bbox 655 3865 724 3917; x_wconf 77' lang='lat' dir='ltr'>calce</span> <span class='ocrx_word' id='word_1_244' title='bbox 745 3865 864 3916; x_wconf 76' lang='lat' dir='ltr'>Breviorii</span> <span class='ocrx_word' id='word_1_245' title='bbox 882 3863 980 3929; x_wconf 79' lang='lat' dir='ltr'>(Migue</span> <span class='ocrx_word' id='word_1_246' title='bbox 992 3866 1032 3926; x_wconf 88' lang='lat'>26,</span> <span class='ocrx_word' id='word_1_247' title='bbox 1055 3868 1136 3930; x_wconf 78' lang='lat'>1355)-</span> <span class='ocrx_word' id='word_1_248' title='bbox 1237 3867 1343 3919; x_wconf 78' lang='lat' dir='ltr'>Sclaves</span> <span class='ocrx_word' id='word_1_249' title='bbox 1353 3869 1478 3934; x_wconf 81' lang='lat' dir='ltr'>censuros]</span> <span class='ocrx_word' id='word_1_250' title='bbox 1489 3869 1545 3920; x_wconf 91' lang='lat' dir='ltr'>GC</span> <span class='ocrx_word' id='word_1_251' title='bbox 1561 3881 1570 3917; x_wconf 89' lang='lat' dir='ltr'>r</span> <span class='ocrx_word' id='word_1_252' title='bbox 1586 3883 1628 3928; x_wconf 86' lang='lat' dir='ltr'>m;</span> 
     </span>
     <span class='ocr_line' id='line_1_25' title="bbox 271 3947 1628 4016; baseline 0.001 -19"><span class='ocrx_word' id='word_1_253' title='bbox 271 3949 390 4014; x_wconf 81' lang='lat' dir='ltr'>confossos</span> <span class='ocrx_word' id='word_1_254' title='bbox 401 3949 437 4011; x_wconf 68' lang='grc' dir='ltr'>ὃς</span> <span class='ocrx_word' id='word_1_255' title='bbox 470 3947 569 4014; x_wconf 80' lang='lat' dir='ltr'>confuse</span> <span class='ocrx_word' id='word_1_256' title='bbox 580 3947 603 3998; x_wconf 90' lang='lat' dir='ltr'>A</span> <span class='ocrx_word' id='word_1_257' title='bbox 613 3964 620 4008; x_wconf 78' lang='lat'>3</span> <span class='ocrx_word' id='word_1_258' title='bbox 632 3948 724 3996; x_wconf 85' lang='lat' dir='ltr'>clavem</span> <span class='ocrx_word' id='word_1_259' title='bbox 735 3947 863 4012; x_wconf 81' lang='lat' dir='ltr'>consuram</span> <span class='ocrx_word' id='word_1_260' title='bbox 877 3963 896 4011; x_wconf 89' lang='grc' dir='ltr'><strong>μ</strong></span> <span class='ocrx_word' id='word_1_261' title='bbox 908 3947 929 3998; x_wconf 92' lang='lat' dir='ltr'>C</span> <span class='ocrx_word' id='word_1_262' title='bbox 941 3963 996 4012; x_wconf 85' lang='lat' dir='ltr'>sup.</span> <span class='ocrx_word' id='word_1_263' title='bbox 1012 3947 1064 4008; x_wconf 88' lang='lat' dir='ltr'>liu;</span> <span class='ocrx_word' id='word_1_264' title='bbox 1097 3949 1136 3998; x_wconf 87' lang='lat' dir='ltr'>cio</span> <span class='ocrx_word' id='word_1_265' title='bbox 1151 3947 1155 4012; x_wconf 88' lang='grc' dir='ltr'>Ι</span> <span class='ocrx_word' id='word_1_266' title='bbox 1168 3949 1270 4014; x_wconf 81' lang='lat' dir='ltr'>confusa</span> <span class='ocrx_word' id='word_1_267' title='bbox 1283 3951 1311 4000; x_wconf 88' lang='lat' dir='ltr'>B.</span> <span class='ocrx_word' id='word_1_268' title='bbox 1416 3963 1446 4000; x_wconf 89' lang='lat'>10</span> <span class='ocrx_word' id='word_1_269' title='bbox 1452 3951 1565 4016; x_wconf 87' lang='lat' dir='ltr'>proprie]</span> <span class='ocrx_word' id='word_1_270' title='bbox 1586 3951 1628 4008; x_wconf 85' lang='lat' dir='ltr'>A;</span> 
     </span>
     <span class='ocr_line' id='line_1_26' title="bbox 268 4023 1582 4100; baseline 0.002 -19"><span class='ocrx_word' id='word_1_271' title='bbox 268 4032 384 4098; x_wconf 82' lang='lat' dir='ltr'>propriae</span> <span class='ocrx_word' id='word_1_272' title='bbox 401 4029 422 4082; x_wconf 90' lang='lat' dir='ltr'><strong>C</strong></span> <span class='ocrx_word' id='word_1_273' title='bbox 437 4043 447 4080; x_wconf 82' lang='lat' dir='ltr'>t</span> <span class='ocrx_word' id='word_1_274' title='bbox 462 4023 685 4096; x_wconf 70' lang='lat' dir='ltr'>m.Gs(ltt4?);</span> <span class='ocrx_word' id='word_1_275' title='bbox 714 4029 970 4094; x_wconf 76' lang='lat' dir='ltr'>propmitspC2m.</span> <span class='ocrx_word' id='word_1_276' title='bbox 1074 4033 1325 4096; x_wconf 76' lang='lat' dir='ltr'>13perrona1BC83</span> <span class='ocrx_word' id='word_1_277' title='bbox 1356 4043 1488 4100; x_wconf 82' lang='lat' dir='ltr'>personam</span> <span class='ocrx_word' id='word_1_278' title='bbox 1504 4035 1582 4098; x_wconf 71' lang='lat' dir='ltr'>th.</span> 
     </span>
    </p>
   </div>
   <div class='ocr_carea' id='block_1_5' title="bbox 271 4183 1627 4767">
    <p class='ocr_par' dir='ltr' id='par_1_13' title="bbox 271 4183 1627 4607">
     <span class='ocr_line' id='line_1_27' title="bbox 312 4183 1626 4280; baseline 0.002 -23"><span class='ocrx_word' id='word_1_279' title='bbox 312 4218 340 4271; x_wconf 83' lang='lat'>4.</span> <span class='ocrx_word' id='word_1_280' title='bbox 354 4191 681 4276; x_wconf 79' lang='lat' dir='ltr'>quasimognodomrrs]</span> <span class='ocrx_word' id='word_1_281' title='bbox 698 4197 922 4256; x_wconf 87' lang='lat' dir='ltr'>Documentum</span> <span class='ocrx_word' id='word_1_282' title='bbox 975 4195 1160 4274; x_wconf 84' lang='lat' dir='ltr'>Augustinus</span> <span class='ocrx_word' id='word_1_283' title='bbox 1188 4198 1219 4260; x_wconf 90' lang='lat' dir='ltr'>in</span> <span class='ocrx_word' id='word_1_284' title='bbox 1249 4201 1382 4262; x_wconf 82' lang='lat' dir='ltr'>Enarrat.</span> <span class='ocrx_word' id='word_1_285' title='bbox 1414 4222 1455 4280; x_wconf 90' lang='lat' dir='ltr'>ps.</span> <span class='ocrx_word' id='word_1_286' title='bbox 1488 4183 1526 4276; x_wconf 25' lang='lat'>&#39;¹3</span> <span class='ocrx_word' id='word_1_287' title='bbox 1553 4199 1626 4279; x_wconf 90' lang='lat' dir='ltr'>quin</span> 
     </span>
     <span class='ocr_line' id='line_1_28' title="bbox 272 4275 1625 4360; baseline 0.001 -20"><span class='ocrx_word' id='word_1_288' title='bbox 272 4277 393 4357; x_wconf 85' lang='lat' dir='ltr'>Origeni</span> <span class='ocrx_word' id='word_1_289' title='bbox 409 4277 448 4339; x_wconf 86' lang='lat' dir='ltr'>ab</span> <span class='ocrx_word' id='word_1_290' title='bbox 464 4277 607 4339; x_wconf 87' lang='lat' dir='ltr'>Hebraeo</span> <span class='ocrx_word' id='word_1_291' title='bbox 621 4277 754 4354; x_wconf 84' lang='lat' dir='ltr'>quodum</span> <span class='ocrx_word' id='word_1_292' title='bbox 771 4275 921 4349; x_wconf 87' lang='lat' dir='ltr'>traditum,</span> <span class='ocrx_word' id='word_1_293' title='bbox 974 4275 1064 4338; x_wconf 86' lang='lat' dir='ltr'>etiam</span> <span class='ocrx_word' id='word_1_294' title='bbox 1091 4278 1310 4358; x_wconf 86' lang='lat' dir='ltr'>Hieronymum</span> <span class='ocrx_word' id='word_1_295' title='bbox 1337 4282 1434 4360; x_wconf 85' lang='lat' dir='ltr'>ipsum</span> <span class='ocrx_word' id='word_1_296' title='bbox 1465 4282 1494 4343; x_wconf 90' lang='lat' dir='ltr'>in</span> <span class='ocrx_word' id='word_1_297' title='bbox 1520 4283 1625 4344; x_wconf 83' lang='lat' dir='ltr'>eadem</span> 
     </span>
     <span class='ocr_line' id='line_1_29' title="bbox 271 4357 1627 4438; baseline -0.001 -14"><span class='ocrx_word' id='word_1_298' title='bbox 271 4373 300 4424; x_wconf 86' lang='lat' dir='ltr'>et</span> <span class='ocrx_word' id='word_1_299' title='bbox 325 4361 364 4422; x_wconf 78' lang='lat' dir='ltr'>ab</span> <span class='ocrx_word' id='word_1_300' title='bbox 387 4359 452 4422; x_wconf 86' lang='lat' dir='ltr'>aliis</span> <span class='ocrx_word' id='word_1_301' title='bbox 481 4371 585 4438; x_wconf 88' lang='lat' dir='ltr'>postca</span> <span class='ocrx_word' id='word_1_302' title='bbox 612 4357 719 4420; x_wconf 88' lang='lat' dir='ltr'>crebro</span> <span class='ocrx_word' id='word_1_303' title='bbox 748 4369 922 4436; x_wconf 87' lang='lat' dir='ltr'>usurpatum</span> <span class='ocrx_word' id='word_1_304' title='bbox 975 4357 1055 4436; x_wconf 92' lang='lat' dir='ltr'>prius</span> <span class='ocrx_word' id='word_1_305' title='bbox 1070 4359 1161 4421; x_wconf 82' lang='lat' dir='ltr'>tuisse</span> <span class='ocrx_word' id='word_1_306' title='bbox 1175 4362 1627 4436; x_wconf 84' lang='lat' dir='ltr'>sententia,exeiusComrnen-</span> 
     </span>
     <span class='ocr_line' id='line_1_30' title="bbox 271 4439 1499 4522; baseline 0.002 -20"><span class='ocrx_word' id='word_1_307' title='bbox 271 4440 389 4520; x_wconf 81' lang='lat' dir='ltr'>(Migne</span> <span class='ocrx_word' id='word_1_308' title='bbox 414 4443 447 4503; x_wconf 94' lang='lat' dir='ltr'>P.</span> <span class='ocrx_word' id='word_1_309' title='bbox 463 4442 514 4502; x_wconf 91' lang='lat' dir='ltr'>Gr.</span> <span class='ocrx_word' id='word_1_310' title='bbox 535 4459 579 4513; x_wconf 75' lang='grc' dir='ltr'>η,</span> <span class='ocrx_word' id='word_1_311' title='bbox 606 4443 683 4500; x_wconf 87' lang='lat'>1080</span> <span class='ocrx_word' id='word_1_312' title='bbox 693 4461 702 4514; x_wconf 82' lang='lat'>3</span> <span class='ocrx_word' id='word_1_313' title='bbox 722 4441 750 4500; x_wconf 87' lang='lat' dir='ltr'>S.</span> <span class='ocrx_word' id='word_1_314' title='bbox 770 4439 864 4500; x_wconf 80' lang='lat' dir='ltr'>Hiler.</span> <span class='ocrx_word' id='word_1_315' title='bbox 892 4439 922 4500; x_wconf 90' lang='lat' dir='ltr'>in</span> <span class='ocrx_word' id='word_1_316' title='bbox 973 4439 1084 4502; x_wconf 89' lang='lat' dir='ltr'>tariolis</span> <span class='ocrx_word' id='word_1_317' title='bbox 1100 4440 1140 4519; x_wconf 87' lang='lat' dir='ltr'>(p.</span> <span class='ocrx_word' id='word_1_318' title='bbox 1158 4459 1184 4520; x_wconf 83' lang='lat'>5,</span> <span class='ocrx_word' id='word_1_319' title='bbox 1202 4445 1218 4502; x_wconf 93' lang='grc' dir='ltr'>Ι.</span> <span class='ocrx_word' id='word_1_320' title='bbox 1236 4443 1268 4522; x_wconf 87' lang='grc'>8)</span> <span class='ocrx_word' id='word_1_321' title='bbox 1283 4444 1355 4506; x_wconf 88' lang='lat' dir='ltr'>satis</span> <span class='ocrx_word' id='word_1_322' title='bbox 1369 4457 1499 4522; x_wconf 90' lang='lat' dir='ltr'>apparet.</span> 
     </span>
     <span class='ocr_line' id='line_1_31' title="bbox 271 4521 1624 4607; baseline 0.002 -24"><span class='ocrx_word' id='word_1_323' title='bbox 271 4523 372 4600; x_wconf 81' lang='lat' dir='ltr'>psalm.</span> <span class='ocrx_word' id='word_1_324' title='bbox 385 4525 432 4586; x_wconf 91' lang='lat' dir='ltr'>ed.</span> <span class='ocrx_word' id='word_1_325' title='bbox 448 4521 502 4582; x_wconf 92' lang='lat' dir='ltr'>Zin</span> <span class='ocrx_word' id='word_1_326' title='bbox 523 4523 583 4584; x_wconf 89' lang='lat' dir='ltr'>erle</span> <span class='ocrx_word' id='word_1_327' title='bbox 597 4542 624 4600; x_wconf 91' lang='lat' dir='ltr'>p.</span> <span class='ocrx_word' id='word_1_328' title='bbox 645 4523 690 4594; x_wconf 90' lang='lat'>18,</span> <span class='ocrx_word' id='word_1_329' title='bbox 705 4521 785 4598; x_wconf 77' lang='lat' dir='ltr'>etc).</span> <span class='ocrx_word' id='word_1_330' title='bbox 1018 4541 1061 4595; x_wconf 86' lang='lat'>14.</span> <span class='ocrx_word' id='word_1_331' title='bbox 1084 4523 1171 4582; x_wconf 86' lang='lat' dir='ltr'>Bono</span> <span class='ocrx_word' id='word_1_332' title='bbox 1193 4527 1306 4603; x_wconf 84' lang='lat' dir='ltr'>quritem</span> <span class='ocrx_word' id='word_1_333' title='bbox 1328 4523 1473 4607; x_wconf 85' lang='lat' dir='ltr'>voluntas]</span> <span class='ocrx_word' id='word_1_334' title='bbox 1501 4526 1624 4588; x_wconf 88' lang='lat' dir='ltr'>Hieron.</span> 
     </span>
    </p>

    <p class='ocr_par' dir='ltr' id='par_1_14' title="bbox 274 4541 1625 4767">
     <span class='ocr_line' id='line_1_32' title="bbox 314 4541 1625 4685; baseline 0.003 -21"><span class='ocrx_word' id='word_1_335' title='bbox 314 4625 358 4665; x_wconf 87' lang='lat' dir='ltr'>re.</span> <span class='ocrx_word' id='word_1_336' title='bbox 377 4541 523 4684; x_wconf 56' lang='lat' dir='ltr'>Quriioml</span> <span class='ocrx_word' id='word_1_337' title='bbox 544 4623 570 4664; x_wconf 86' lang='lat' dir='ltr'>v.</span> <span class='ocrx_word' id='word_1_338' title='bbox 586 4623 626 4682; x_wconf 84' lang='lat' dir='ltr'>gr.</span> <span class='ocrx_word' id='word_1_339' title='bbox 643 4600 788 4681; x_wconf 82' lang='lat' dir='ltr'>Origenes</span> <span class='ocrx_word' id='word_1_340' title='bbox 803 4602 922 4681; x_wconf 81' lang='lat' dir='ltr'>(Migne</span> <span class='ocrx_word' id='word_1_341' title='bbox 973 4601 1003 4662; x_wconf 91' lang='lat' dir='ltr'>in</span> <span class='ocrx_word' id='word_1_342' title='bbox 1020 4605 1057 4663; x_wconf 89' lang='lat' dir='ltr'>Is.</span> <span class='ocrx_word' id='word_1_343' title='bbox 1079 4621 1123 4680; x_wconf 84' lang='lat'>17,</span> <span class='ocrx_word' id='word_1_344' title='bbox 1142 4624 1156 4680; x_wconf 83' lang='lat'><strong>7</strong></span> <span class='ocrx_word' id='word_1_345' title='bbox 1170 4628 1177 4666; x_wconf 88' lang='lat'>:</span> <span class='ocrx_word' id='word_1_346' title='bbox 1193 4610 1200 4638; x_wconf 89' lang='lat'>‘</span> <span class='ocrx_word' id='word_1_347' title='bbox 1216 4605 1269 4667; x_wconf 85' lang='lat' dir='ltr'>Pia</span> <span class='ocrx_word' id='word_1_348' title='bbox 1280 4607 1402 4685; x_wconf 90' lang='lat' dir='ltr'>quidem</span> <span class='ocrx_word' id='word_1_349' title='bbox 1415 4609 1560 4681; x_wconf 81' lang='lat' dir='ltr'>voluntas,</span> <span class='ocrx_word' id='word_1_350' title='bbox 1573 4609 1625 4668; x_wconf 90' lang='lat' dir='ltr'>sed</span> 
     </span>
     <span class='ocr_line' id='line_1_33' title="bbox 274 4681 1503 4767; baseline 0.007 -22"><span class='ocrx_word' id='word_1_351' title='bbox 274 4705 319 4760; x_wconf 79' lang='lat' dir='ltr'>re,</span> <span class='ocrx_word' id='word_1_352' title='bbox 345 4685 443 4767; x_wconf 84' lang='lat'>1086),</span> <span class='ocrx_word' id='word_1_353' title='bbox 468 4683 617 4748; x_wconf 85' lang='lat' dir='ltr'>Eusebius</span> <span class='ocrx_word' id='word_1_354' title='bbox 642 4682 700 4764; x_wconf 89' lang='lat' dir='ltr'>(Ib.</span> <span class='ocrx_word' id='word_1_355' title='bbox 727 4703 773 4761; x_wconf 79' lang='lat'>23,</span> <span class='ocrx_word' id='word_1_356' title='bbox 799 4681 868 4762; x_wconf 85' lang='lat'>75);</span> <span class='ocrx_word' id='word_1_357' title='bbox 891 4684 919 4745; x_wconf 93' lang='lat' dir='ltr'>S.</span> <span class='ocrx_word' id='word_1_358' title='bbox 974 4703 1034 4746; x_wconf 88' lang='lat' dir='ltr'>non</span> <span class='ocrx_word' id='word_1_359' title='bbox 1049 4703 1168 4748; x_wconf 85' lang='lat' dir='ltr'>servans</span> <span class='ocrx_word' id='word_1_360' title='bbox 1183 4685 1322 4752; x_wconf 87' lang='lat' dir='ltr'>historiae</span> <span class='ocrx_word' id='word_1_361' title='bbox 1336 4689 1473 4752; x_wconf 87' lang='lat' dir='ltr'>ordinem</span> <span class='ocrx_word' id='word_1_362' title='bbox 1488 4692 1503 4754; x_wconf 88' lang='lat'>’.</span> 
     </span>
    </p>
   </div>
   <div class='ocr_carea' id='block_1_6' title="bbox 319 4813 676 4866">
    <p class='ocr_par' dir='ltr' id='par_1_15' title="bbox 319 4813 676 4866">
     <span class='ocr_line' id='line_1_34' title="bbox 319 4813 676 4866; baseline -0.011 -7"><span class='ocrx_word' id='word_1_363' title='bbox 319 4817 430 4860; x_wconf 72' lang='lat' dir='ltr'>Aueedotn</span> <span class='ocrx_word' id='word_1_364' title='bbox 440 4814 592 4860; x_wconf 68' lang='lat' dir='ltr'>Mendesium</span> <span class='ocrx_word' id='word_1_365' title='bbox 603 4813 647 4866; x_wconf 89' lang='lat' dir='ltr'>ill,</span> <span class='ocrx_word' id='word_1_366' title='bbox 657 4829 676 4856; x_wconf 74' lang='lat' dir='ltr'>e.</span> 
     </span>
    </p>
   </div>
   <div class='ocr_carea' id='block_1_7' title="bbox 0 0 2084 5492">
    <p class='ocr_par' dir='ltr' id='par_1_16' title="bbox 0 0 2084 5492">
     <span class='ocr_line' id='line_1_35' title="bbox 0 0 2084 5492; baseline 0 3"><span class='ocrx_word' id='word_1_367' title='bbox 0 0 2084 5492; x_wconf 95' lang='lat' dir='ltr'> </span> 
     </span>
    </p>
   </div>
  </div>
 </body>
</html>
