4154 5494
576 457 830 520 Tuncrnrus
853 459 910 518 nu
933 459 1102 522 Psnuuo
1123 459 1282 522 cxxvn.
1528 463 1609 548 233

655 740 729 814 DE
762 740 985 814 PSALMO
1015 740 1223 820 CXXVII.

301 995 398 1060 Beati
411 1017 518 1059 omnes
532 995 916 1080 quitimentDeminmn.
932 995 999 1080 Qui
1016 999 1136 1063 timent
1161 997 1355 1076 Dominum,
1371 997 1461 1081 quod
1486 996 1612 1062 habent

257 1099 468 1182 praemium?
498 1119 598 1184 quam
630 1107 812 1166 coronam?
838 1102 1024 1167 Videamus
1054 1122 1155 1185 quam
1180 1101 1327 1167 habeant
1352 1103 1495 1180 laudern,
1521 1103 1610 1184 quod

256 1204 450 1287 praemium.
467 1203 589 1267 Beatus
610 1224 651 1282 es,
666 1215 698 1269 et
711 1204 786 1268 bene
809 1204 871 1270 tibi
895 1207 965 1272 erit.
993 1208 1065 1271 Iam
1090 1207 1163 1272 dixi
1188 1205 1230 1270 de
1257 1207 1472 1284 beatitudine,
1487 1226 1612 1289 quaero

220 1325 235 1378 5
255 1307 498 1372 beatitudinem
521 1328 607 1391 quae
623 1310 687 1374 sit:
703 1311 760 1392 qui
787 1312 882 1374 timet
901 1312 1095 1390 Dominum,
1110 1330 1210 1394 quam
1228 1310 1328 1374 habet
1344 1310 1611 1374 beatitudinem?

262 1407 352 1474 Uxor
363 1419 422 1473 tua
437 1409 521 1474 sebert
535 1409 614 1474 vitis
628 1410 800 1478 abundans
815 1413 849 1478 in
864 1413 1020 1480 lateribus
1029 1413 1143 1478 donnus
1155 1425 1246 1478 tuae:
1253 1413 1326 1496 fitia·
1337 1413 1389 1477 tui
1395 1403 1612 1477 sicutn'ovella

253 1517 417 1584 olivarum
434 1517 468 1581 in
490 1517 626 1582 circuitu
651 1536 778 1580 mensae
792 1526 875 1580 tnae.
896 1517 970 1599 Ego
985 1526 1067 1600 puto
1083 1517 1172 1599 quod
1190 1517 1338 1598 propicio
1355 1517 1478 1599 Xpisto
1493 1535 1611 1580 omnes

255 1624 432 1686 timeamus
449 1622 643 1686 Dominum.
662 1621 754 1703 Ergo
780 1619 866 1682 hanc
894 1619 1133 1683 beatitudinem
1152 1637 1218 1682 non
1235 1619 1396 1683 habemus
1412 1619 1424 1684 i
1441 1619 1609 1702 Scriptum

254 1736 304 1789 est
320 1725 418 1802 enim,
434 1727 489 1809 qui
507 1725 602 1790 timet
620 1726 815 1803 Dominum,
830 1725 915 1788 hanc
937 1725 1038 1789 habet
1055 1725 1317 1789 beatitudinem:
1335 1725 1434 1790 Uxor
1451 1736 1508 1788 tua
1525 1725 1610 1789 sicut

202 1849 235 1886 ro
253 1828 330 1892 vitis
353 1829 528 1892 abundans
545 1829 577 1892 in
594 1827 751 1892 lateribus
767 1830 887 1892 domus
903 1838 990 1905 tuae,
1006 1828 1062 1892 filii
1079 1829 1126 1892 tui
1143 1827 1228 1891 sicut
1245 1827 1374 1892 novella
1391 1829 1551 1893 olivarum
1576 1832 1607 1892 in

252 1932 390 1997 circuitu
408 1952 543 1997 mensae
559 1942 644 1999 tuae.
661 1931 753 2014 Ergo
769 1941 801 1994 et
818 1931 873 2014 qui
891 1951 993 1996 unum
1011 1931 1112 1995 habet
1125 1929 1237 2008 filium,
1248 1941 1280 1996 et
1297 1931 1352 2014 qui
1370 1931 1463 2009 duos,
1474 1951 1540 1996 non
1559 1943 1610 1997 est

252 2036 396 2099 beatus?
412 2035 503 2118 Quid
519 2034 609 2099 enim
625 2034 730 2098 dicit?
748 2033 822 2097 Filii
835 2033 883 2097 tui
900 2033 985 2096 sicut
999 2032 1129 2098 novella
1141 2033 1303 2099 olivarum
1316 2035 1349 2099 in
1366 2035 1503 2100 circuitu
1516 2057 1607 2100 men·

252 2159 310 2204 sae
331 2148 418 2206 tuae.
444 2137 517 2201 Nisi
545 2147 656 2202 tantos
681 2137 895 2202 habuerimus
926 2136 1020 2216 filios,
1044 2145 1081 2202 ut
1106 2137 1245 2219 cingant
1273 2158 1422 2203 mensam
1452 2149 1609 2219 nostram,

251 2241 494 2307 beatitudinem
520 2241 668 2305 timentis
686 2241 869 2304 Dominum
888 2261 954 2304 non
975 2240 1199 2304 habebimus?
1217 2243 1311 2306 Isaac
1328 2243 1412 2306 hanc
1430 2244 1608 2308 beatitudi-

201 2371 229 2424 ¹⁵
251 2367 328 2412 nem
354 2366 421 2410 non
447 2345 584 2410 habuit:
611 2345 728 2410 habuit
752 2344 841 2407 enim
873 2343 957 2408 duos
984 2342 1079 2421 lilios,
1103 2363 1206 2408 unum
1234 2346 1414 2428 pessimum
1441 2347 1540 2426 Esau,
1556 2348 1608 2412 cui

252 2449 358 2514 multo
385 2449 503 2514 melius
530 2447 637 2514 suerat
661 2449 688 2511 si
720 2458 818 2512 natus
845 2465 910 2510 non
936 2445 1059 2512 luisset.
1078 2447 1208 2513 Habuit
1233 2461 1344 2514 autem
1373 2471 1475 2514 unum
1504 2450 1607 2516 filium

252 2555 375 2621 Iacob:
391 2575 471 2638 ergo
487 2574 553 2618 non
578 2553 694 2618 habuit
722 2551 962 2615 beatitudinem
976 2555 990 2612 Ρ
1006 2553 1084 2633 quia
1111 2571 1197 2616 unus
1222 2554 1358 2618 circuire
1375 2574 1523 2618 mensam
1541 2576 1606 2618 non

250 2668 389 2743 poterat.
400 2658 558 2741 Virgines
574 2677 654 2740 ergo
671 2673 736 2718 non
754 2654 874 2718 timent
891 2653 1085 2717 Dominum.
1098 2654 1188 2737 Quid
1206 2659 1294 2723 enim
1311 2660 1439 2738 dicitur,
1449 2661 1538 2742 quod
1551 2663 1607 2744 qui

250 2765 347 2827 timet
363 2761 548 2827 Dominum
577 2759 749 2843 intellegat
765 2759 1032 2823 beatitudinem?
1051 2759 1150 2823 Uxor
1166 2772 1223 2826 tua
1239 2765 1323 2828 sicut
1340 2765 1415 2829 vitis
1432 2765 1607 2830 abundans

198 2901 231 2938 ιο
250 2873 286 2934 in
303 2870 457 2935 lateribus
481 2870 601 2933 domus
623 2878 722 2934 tuae:
744 2867 801 2932 filii
819 2867 866 2932 tul
883 2867 968 2931 sicut
985 2867 1114 2931 novella
1131 2869 1292 2932 olivarum
1310 2869 1496 2932 incircuitu
1514 2889 1604 2933 men-

249 2994 308 3038 sae
323 2985 408 3040 tuae.
423 2973 521 3036 Hanc
538 2972 779 3036 beatitudinem
793 2970 959 3035 lohannes
970 2991 1036 3034 non
1052 2969 1178 3048 habuit,
1193 2970 1359 3034 lohannes
1376 2980 1522 3052 uterque,
1536 2981 1604 3036 tarn

249 3077 455 3159 evangelista
470 3095 571 3157 quam
588 3074 734 3157 baptista
750 3098 756 3138 :
774 3085 911 3158 uterque
936 3075 1025 3138 enirn
1043 3075 1135 3157 virgo
1151 3075 1221 3140 fuit.
1240 3074 1339 3139 Hanc
1363 3075 1604 3138 beatitudinem

251 3181 374 3245 Paulus
397 3201 464 3244 non
489 3180 613 3256 habuit,
629 3180 684 3261 qui
709 3179 789 3243 dicit
807 3203 814 3242 :
829 3183 837 3210 ‘
854 3179 944 3243 Volo
967 3189 1079 3242 autem
1105 3197 1221 3241 omnes
1246 3180 1291 3240 sic
1315 3197 1387 3241 esse
1410 3180 1494 3242 sicut
1519 3199 1579 3242 me.
1600 3179 1607 3206 '

248 3285 383 3350 Videtis
398 3305 479 3367 ergo
494 3285 652 3368 quoniam
677 3304 763 3348 uxor
779 3294 812 3347 et
829 3282 886 3347 lilii
903 3283 1096 3364 spiritaliter
1110 3281 1325 3363 intellegendi
1343 3292 1419 3345 sunt
1436 3303 1443 3359 ;
1460 3281 1605 3364 alioquin

197 3423 228 3476 25
249 3389 314 3452 nisi
330 3387 519 3471 spiritaliter
534 3387 806 3466 intellexerimus,
818 3388 928 3472 angeli
945 3387 1030 3452 hanc
1043 3387 1284 3451 beatitudinem
1302 3406 1368 3450 non
1382 3386 1516 3466 habent,
1528 3389 1606 3471 quia

249 3493 335 3556 filios
350 3512 418 3557 non
436 3492 570 3558 habent.
588 3491 806 3558 Revertamur
822 3512 902 3575 crgo
917 3491 960 3555 ad
976 3493 1127 3554 ordinem
1145 3490 1304 3555 lectionis.

293 3595 389 3661 Beati
401 3617 511 3660 omnes
524 3596 585 3679 qui
597 3595 713 3660 timent
732 3595 922 3660 Dominum.
940 3594 1123 3678 Quomodo
1149 3613 1214 3657 non
1242 3603 1353 3678 potest
1370 3595 1479 3658 dicere
1503 3601 1509 3628 ¹
1528 3597 1606 3659 Pars

248 3721 323 3765 mea
340 3700 507 3765 Dominus
519 3701 536 3777 ',
553 3701 615 3764 nisi
642 3701 698 3783 qui
724 3701 825 3766 aliam
850 3711 979 3783 partem
1008 3699 1040 3762 in
1070 3699 1204 3763 saeculo
1228 3718 1295 3761 non
1319 3696 1443 3774 habet;
1467 3699 1513 3760 sic
1538 3719 1603 3761 non

247 3807 344 3871 timet
365 3804 561 3881 Dominum,
577 3804 633 3886 qui
655 3805 751 3868 timet
767 3804 856 3869 aliud
882 3803 1006 3887 aliquid
1033 3811 1130 3866 extra
1151 3802 1345 3866 Dominum.
1363 3799 1519 3884 Denique
1537 3803 1606 3883 ipse

285 4009 295 4044 1
317 4001 361 4042 DE
376 3999 507 4044 PSALMO
520 3993 649 4054 CXXVII}
670 3993 700 4041 In
720 3991 829 4055 append.
845 3989 965 4040 Brevioril
987 3988 1034 4038 col.
1054 3989 1113 4051 1367
1135 4003 1182 4051 sqq
1195 3989 1244 4050 lp).
1346 3998 1361 4034 2
1382 3986 1483 4046 timent]
1500 3985 1571 4032 timet
1583 3985 1603 4034 I.

248 4077 463 4140 habent1habetl.
540 4073 780 4140 3habeant]lraheut
794 4073 815 4122 Ι.
892 4072 973 4135 6sqq.
988 4071 1096 4134 reovella]
1108 4071 1217 4118 novellae
1231 4086 1257 4132 p.
1331 4066 1603 4128 9timetltimentCP.

247 4159 330 4221 habet]
341 4176 390 4210 om.
403 4159 458 4219 GP,
468 4159 530 4208 item
543 4159 564 4208 C
576 4158 620 4208 sed
633 4157 732 4222 supplet
744 4156 770 4205 in
782 4171 859 4218 marg.
870 4162 1057 4216 consequentur.
1164 4164 1189 4199 ιι
1203 4158 1227 4200 et
1238 4150 1285 4214 qui
1295 4149 1365 4210 duos]
1378 4147 1398 4198 C
1411 4167 1418 4208 ;
1432 4149 1473 4211 μΡ
1485 4165 1534 4198 om.
1546 4149 1605 4212 qui;

247 4242 386 4308 etquidem
398 4241 421 4292 G
433 4259 440 4300 ;
451 4240 569 4290 autduos
581 4241 601 4289 B
612 4257 619 4299 3
631 4241 713 4289 etduo
726 4239 752 4289 S.
839 4236 903 4296 1411.
916 4233 1103 4294 beatitudinem]
1118 4233 1141 4284 ir.
1154 4231 1341 4282 benedictionem
1352 4231 1383 4278 G.
1472 4239 1499 4292 15
1512 4230 1569 4290 cui]
1582 4231 1603 4288 1,

247 4325 495 4394 qmmCem.sup.
509 4325 623 4390 lin3qui
635 4329 749 4388 petcet.
763 4319 837 4370 codd.
917 4318 946 4366 16
957 4319 1045 4380 neulte]
1063 4317 1173 4364 multum
1184 4315 1214 4364 C.
1299 4319 1382 4359 autem
1396 4309 1602 4370 earumlenimu.

249 4409 289 4466 C;
308 4415 332 4457 et
349 4409 460 4456 aiterum
473 4407 498 4458 S.
603 4417 630 4468 17
649 4402 766 4464 circuire]
785 4401 919 4450 circumire
933 4417 960 4462 μ.
1065 4397 1094 4447 18
1108 4391 1217 4462 poterat]
1232 4393 1317 4458 potuit
1330 4409 1358 4455 μ.
1458 4391 1536 4456 quui]
1551 4401 1606 4455 pet

247 4487 323 4539 codd.
336 4489 394 4553 (pro
411 4489 504 4552 quoin
523 4485 683 4552 expunctio
702 4485 730 4534 B.
835 4495 865 4545 19
884 4483 964 4544 timet]
986 4482 1077 4531 timent
1097 4481 1122 4530 S.
1225 4474 1362 4539 intellegat]
1379 4481 1562 4539 consequantur
1578 4473 1604 4524 S.

250 4581 279 4618 21
295 4569 316 4618 Ι.
331 4565 444 4634 reter‘que]
457 4567 479 4617 I.
494 4569 581 4632 utique
594 4584 623 4631 μ.
724 4565 947 4630 azsnit1Jnerunt
959 4563 990 4611 G.
1093 4573 1124 4622 29
1135 4557 1251 4622 aliquid]
1263 4571 1314 4606 orn.
1329 4555 1380 4606 CS.

294 4755 339 4812 ²3·
354 4737 428 4794 sient
441 4728 497 4813 me]
516 4733 613 4794 1Cor.
631 4751 657 4808 7,
675 4751 700 4808 7.
996 4729 1042 4787 28.
1063 4718 1220 4802 Dominus]
1236 4722 1346 4780 Thren.
1364 4739 1391 4796 3,
1409 4741 1454 4793 24.

304 4863 415 4906 namon
423 4857 660 4910 uenustas-uta.
