4060 5498
544 411 800 472 TRACTATUS
832 411 888 468 DE
918 410 1087 471 PSALMO
1116 411 1181 472 XC.
1526 427 1573 509 71

261 616 339 678 Non
353 615 498 677 accedent
511 615 559 676 nd
571 624 600 676 te
627 615 725 688 mala,
751 623 782 674 et
796 611 970 694 flagellum
994 633 1056 674 raon
1080 613 1348 695 appropinquabit
1365 617 1575 686 tabernaculo

218 729 280 783 tna.
297 720 373 782 Non
391 720 488 796 dixit,
505 719 648 793 sonabit,
673 719 742 794 sed,
758 738 824 779 non
853 718 1137 798 appropinquabit
1162 719 1380 784 tabernaculo
1402 732 1481 786 tuo:
1508 747 1573 789 non

217 825 306 885 enim
324 821 392 884 lieri
418 830 540 903 potest,
566 831 602 884 ut
629 820 798 902 flagellum
823 820 948 882 diaboli
978 821 1067 883 iusto
1093 840 1159 884 non
1186 829 1292 886 sonet.
1320 823 1356 886 Si
1385 827 1473 888 enim
1501 828 1575 910 ipse

218 925 386 988 Dominus
403 925 592 1006 flagellatus
623 934 683 998 est,
698 934 730 986 et
754 923 1027 986 tribulationibus
1055 925 1404 1009 temptationibusque
1428 941 1573 995 vexatus

185 1053 199 1106 5
216 1041 288 1107 cst;
304 1030 378 1111 quis
395 1030 557 1091 iustorum
577 1048 643 1092 non
660 1027 885 1108 flagellabitur
902 1033 915 1088 Ρ
932 1027 998 1092 Sed
1017 1029 1192 1091 videamus
1208 1031 1288 1111 quid
1318 1040 1369 1093 est
1395 1033 1469 1110 boc,
1497 1036 1574 1099 Non

217 1133 502 1216 appropinquabit
519 1132 737 1195 tabernaculo
754 1142 820 1194 tun.
840 1131 916 1194 Hoc
932 1145 1004 1194 est:
1028 1134 1160 1196 sonavit
1191 1136 1327 1215 quidem
1355 1139 1575 1222 extrinsecus,

216 1246 250 1299 et
266 1237 454 1300 carnalibus
470 1237 682 1319 passionibus
701 1236 893 1318 perturbare
910 1238 1090 1316 temptavit
1105 1258 1112 1314 3
1137 1236 1195 1299 sed
1223 1238 1356 1302 animae
1373 1244 1574 1308 tabernacu-

217 1342 295 1416 lum,
310 1343 379 1404 sive
396 1361 542 1414 sensnm,
559 1342 648 1421 quod
666 1351 716 1404 est
732 1339 984 1403 tabernaculum
1004 1339 1090 1415 fidei,
1108 1360 1172 1403 non
1191 1342 1364 1407 subvertit.

261 1443 424 1522 Quoniam
440 1445 566 1526 angelis
581 1446 652 1506 suis
664 1444 838 1506 mandavit
854 1443 893 1504 de
909 1453 946 1518 te,
973 1453 1009 1504 nt
1023 1444 1208 1506 custodiant
1233 1455 1262 1507 ta
1275 1447 1309 1508 in
1331 1449 1481 1513 orionibus
1509 1453 1575 1517 niis

170 1584 199 1618 10
215 1550 291 1612 tais.
308 1549 348 1611 In
365 1549 517 1611 manibus
527 1549 705 1629 portabunt
716 1559 753 1622 te,
765 1571 802 1610 ne
813 1567 968 1628 remquam
978 1549 1127 1630 offindns
1144 1551 1191 1612 an'
1200 1551 1458 1634 lupidempeu'em
1471 1567 1574 1623 tssrrm.

218 1655 253 1718 Si
278 1655 414 1736 quando
437 1653 547 1735 aliqua
575 1655 734 1716 adversus
763 1674 823 1716 nos
850 1653 892 1714 de
920 1655 1090 1735 scripturis
1118 1655 1379 1735 interpretantur
1404 1659 1575 1739 haeretici,

218 1779 282 1821 non
296 1759 458 1821 debemus
475 1758 600 1821 turbari
619 1779 626 1819 :
643 1758 721 1839 quia
737 1766 770 1820 et
787 1757 849 1819 hoc
867 1759 1096 1821 testimonium
1123 1778 1202 1821 usus
1219 1768 1269 1821 est
1285 1760 1440 1824 diabolus
1454 1776 1572 1828 contra

218 1863 400 1925 Dominum
420 1861 630 1926 Salvatorem
648 1862 762 1923 dicens
778 1861 835 1924 ‘Si
855 1862 959 1924 Filius
973 1861 1036 1924 Dei
1054 1881 1098 1938 es,
1116 1863 1213 1926 mitte
1231 1872 1263 1926 te
1277 1865 1448 1944 deorsum;
1470 1871 1573 1951 scrip-

217 1979 287 2030 tum
305 1975 355 2028 est
371 1967 469 2041 enim,
486 1967 645 2048 quoniam
659 1965 788 2046 angelis
804 1967 872 2027 suis
886 1967 1059 2028 mandavit
1072 1968 1115 2028 de
1130 1977 1163 2029 te
1179 1967 1186 1992 '
1202 1978 1235 2030 et
1252 1970 1388 2051 reliqua.
1407 1971 1572 2036 Diabolus

170 2103 198 2152 15
217 2075 263 2136 sic
280 2073 517 2152 interpretatur
534 2071 820 2152 scripturasquasi
838 2070 1012 2134 diabolus:
1029 2071 1117 2133 hunc
1144 2071 1234 2133 enim
1254 2073 1420 2152 psalmum
1439 2077 1481 2139 ad
1499 2099 1572 2158 per·

218 2197 333 2242 sonam
353 2173 490 2239 Domini
508 2173 708 2256 applicabat,
720 2175 780 2255 ‘qui
805 2174 934 2236 nonde
961 2173 1119 2249 Domino,
1146 2175 1204 2236 sed
1234 2175 1276 2237 dc
1304 2176 1392 2240 iusto
1419 2180 1571 2260 quolibet

217 2285 287 2347 viro
302 2283 432 2345 dicitur.
450 2278 516 2343 Sed
534 2279 682 2341 concedo
698 2278 768 2354 tibi,
795 2278 936 2354 diabole,
954 2289 989 2341 ut
1010 2278 1053 2341 de
1078 2277 1228 2341 Domino
1244 2281 1286 2342 sit
1310 2281 1383 2362 ipso
1398 2286 1573 2366 scriptum,

218 2390 295 2469 quia
311 2387 343 2448 in
362 2385 516 2446 manibus
532 2382 642 2464 angeli
660 2383 841 2466 portabunt
863 2392 895 2444 te
911 2406 918 2444 :
934 2401 1035 2464 quare
1052 2383 1142 2464 quod
1171 2384 1321 2464 sequitur
1348 2406 1414 2448 non
1443 2389 1572 2467 dixisti,

219 2492 325 2572 Super
337 2488 481 2570 aspidem
508 2498 539 2550 et
563 2486 749 2549 basiliscum
769 2484 976 2548 nrnbrtlabis?
1005 2484 1036 2548 Ο
1057 2487 1182 2549 astutia
1210 2487 1394 2568 versipellis
1426 2491 1570 2558 inimici!

168 2623 200 2656 20
218 2595 317 2676 Quod
330 2595 372 2656 ad
389 2593 605 2674 fragilitatem
624 2590 807 2654 Salvatoris
825 2591 916 2653 etad
943 2590 1202 2670 temptationem
1229 2591 1374 2655 hominis
1392 2596 1567 2660 videbatur

217 2700 381 2780 pertinere
411 2697 543 2760 locutus
566 2705 643 2771 est;
671 2694 761 2777 quod
790 2705 901 2758 autem
929 2703 1045 2757 contra
1077 2713 1112 2756 se
1140 2693 1367 2776 intellegebat,
1383 2699 1566 2764 calliditate

216 2804 354 2884 antiqua
371 2801 511 2865 reticuit.
528 2799 629 2862 Erras
646 2798 788 2874 diabole,
805 2808 837 2861 et
855 2796 987 2861 fallacia
1008 2807 1065 2860 tua
1095 2799 1312 2878 temetipsum
1339 2803 1569 2869 circumvenis.

219 2907 255 2968 In
273 2905 424 2970 hocloco
441 2903 652 2966 mendacium
671 2911 764 2965 tuum
782 2901 941 2965 ecclesiae
966 2903 1121 2982 prodest:
1149 2904 1302 2984 quamvis
1319 2903 1382 2966 hoc
1399 2907 1441 2967 ad
1459 2918 1567 2990 temp-

216 3010 355 3073 tandum
374 3009 498 3086 leceris,
513 3007 689 3070 ostendisti
706 3006 795 3087 quod
814 3005 870 3068 filii
888 3005 963 3082 Dei,
979 3006 1055 3068 iusti
1080 3006 1212 3087 quique,
1237 3008 1431 3089 angelorum
1462 3013 1569 3073 mani-

165 3139 196 3190 25
214 3114 287 3190 bus,
303 3115 366 3177 hoc
381 3123 432 3176 est
448 3113 624 3187 adiutori0,
642 3111 867 3192 praecipiente
885 3110 1033 3172 Domino
1050 3122 1083 3172 et
1100 3110 1237 3174 iubente
1255 3120 1438 3192 portentur.

259 3218 378 3282 Cetera
407 3237 492 3299 quac
519 3226 714 3298 sequuntur,
740 3215 782 3277 ad
809 3214 951 3277 eandem
980 3214 1149 3296 pertinent
1177 3215 1438 3295 expositionem.
1466 3217 1567 3301 Quod

214 3335 326 3385 autem
345 3321 440 3384 iustis
467 3329 501 3384 et
526 3319 601 3382 Deo
625 3321 709 3383 caris
735 3328 884 3400 potestas
909 3318 960 3393 sit,
985 3337 1084 3398 super
1115 3319 1291 3400 antiquum
1318 3330 1350 3382 et
1379 3330 1566 3386 tortuosum

212 3426 340 3488 calcare
352 3437 550 3506 serpentem,
566 3435 599 3487 et
616 3443 750 3486 omnem
766 3421 951 3485 exercitum
977 3422 1046 3484 eius
1072 3424 1196 3504 pedum
1224 3423 1383 3486 calcaneo
1410 3446 1569 3506 premere,

212 3529 244 3590 in
262 3528 438 3610 evangelio
451 3529 700 3591 evidentissime
717 3527 914 3589 invenimus.
940 3524 995 3588 Sic
1013 3526 1101 3588 enim
1130 3526 1297 3591 Dominus
1323 3530 1364 3589 ad
1392 3532 1568 3610 apostolos

163 3665 197 3713 30
213 3633 259 3694 ait
272 3631 389 3694 t‘Ecce
405 3632 482 3695 dedi
498 3633 593 3695 vobis
604 3641 806 3712 potestatem
824 3628 975 3691 calcandi
992 3649 1091 3710 super
1107 3639 1280 3712 serpentes
1293 3640 1327 3693 et
1348 3635 1540 3714 scorpiones
1553 3634 1568 3698 ’.

245 3768 377 3830 asonabr't]
388 3769 489 3816 sanavit
500 3768 529 3818 L.
582 3765 792 3830 3insta]r'ustssns
805 3765 835 3815 L.
890 3779 920 3814 10
930 3763 1085 3826 luunr]c0rr.
1097 3781 1127 3814 ex
1136 3773 1199 3816 tuat
1213 3784 1247 3817 m.
1302 3769 1524 3832 mlests'tnans'nm]
1536 3770 1566 3832 L,

210 3849 315 3898 sortasse
324 3850 569 3913 prenominatam.
578 3859 661 3900 tamen
671 3865 787 3914 supra,p.
795 3861 834 3910 50,
843 3849 858 3896 1.
869 3861 877 3894 1
888 3857 913 3896 et
921 3862 946 3907 4.
1002 3861 1030 3908 14
1038 3843 1083 3904 est]
1095 3848 1152 3896 add.
1160 3848 1267 3912 suplin.
1322 3860 1349 3911 15
1355 3851 1495 3913 psalmam]
1504 3867 1566 3902 corr.

211 3947 242 3980 ex
248 3932 428 3994 psalnrnsam.
477 3931 659 3996 tyspsolozm.
667 3933 792 3982 invasura.
840 3939 870 3989 27
876 3927 992 3992 potestas]
1004 3931 1060 3979 cod.
1072 3933 1210 3994 potestatis.
1258 3933 1528 3997 antiquum1antiqunr
1537 3932 1567 3983 1..

256 4083 281 4121 2.
299 4065 368 4122 Non
382 4065 470 4139 denir,
485 4065 610 4147 satiabit]
636 4069 750 4127 Eadem
777 4065 863 4143 signi·
916 4065 1029 4126 Contra
1047 4066 1140 4124 Lucil.
1158 4085 1185 4124 n.
1204 4067 1241 4122 28
1269 4065 1354 4124 ‘Nec
1369 4064 1427 4123 sibi
1454 4067 1568 4125 blandi·

213 4144 357 4204 ficatione
373 4151 463 4208 verbo
477 4151 685 4208 sonareutitur
698 4150 863 4225 aliquando
915 4161 1002 4207 alitur
1037 4145 1205 4223 (haeretici)
1235 4147 1258 4204 si
1288 4148 1326 4205 de
1352 4147 1567 4222 scripturarum

213 4226 427 4304 Hieronymus.
437 4251 461 4288 v.
476 4251 516 4307 gr.
532 4233 705 4292 Comment.
718 4230 747 4289 in
763 4232 863 4288 Naum
916 4231 1054 4306 capitulis
1070 4229 1209 4288 videntur
1225 4227 1281 4286 sibi
1303 4230 1462 4288 adfirmare
1486 4231 1568 4304 quod

214 4309 277 4383 ΙΙΙ,
297 4327 309 4364 1
327 4327 391 4384 sqq.
421 4313 604 4390 ‘Flagellum
632 4312 660 4371 in
686 4314 729 4372 eis
753 4313 864 4387 Assyrii
916 4311 1030 4382 dicunt,
1047 4329 1115 4368 cum
1139 4323 1167 4369 et
1193 4310 1331 4369 diabolus
1355 4311 1394 4369 de
1416 4309 1569 4385 scripturis

213 4391 288 4465 regis
304 4402 428 4450 sonat...
447 4395 485 4453 de
502 4414 563 4470 quo
577 4395 616 4454 ad
628 4393 738 4453 iustum
756 4394 865 4452 dicitur
918 4391 1017 4467 aliqua
1033 4391 1068 4450 sit
1085 4391 1235 4450 loeutus'

211 4471 259 4529 Et
269 4470 419 4546 flagellum
435 4495 492 4534 non
513 4477 762 4553 appropinquabit
775 4477 863 4534 taber·
963 4494 1005 4546 14·
1019 4475 1052 4530 de
1066 4470 1104 4551 te]
1123 4472 1230 4529 Mattb.
1249 4493 1277 4544 4,
1295 4476 1321 4532 6.

213 4553 317 4609 ‚eacan
330 4557 405 4615 tao’.
960 4576 1005 4630 30.
1022 4550 1189 4633 scorpiones]
1208 4555 1279 4612 Luc.
1301 4575 1345 4624 ιο,
1367 4574 1409 4629 ¹9·

225 4689 227 4694 ,
260 4653 303 4691 rr.
331 4635 496 4712 Siquando
520 4639 622 4714 aliqua
636 4636 707 4718 etc]
735 4637 862 4698 Hieron.
