4202 5492
656 417 911 482 TRACTATUS
934 419 992 478 DE
1015 419 1183 483 PSALMO
1204 421 1323 486 XCIII.
1584 426 1655 509 131

305 660 361 704 sus
391 637 644 722 malignantes?
668 646 730 702 out
752 636 827 721 quis
850 635 952 701 stabit
970 634 1056 702 milri
1077 637 1235 703 adversus
1251 659 1302 702 eos
1325 639 1385 721 qui
1400 650 1575 722 operantur
1595 641 1659 708 ini·

304 744 496 828 quitatem?
520 743 595 807 Hos
611 742 790 808 versiculos
807 741 962 807 Salvator
978 741 1132 825 loquitur.
1149 743 1225 825 Ego
1245 753 1380 807 sanctus
1405 765 1489 823 sum,
1504 746 1537 810 in
1563 767 1660 814 cruce

304 848 496 913 sublevatus
512 867 595 924 sum,
612 857 763 912 mortuus
782 866 866 922 sum,
882 846 1055 923 resurrexi,
1071 855 1104 910 et
1119 847 1161 909 ad
1179 845 1289 911 caelos
1304 853 1409 912 vlctor
1424 850 1659 934 ascendi.Quis

303 961 363 1029 est,
377 960 485 1034 putas,
500 951 543 1015 de
558 949 691 1029 sanctis,
717 950 773 1033 qui
799 969 928 1014 mecum
946 955 1120 1031 resurget?
1149 950 1240 1034 Ergo
1265 951 1353 1034 quod
1377 952 1468 1030 dicit,
1488 953 1551 1018 hoc
1579 965 1652 1020 est:

271 1073 286 1128 s
304 1055 485 1138 Propterea
501 1055 676 1132 resurrexi,
692 1062 727 1119 ut
743 1062 777 1118 et
794 1054 848 1118 alii
875 1073 1005 1119 mecum
1033 1063 1248 1136 resurgerent.
1268 1053 1352 1133 Quis
1378 1067 1523 1140 resurget
1542 1059 1628 1124 milri
1637 1061 1658 1125 i

303 1157 452 1243 Quando
474 1158 564 1238 dicit,
591 1158 685 1243 Quis,
710 1169 838 1224 ceteros
865 1166 1024 1240 provocat
1052 1157 1093 1220 ad
1120 1159 1332 1241 surgendum.
1361 1160 1541 1245 Quomodo
1565 1164 1653 1229 enim

302 1261 442 1344 legimus
456 1263 489 1326 in
508 1263 631 1328 Esaia⁸
650 1261 759 1345 Quem
778 1262 909 1327 mittam
925 1262 968 1325 ad
985 1260 1146 1343 populum
1164 1263 1274 1341 Istum,
1296 1266 1416 1348 etquis
1433 1265 1493 1330 ibit
1513 1265 1652 1332 nobist’

301 1367 510 1432 sicutEsaias
520 1368 591 1450 ipse
601 1387 637 1431 se
646 1365 752 1444 offert,
762 1367 809 1431 sic
821 1377 854 1431 et
866 1366 1198 1450 Dominusprovocat
1209 1387 1271 1432 nos
1282 1368 1495 1453 dicens,Quis
1506 1381 1655 1454 resurget

301 1471 381 1534 mihi
406 1471 564 1535 adversus
592 1469 838 1553 malignantes?
856 1468 1067 1553 QuIcumque
1092 1473 1318 1549 resurrexerit,
1334 1471 1415 1536 mihi
1431 1485 1590 1557 resurget,
1612 1475 1655 1539 de

251 1597 284 1634 ro
300 1593 376 1638 meo
390 1574 539 1638 exercitu
564 1582 623 1638 est.
639 1573 811 1637 Aduersus
831 1572 1069 1656 malignantes:
1087 1574 1245 1638 adversus
1269 1575 1440 1640 diabolum
1471 1584 1504 1640 et
1528 1574 1654 1640 exerci-

300 1687 370 1741 tum
386 1679 466 1741 eius.
491 1678 565 1741 Aut
584 1677 657 1760 quis
679 1677 781 1743 stabit
799 1678 951 1742 mentm?
968 1677 1090 1742 Videte
1106 1677 1279 1742 ordinem:
1295 1699 1361 1744 non
1389 1679 1478 1743 dixit
1498 1680 1654 1760 primum,

299 1782 373 1866 quis
393 1783 505 1861 stabit,
530 1793 563 1848 et
587 1783 661 1866 quis
683 1792 847 1864 resurget;
863 1781 931 1858 sed,
946 1783 1021 1865 quis
1049 1791 1207 1865 resurget,
1223 1791 1256 1847 et
1273 1783 1347 1866 quis
1363 1784 1475 1849 stabit.
1503 1783 1652 1848 Primum

299 1886 386 1950 enim
403 1889 579 1972 surgimus,
595 1888 717 1951 deinde
733 1897 868 1952 stamus.
885 1887 959 1952 Aret
975 1887 1162 1970 quisstobit
1181 1908 1301 1952 mecum
1316 1888 1475 1952 adversus
1488 1897 1654 1972 operantes

299 1988 527 2072 iniquitatem:
547 1992 641 2075 quasi
665 1993 845 2074 imperator
861 1999 926 2054 stet
942 2000 975 2055 et
992 1992 1091 2068 dicat,
1114 1990 1199 2075 Quis
1216 1992 1353 2056 venitin
1382 1993 1531 2058 exercitu
1555 1997 1653 2055 meo?

249 2113 280 2170 ις
341 2095 425 2158 Nisi
445 2096 525 2178 quia
552 2096 716 2159 Dominus
735 2094 912 2160 adiuvavit
934 2117 992 2174 me,
1015 2096 1118 2178 pardo
1144 2096 1255 2160 minus
1272 2095 1436 2160 habitavit
1460 2096 1494 2160 in
1525 2095 1654 2177 inferno

297 2198 412 2262 anima
427 2219 506 2264 meo.
524 2200 702 2282 Propterea
721 2199 867 2262 Domine
883 2218 1027 2280 resurgo,
1043 2199 1122 2282 quia
1137 2207 1173 2263 tu
1192 2197 1280 2262 luisti
1297 2199 1339 2263 ad
1356 2197 1478 2263 inferos
1494 2209 1528 2264 et
1544 2219 1649 2264 resus-

297 2302 421 2367 rexisti.
447 2303 595 2368 Detenta
622 2302 736 2367 suisset
763 2303 876 2366 anima
901 2321 976 2366 mea
1001 2303 1091 2385 apud
1121 2301 1251 2380 inlesos,
1267 2303 1293 2364 si
1317 2322 1384 2366 non
1409 2311 1467 2366 tua
1482 2301 1595 2367 anima
1610 2303 1652 2368 de

297 2405 409 2470 inieris
424 2409 667 2471 resurrexisset.

341 2509 387 2575 Si
398 2511 655 2589 dicebam,motus
669 2521 717 2576 est
726 2521 784 2594 pes
799 2510 1127 2576 meus.Considerans
1142 2509 1356 2593 fragilitatem
1373 2530 1493 2586 meam,
1509 2520 1543 2574 et
1559 2511 1650 2577 inbe-

246 2639 280 2677 πο
296 2614 468 2681 cillitatem
485 2617 677 2699 humanam,
694 2635 759 2680 non
777 2615 935 2699 putabam
954 2616 1074 2700 pedem
1093 2635 1203 2680 meum
1221 2613 1317 2680 firmo
1333 2625 1420 2680 stare
1435 2616 1562 2699 gradu:
1579 2617 1651 2680 ubi·

296 2739 439 2804 cumque
455 2721 622 2805 ponebam
648 2722 776 2804 pedem,
793 2719 922 2803 lapsum
948 2721 1118 2785 timebam.
1135 2721 1281 2786 Rursum
1307 2721 1496 2803 cogitabam
1525 2741 1648 2786 nomen

295 2833 401 2901 tuum,
415 2834 447 2889 et
467 2823 561 2888 firmo
578 2825 707 2888 stabam
727 2825 820 2907 pede.

340 2926 525 2992 Secundum
549 2926 794 2991 multitudinem
820 2926 967 2990 dolorum
993 2946 1137 2990 meonem
1165 2926 1199 2990 in
1225 2927 1316 2991 corde
1339 2949 1407 2994 meo
1421 2928 1648 2994 consolationes

294 3041 370 3095 tuoe
392 3032 651 3116 laetificaverunt
676 3032 824 3095 animam
853 3051 966 3096 meam.
999 3031 1075 3095 Hoc
1100 3031 1208 3113 ipsum
1236 3042 1269 3095 et
1296 3033 1468 3114 apostolus
1493 3032 1649 3115 loquitur,

245 3160 276 3213 ²5
294 3137 452 3220 quoniam
479 3137 662 3200 secundum
692 3136 819 3200 labores
846 3146 879 3199 et
906 3137 1052 3198 miserias
1079 3155 1162 3218 quas
1188 3135 1220 3198 in
1247 3135 1311 3198 isto
1336 3135 1469 3200 saeculo
1492 3137 1649 3219 patimur,

293 3239 455 3303 habemus
483 3239 668 3303 mercedem
695 3240 783 3321 apud
811 3240 921 3302 Deum
959 3239 991 3302 in
1018 3239 1127 3303 caelis.
1157 3239 1358 3322 Magnitudo
1385 3239 1648 3318 tribulationum,

295 3345 491 3428 magnitudo
507 3345 730 3427 praemiorum
748 3353 806 3408 est.
824 3342 916 3426 Quot
932 3343 1078 3426 patimur
1094 3343 1239 3420 vulnera,
1255 3353 1305 3408 tot
1322 3363 1486 3408 meremur
1501 3354 1534 3408 et
1550 3365 1645 3408 coro·

294 3468 361 3512 nas.
381 3449 456 3512 Hoc
480 3457 530 3512 est
557 3448 647 3530 quod
673 3447 776 3512 dicit:
794 3444 932 3528 Quanto
959 3447 1066 3528 magis
1096 3447 1149 3528 egi
1177 3446 1428 3531 paenitentiam,
1444 3447 1568 3512 totiens
1593 3467 1647 3514 me

293 3551 484 3616 consolatus
501 3573 545 3616 es.
564 3551 676 3617 Unam
694 3549 762 3615 ludi
780 3549 960 3628 lacrimam,
977 3569 1079 3613 unam
1097 3551 1200 3613 merui
1227 3549 1492 3614 consolationem
1507 3575 1515 3616 ι
1529 3553 1646 3616 decem

242 3682 275 3733 30
293 3653 362 3719 ludi
379 3654 541 3732 lacrimas,
556 3655 672 3719 decem
691 3654 794 3718 merui
810 3653 1064 3718 consolationes.
1082 3652 1401 3738 Quantumcumque
1426 3655 1488 3718 tuit
1514 3655 1646 3738 pondus

294 3757 527 3842 paenitentiae,
541 3767 656 3822 tantus
672 3759 734 3822 luit
750 3767 784 3821 et
798 3758 1064 3822 consolationum
1090 3777 1254 3822 numerus.

337 3859 405 3939 Qui
409 3861 516 3944 fingit
529 3861 671 3925 laborem
694 3861 729 3925 in
745 3869 919 3944 praecepto.
935 3863 1048 3926 Nemo
1073 3862 1242 3926 dormiens
1270 3873 1456 3942 coronatur,
1472 3883 1571 3928 nemo
1595 3883 1645 3927 se-

290 3985 385 4028 curus
412 3965 558 4047 possidet
584 3984 687 4047 regna
711 3963 886 4042 caelorum,
912 3985 1011 4028 nemo
1038 3964 1160 4031 referto
1187 3976 1301 4031 ventre
1328 3979 1439 4050 potest
1470 3967 1571 4050 digne
1601 3967 1644 4030 de

324 4147 333 4184 t
348 4133 426 4194 mr'lu']
438 4135 481 4185 BC
493 4135 551 4198 (μοι
563 4135 631 4194 Lxx)
642 4151 649 4193 ς
661 4149 755 4183 mecum
769 4131 838 4201 pse.
942 4147 950 4183 t
956 4145 970 4198 5
983 4135 1128 4202 adiuvavit]
1141 4135 1183 4186 sG
1196 4154 1203 4196 ;
1215 4135 1346 4186 adiuvabit
1358 4137 1384 4185 H
1398 4135 1505 4196 (litterae
1516 4136 1546 4186 ab
1558 4144 1645 4201 postea

289 4225 427 4280 expunctae
438 4217 507 4276 sunt)
518 4233 525 4274 ς
537 4215 639 4264 adiuvit
650 4213 698 4283 βΒ,
713 4216 733 4266 C
746 4231 774 4265 ex
787 4215 896 4266 adr'rroel.
997 4217 1045 4279 nte]
1057 4217 1124 4266 arilei
1134 4218 1157 4268 G
1167 4211 1308 4286 (ἐβοήθησέ
1318 4235 1363 4283 μοι
1375 4221 1450 4280 Lxx).
1551 4231 1583 4268 20
1594 4235 1644 4268 non

285 4301 404 4362 putatam
455 4298 551 4362 grades]
562 4314 613 4348 non
619 4299 730 4362 potebant
738 4299 810 4364 pedes
825 4301 994 4366 rneussirraus
1002 4301 1089 4351 labere
1096 4303 1181 4365 gnada
1193 4302 1225 4352 G.
1293 4315 1323 4366 23
1336 4303 1365 4352 in
1376 4303 1444 4353 caele
1456 4303 1516 4366 orreo]
1528 4319 1577 4354 orn.
1590 4304 1642 4354 SG.

289 4380 320 4429 26
331 4381 535 4442 tribulationum]
547 4381 739 4430 retributionum
754 4381 805 4440 BC,
821 4383 847 4430 II
859 4396 922 4432 corr.
1025 4384 1056 4432 28
1070 4385 1170 4446 Quanto
1181 4384 1271 4449 arogis]
1290 4385 1407 4446 Quotiens
1425 4384 1470 4453 βὸ.
1572 4397 1603 4450 32
1615 4387 1643 4434 in

287 4467 441 4525 praeceptum
454 4461 490 4511 H.
592 4475 622 4525 33
635 4463 733 4527 retorto]
746 4461 761 4530 β
774 4481 781 4523 ;
794 4464 878 4528 resecto
889 4465 964 4514 codd.

330 4620 355 4678 7.
372 4603 452 4662 nolis
462 4599 488 4682 l]
504 4602 543 4662 Is.
560 4606 586 4675 6,
604 4607 630 4662 8.
1033 4625 1069 4682 33
1085 4625 1128 4684 sq.
1145 4607 1180 4666 de
1202 4606 1319 4667 ieiuniis
1331 4605 1492 4688 disputare]
1517 4608 1640 4670 HIeron.

330 4687 375 4743 26.
392 4685 424 4743 in
439 4680 533 4763 cocles]
552 4703 563 4741 1
582 4685 650 4746 Cor.
668 4705 694 4762 3,
713 4689 731 4744 8
746 4697 801 4746 etc.
991 4706 1036 4764 ep.
1048 4705 1096 4764 52,
1113 4707 1140 4749 n.
1154 4705 1168 4764 7
1187 4686 1360 4749 ‘Delicatus
1375 4689 1512 4768 magister
1527 4703 1580 4764 est,
1590 4691 1641 4768 qui
