4112 5496
463 366 513 472 iv
994 399 1283 468 Pnnernrro.

535 631 596 762 (b)
641 631 898 768 Excerpta
923 627 1140 767 plurima
1177 671 1239 734 ex
1279 629 1727 738 Commentariolis
1768 632 1818 738 in

390 795 396 810 '
468 772 713 894 Psalmos,
741 813 869 909 quos
923 771 975 877 S.
1028 772 1178 874 Pater
1219 770 1413 902 (itidem
1455 793 1628 877 contra
1659 773 1819 880 Ruffi-

465 954 585 1018 num
626 915 757 1049 I‚19)
785 955 815 1018 a
840 954 893 1017 se
914 911 1227 1049 conscriptos
1267 953 1377 1017 esse
1419 953 1520 1070 non
1566 913 1814 1022 diffitetur.

534 1066 578 1186 (c
581 1063 596 1182 )
627 1054 869 1190 Denique
895 1052 990 1158 alia
1035 1053 1206 1157 multa
1240 1095 1303 1159 ex
1336 1053 1485 1158 variis
1514 1055 1817 1178 auctoribus,

465 1197 626 1334 iisque
642 1217 695 1302 ut
716 1193 1018 1352 plurimum
1008 1218 1148 1331 rgnot
1150 1193 1191 1298 is
1216 1217 1265 1300 et
1286 1193 1468 1331 ineptis
1489 1195 1814 1354 emendicata

536 1337 715 1473 Atque
765 1334 949 1440 haec
939 1377 989 1439 m
1040 1335 1432 1493 controversiam
1487 1337 1653 1442 vocari
1716 1379 1817 1444 non

464 1519 615 1637 posse
641 1477 881 1583 videbant
863 1499 960 1582 tzur
976 1516 1152 1582 verum
1171 1475 1372 1581 maioris
1398 1517 1579 1613 operae
1610 1500 1658 1583 et
1685 1477 1817 1584 labo-

465 1660 530 1725 ns
575 1642 692 1742 erat,
734 1616 958 1756 singulas
995 1616 1234 1722 Breviarii
1279 1617 1547 1755 particulas
1592 1620 1688 1725 sub
1728 1662 1819 1727 sua

462 1801 718 1900 quamque
769 1799 936 1896 speeie
991 1758 1041 1863 in
1095 1757 1323 1864 ordinem
1369 1758 1605 1897 redigere
1656 1761 1817 1921 Quod

462 1901 668 2041 quidem
694 1900 1008 2037 aliquatenus
1036 1899 1140 2006 fieri
1167 1921 1361 2036 poterat
1385 1900 1450 2006 de
1491 1899 1611 2058 locis
1631 1903 1818 2061 quibus

463 2043 631 2180 plus
621 2064 749 2148 mest
731 2040 1061 2147 thomiletici
1111 2040 1314 2147 dicendi
1361 2041 1591 2200 generis:
1629 2044 1818 2182 quippe

462 2226 592 2322 quae
619 2184 728 2321 ipsa
769 2181 1006 2289 orationis
1041 2182 1200 2288 lorma
1243 2204 1292 2288 et
1330 2224 1474 2321 quasi
1463 2183 1667 2290 colore
1693 2226 1814 2323 quo-

463 2325 580 2431 dam
602 2348 650 2432 et
669 2366 821 2430 succo
838 2366 930 2430 suo
949 2365 1002 2429 se
1022 2323 1304 2461 proderent.
1274 2325 1515 2430 t'Haec
1504 2365 1612 2462 rpsa
1632 2347 1815 2449 tamen,

463 2466 676 2625 licett
603 2508 653 2571 m
658 2488 731 2572 ter
760 2507 814 2571 se
843 2488 960 2603 apta
931 2488 1051 2570 aet
1095 2507 1324 2571 connexa
1364 2506 1475 2573 esse
1514 2467 1814 2592 viderentur,

462 2607 646 2745 quisut
671 2648 787 2713 vere
820 2606 1225 2744 Hieronymiana
1244 2609 1436 2745 absque
1463 2607 1564 2714 ullo
1581 2608 1816 2746 scrupulo

462 2790 633 2854 omma
671 2748 951 2886 acciperet.
942 2748 1125 2887 Quis
1154 2790 1254 2854 non
1282 2772 1557 2886 suspicaret
1559 2790 1631 2874 ur,
1660 2791 1816 2908 rmmo

452 2889 565 2995 'non
613 2890 933 3028 intellegeret,
974 2889 1186 3027 plurima
1236 2931 1365 3026 quae
1415 2913 1608 2997 tantum
1652 2891 1814 2998 virum

461 3030 741 3137 dedeceant
783 3030 949 3136 adhuc
977 3031 1044 3135 ibi
1083 3070 1387 3166 comparere,
1415 3032 1480 3137 ab
1530 3031 1815 3138 inconsulto

462 3172 790 3311 compilatore
825 3172 903 3276 vel
932 3194 1117 3278 temere
1146 3195 1347 3294 mutata,
1374 3172 1452 3278 vel
1480 3174 1625 3279 loede
1669 3173 1814 3279 inter-

461 3314 642 3451 polata
669 3336 754 3418 aut
780 3334 911 3419 certe
937 3313 1145 3450 turpiter
1177 3311 1500 3471 detruncata.
1492 3315 1814 3423 >Commen-

461 3454 749 3559 tariolorum
776 3494 894 3558 vero
921 3495 1028 3559 sors
1054 3453 1313 3559 adhuc
1249 3454 1478 3590 iniquior,
1506 3496 1671 3614 neque
1714 3454 1815 3561 ulla

461 3636 548 3701 eos
594 3595 866 3732 aliquando
907 3617 1042 3700 restit
987 3595 1197 3701 tituendi
1243 3636 1358 3732 spes
1385 3619 1518 3701 erat:
1547 3637 1639 3702 msr
1629 3597 1813 3735 quod

459 3737 711 3874 quaedam
755 3736 963 3841 adnotat
968 3735 1314 3858 iunculae,tut1
1355 3760 1492 3844 recte
1536 3738 1752 3897 Bossuet
1734 3762 1813 3844 tus

458 3877 820 3998 animadvertit,
790 3876 1290 4014 tHieronymianae
1317 3879 1611 3986 eruditionis
1639 3923 1705 3987 no
1708 3904 1809 3986 tam

459 4020 523 4125 ita
551 4060 668 4156 prae
695 4061 748 4124 se
768 4018 944 4141 lerunt,
964 4044 1016 4125 ut
1035 4061 1203 4124 revera
1221 4063 1247 4126 e
1272 4021 1324 4126 S.
1356 4021 1596 4126 Doctoris
1617 4023 1810 4128 calamo

458 4161 703 4298 prolectas
724 4201 834 4266 esse
860 4201 914 4264 se
940 4161 1220 4266 ostendant.

533 4303 639 4406 Res
681 4324 782 4407 erat
823 4343 882 4407 eo
928 4301 1025 4407 iam
1077 4302 1185 4424 loci,
1214 4344 1329 4406 cum
1366 4344 1481 4409 ecce
1531 4299 1729 4409 caelesti
1756 4325 1810 4407 ut

454 4466 577 4580 puto
626 4444 895 4548 adiuvante
965 4443 1208 4560 Numine,
1261 4446 1460 4549 codices
1504 4444 1695 4581 aliquot
1758 4443 1806 4547 in

452 4627 631 4692 manus
660 4627 796 4691 meas
822 4609 1080 4706 venerunt,
1103 4625 1316 4722 quorum
1338 4584 1418 4691 alii
1440 4586 1733 4692 contionum
1756 4583 1805 4688 in

450 4751 701 4834 conventu
735 4726 1118 4836 Bethleemitico
1160 4724 1457 4851 habitarum,
1497 4748 1804 4834 commenta·
