4092 5502
381 463 465 550 354
698 454 702 464 ’
762 411 1356 514 s.n1riomn1pnrsmrnm

383 680 550 747 insederat
574 672 650 737 huic
666 669 758 754 pullo
783 667 911 750 aliquis.
939 664 1067 731 Omnes
1092 666 1265 732 voluerant
1281 666 1373 730 illurn
1385 667 1531 742 domare,
1548 675 1582 730 et
1597 667 1734 728 sedere:

383 785 441 848 sed
459 799 557 845 nemo
574 783 736 860 potuerat.
753 772 830 836 Non
855 779 1010 854 poterant
1035 770 1158 847 sedere,
1174 772 1252 853 quia
1278 771 1447 835 edomitus
1472 789 1538 833 non
1563 769 1676 834 iuerat.
1701 767 1732 833 O

383 907 453 954 rem
470 902 612 948 novam:
628 880 758 944 vinctus
774 884 854 954 erat,
869 883 903 939 et
919 883 1031 938 tamen
1048 875 1177 938 domari
1195 894 1260 940 non
1282 884 1421 958 poterat.
1439 875 1616 938 Diversum
1634 873 1733 955 longe

385 989 463 1054 iacit
489 988 602 1062 lesus:
628 981 727 1046 solvit
743 979 843 1057 enirn,
868 977 964 1042 etsie
990 979 1115 1042 domat.
1132 977 1177 1043 Et
1201 978 1262 1042 iste
1292 979 1364 1061 ipse
1380 976 1489 1059 pullus
1516 976 1692 1041 adducitur
1715 997 1735 1038 a

385 1093 556 1167 Bethania,
572 1098 606 1153 et
621 1087 798 1156 adducitur
813 1083 856 1147 ad
883 1079 1086 1162 Bethphage.
1106 1081 1198 1144 lesus
1214 1091 1326 1146 autem
1343 1091 1414 1144 erat
1435 1081 1467 1143 in
1487 1079 1658 1144 Bethania.
1675 1079 1735 1142 Di·
1774 1100 1789 1153 5

384 1199 468 1264 versi
484 1197 572 1261 enim
600 1189 824 1274 evangelistae
840 1185 935 1251 aliter
950 1195 1051 1267 atque
1073 1183 1169 1248 aliter
1184 1185 1309 1251 dicunt.
1325 1187 1394 1250 Alii
1410 1187 1535 1264 dicunt,
1550 1186 1641 1268 quod
1664 1195 1734 1248 erat

386 1301 478 1363 lesus
499 1298 532 1360 in
550 1294 714 1358 Bethania
732 1289 819 1366 rolli,
843 1289 933 1372 quod
950 1296 1020 1352 erat
1036 1287 1068 1350 in
1093 1287 1298 1370 Bethphage.
1316 1288 1479 1354 Bethania
1496 1288 1587 1352 locus
1604 1297 1663 1364 est,
1689 1288 1735 1351 vi·

383 1404 477 1469 culus
503 1410 563 1479 est,
589 1398 644 1461 ubi
672 1396 771 1459 hodie
796 1395 943 1460 Lazarus
968 1403 1027 1469 est,
1056 1393 1182 1457 viculus
1209 1393 1363 1458 Marthae
1390 1387 1423 1457 ct
1448 1391 1583 1468 Mariae,
1609 1391 1735 1455 viculus

386 1507 511 1574 Lazari.
529 1502 702 1585 Simulque
718 1499 934 1566 considerate.
952 1495 1035 1559 Illuc
1062 1495 1199 1561 adducit
1215 1496 1315 1561 istum
1332 1495 1461 1579 pullum
1488 1494 1736 1571 indomabilem,

385 1613 441 1678 ubl
470 1609 616 1674 Lazarus
641 1607 747 1671 iuerat
773 1601 971 1666 suscitatus:
994 1599 1027 1663 in
1045 1599 1217 1676 Bethania,
1243 1601 1332 1682 quod
1355 1599 1589 1682 interpretatur
1616 1598 1737 1662 domus
1760 1623 1792 1660 ro

386 1712 626 1781 oboedientiae.
645 1704 863 1772 Indomabllis
879 1710 949 1766 erat
965 1724 972 1764 :
988 1702 1164 1766 adducitur
1179 1703 1221 1766 ad
1245 1702 1503 1780 oboedientiam,
1519 1710 1556 1766 ut
1571 1702 1687 1765 sedeat
1703 1701 1735 1763 in

386 1820 443 1884 illo
461 1818 565 1882 Iesus.

429 1923 590 1986 Diximus
614 1919 656 1982 de
680 1915 844 1980 Bethania
858 1939 865 1978 ι
880 1915 1031 1979 dicamus
1054 1911 1097 1976 de
1123 1909 1331 1993 Bethphage.
1355 1910 1553 1992 Bethphage
1579 1909 1737 1992 interpre-

385 2037 474 2094 tatur
489 2027 610 2090 domus
627 2019 793 2085 maxillae.
818 2016 941 2081 Videte
957 2015 1107 2080 ordinem
1132 2012 1217 2077 fidei.
1235 2013 1383 2079 Primum
1400 2015 1575 2091 credimus,
1589 2022 1624 2076 et
1648 2013 1736 2075 veni·

386 2151 459 2196 mus
475 2131 508 2194 iu
534 2126 744 2202 Bethaniam,
759 2124 822 2186 hoc
838 2131 898 2199 est,
924 2121 958 2183 in
973 2120 1112 2182 domum
1136 2117 1390 2182 oboedientiae:
1405 2128 1438 2182 et
1454 2127 1571 2200 postea
1588 2115 1738 2178 venimus
1762 2135 1770 2170 ι
1777 2133 1792 2186 5

385 2239 418 2301 in
434 2237 574 2300 domum
591 2228 814 2303 maxillarum,
829 2226 862 2288 in
879 2227 1017 2288 domum
1041 2219 1267 2295 consessionis,
1284 2221 1317 2283 in
1334 2221 1472 2284 domum
1489 2217 1738 2282 sacerdotalem.

386 2337 521 2430 Σιαγόνα
540 2337 629 2400 enim
654 2333 804 2414 accipere
830 2327 983 2391 solebant
1021 2323 1218 2390 sacerdotes.
1246 2323 1346 2386 Dicat
1372 2322 1514 2405 aliquis:
1542 2319 1739 2387 Sacerdotes

386 2466 487 2530 quare
504 2463 570 2509 non
587 2439 755 2522 accipiunt
771 2433 862 2518 [nisi]
878 2430 1015 2523 σιαγόνα,
1030 2430 1094 2494 hoc
1110 2441 1161 2492 est
1185 2429 1358 2492 maxillam
1374 2432 1385 2494 l
1402 2430 1495 2493 Nihil
1511 2429 1602 2493 aliud
1619 2429 1740 2510 accipit

386 2555 550 2630 sacerdos,
566 2550 628 2614 nisi
656 2543 783 2637 σιαγόνα
799 2555 833 2606 et
848 2538 1075 2624 pectusculum
1101 2547 1134 2601 et
1150 2557 1309 2601 umerum.
1329 2537 1452 2602 Videte
1467 2537 1547 2620 quid
1575 2535 1740 2617 accipiant

386 2663 595 2728 sacerdotes:
622 2655 806 2728 maxillam,
830 2647 1069 2732 pectusculum,
1085 2657 1117 2709 et
1145 2665 1306 2711 umerum.
1323 2645 1446 2710 Videte
1462 2646 1543 2729 quid
1564 2644 1740 2728 accipiant.
1761 2679 1798 2716 20

387 2763 611 2834 Sacerdotalis
635 2762 724 2824 enirn
748 2755 846 2821 officii
862 2765 922 2830 cst,
946 2771 1044 2835 posse
1067 2753 1186 2816 docere
1202 2749 1354 2833 populos.
1381 2749 1482 2814 Unde
1506 2748 1628 2812 dicitur
1649 2757 1683 2810 et
1706 2745 1739 2808 in

387 2872 570 2956 propheta:
586 2872 592 2898 ‘
611 2867 785 2944 Interroga
811 2857 999 2922 sacerdotes
1027 2856 1134 2937 legem
1159 2854 1222 2916 Dei
1240 2853 1256 2918 '.
1273 2853 1493 2919 Sacerdotum
1510 2867 1561 2918 est
1576 2853 1666 2918 enirn
1693 2851 1742 2915 iu·

388 2984 572 3056 terrogatos
589 2969 788 3052 respondere
806 2965 848 3026 de
865 2965 944 3042 lege.
971 2959 1154 3039 Accipiunt
1170 2977 1250 3039 ergo
1265 2978 1463 3035 sermonem,
1480 2961 1536 3041 qui
1553 2957 1586 3020 in
1604 2954 1743 3020 maxilla

390 3089 459 3142 est:
474 3076 642 3159 accipiunt
666 3070 906 3155 pectusculum,
921 3065 984 3127 hoc
1003 3073 1063 3138 est,
1079 3061 1252 3123 scientiam
1278 3064 1523 3145 scripturarum.
1541 3058 1634 3125 Nihil
1654 3059 1742 3122 enim

390 3183 526 3266 prodest
541 3179 663 3244 habere
689 3175 799 3250 verba,
814 3173 841 3236 si
857 3166 1029 3232 scientiam
1047 3184 1112 3227 non
1141 3164 1303 3228 habueris.
1321 3165 1406 3230 Curn
1423 3165 1590 3248 acceperis
1608 3161 1744 3254 σιαγόνα,
1764 3198 1799 3252 ²5

392 3311 466 3356 curn
483 3288 648 3371 acceperis
664 3282 902 3368 pectusculum,
911 3288 991 3338 tunc
1003 3273 1126 3354 accipis
1141 3282 1175 3335 et
1191 3271 1371 3350 brachiola,
1383 3274 1447 3337 hoc
1463 3284 1513 3337 est
1528 3291 1638 3355 opera.
1652 3270 1743 3333 Nihil

392 3396 528 3483 prodest
543 3393 664 3456 habere
681 3401 715 3453 te
730 3389 838 3462 verlia,
853 3382 975 3445 habere
998 3388 1030 3442 te
1043 3375 1226 3453 scientiam,
1241 3377 1268 3438 si
1286 3396 1352 3439 non
1376 3376 1530 3441 habueris
1546 3395 1656 3458 opera.
1669 3374 1745 3438 Hoc

392 3513 500 3566 toturn
528 3516 630 3582 quare
656 3493 750 3558 dixi?
775 3489 944 3574 Quoniam
970 3485 1032 3546 iste
1058 3479 1168 3563 pullus
1196 3479 1309 3543 asinae
1338 3478 1514 3544 adducitur
1539 3480 1581 3542 ad
1606 3479 1745 3542 domum

428 3680 457 3731 18
468 3679 535 3741 nisi]
546 3693 596 3727 orn.
608 3691 635 3744 χ,
646 3682 670 3724 at
681 3689 739 3723 vero
747 3668 872 3720 sententia
880 3663 971 3729 erigit3
980 3661 1027 3711 nisi
1037 3659 1099 3710 ione
1108 3674 1153 3724 pro
1162 3674 1212 3708 non
1221 3659 1304 3724 legere
1316 3659 1436 3709 malueris
1448 3658 1560 3718 nuncl=
1571 3671 1640 3721 ergo,
1648 3653 1742 3720 igitur).

434 3841 460 3897 8.
478 3833 620 3895 ubr'lrodr'e
635 3831 767 3888 Lazarus
780 3817 833 3890 cst]
848 3821 973 3880 Hieron.
991 3819 1038 3876 lle
1135 3815 1178 3872 16.
1195 3815 1226 3874 ln
1250 3815 1366 3874 domum
1386 3803 1578 3888 confissr'om's]
1606 3804 1688 3866 Hier.
1715 3804 1747 3864 in

393 3920 451 3980 situ
465 3931 494 3978 et
509 3935 588 3975 noui
616 3916 674 3972 loc.
688 3910 769 3969 hebr.
786 3905 843 3982 (M.
862 3921 908 3978 ²3·
925 3919 981 3977 931
999 3899 1039 3974 A)
1093 3896 1199 3955 Matth.
1232 3915 1278 3969 ar,
1322 3913 1334 3952 1
1376 3893 1577 3968 ‘Cumque...
1617 3887 1746 3948 venisset

395 4008 402 4037 ⁸
417 3998 571 4069 Bethania,
586 3995 692 4056 villa...
718 3989 769 4050 ubi
794 3987 928 4046 Salvator
953 3985 1040 4040 Laza-
1094 3978 1276 4056 Bethphage,
1292 3976 1330 4036 ad
1345 3975 1461 4033 danaum
1477 3971 1681 4042 maxillarum,
1693 3965 1746 4044 qui

392 4102 457 4144 rum
472 4076 631 4148 suscitavit,
657 4072 742 4133 cuius
757 4081 785 4130 et
811 4073 1039 4128 monumentum
1093 4060 1281 4120 sacerdotum
1301 4057 1416 4116 viculus
1442 4051 1514 4126 erat,
1531 4066 1560 4114 et
1587 4051 1747 4112 consessio

393 4166 519 4226 ecclesia
534 4180 614 4220 nunc
628 4158 740 4217 ibidem
755 4160 902 4212 exstructa
916 4146 1040 4206 demon·
1095 4140 1140 4200 nis
1154 4141 1291 4218 portabat
1302 4137 1422 4216 typum’
1444 4147 1501 4196 etc.

393 4248 494 4307 strat’.
1138 4242 1184 4282 22.
1200 4217 1272 4300 Der]
1297 4224 1368 4297 Agg.
1397 4238 1423 4292 α,
1450 4237 1494 4279 ra.
1519 4213 1645 4274 Hieron.
1675 4213 1701 4271 h.
1727 4213 1744 4270 l.

437 4350 481 4387 rc.
510 4327 609 4384 doricus
632 4309 830 4393 oboedientiae]
855 4309 978 4370 Hieron.
1008 4305 1039 4365 in
1095 4302 1276 4364 ‘considera
1298 4303 1486 4362 sacerdotum
1511 4315 1577 4358 esse
1592 4293 1692 4366 officii,
1708 4295 1747 4353 de

395 4413 501 4469 Matth.
520 4427 566 4480 αι,
596 4423 629 4478 17
648 4415 721 4460 ‘rvn
745 4394 930 4464 Bethaniaur,
957 4391 1039 4467 quod
1097 4387 1160 4464 lege
1173 4382 1361 4461 interroganti
1374 4381 1591 4458 respondere...
1605 4378 1747 4438 Sacerdo-

393 4495 600 4567 interpretatur
615 4499 723 4546 uolnus
738 4481 947 4540 oboedientiae
963 4474 979 4531 ’.
1097 4469 1133 4526 tis
1148 4467 1227 4528 enirn
1243 4479 1287 4527 est
1302 4463 1376 4524 scire
1396 4465 1500 4539 legem,
1516 4460 1599 4520 etad
1625 4458 1747 4518 interro·

439 4593 483 4646 14.
499 4559 758 4642 domurmaxrllur]
770 4562 893 4620 Hieron.
910 4573 955 4632 ep.
977 4553 1042 4622 108,
1097 4549 1246 4627 gallonem
1262 4545 1442 4624 respondere
1457 4545 1496 4602 de
1512 4543 1576 4618 lege
1592 4541 1610 4599 ’.

399 4675 434 4716 ra
462 4663 514 4714 'et
538 4649 721 4726 Bethphage,
750 4645 850 4704 villam
878 4637 1043 4697 sacerdota·
1142 4647 1187 4705 27.
1203 4625 1300 4708 opera]
1316 4629 1361 4688 Ct'.
1390 4624 1515 4684 Hieron.
1542 4641 1588 4700 ep.
1613 4625 1661 4696 64,
1687 4638 1746 4680 ιιι

397 4740 471 4799 lium
486 4733 670 4795 maxillarum
683 4732 701 4789 '.
1100 4724 1130 4772 et
1145 4732 1161 4770 a
1174 4732 1184 4786 3
1198 4712 1228 4770 in
1244 4710 1411 4778 Malacha,
1428 4725 1446 4782 3
1462 4724 1506 4782 sq.
