4060 5498
508 409 562 494 74
886 403 914 461 S.
947 399 1202 460 Htuttonvttt
1237 400 1500 457 uttussstt't‘ttttt

508 604 688 679 nesciebat,
704 603 761 666 sed
779 603 1004 684 ignorantiam
1022 622 1115 666 suam
1135 623 1229 665 meae
1256 601 1415 667 scientiae
1441 602 1647 668 retulerunt:
1680 623 1746 665 non
1770 603 1851 666 enim

507 708 683 770 voluerunt
700 709 924 791 decerequod
942 707 1146 784 nesciebant,
1162 707 1221 770 sed
1239 708 1323 770 scire
1339 709 1429 788 quod
1448 707 1659 789 ignorabant.
1680 709 1773 789 Ergo
1788 708 1854 772 illo-

508 833 579 875 rum
597 811 751 893 quaestio
768 830 833 874 non
851 817 902 872 est
917 811 1035 889 aliena,
1052 829 1138 891 quae
1165 809 1208 872 de
1236 811 1462 874 misericordia
1491 811 1628 875 Domini
1655 813 1784 892 agitata
1805 821 1856 872 est.

510 917 640 979 Dicitur
656 916 688 977 in
708 916 807 978 Esaia
825 913 866 976 de
883 914 1035 977 Domino
1052 913 1225 986 Salvatore
1241 937 1247 976 ι
1264 913 1544 978 ‘Generationem
1562 917 1633 978 eius
1645 917 1720 998 quis
1733 935 1855 979 enarra-

508 1021 556 1082 bit
569 1019 600 1084 ?'
618 1019 764 1102 Quando
781 1018 911 1093 dicitur,
929 1016 1038 1099 Quis?
1056 1017 1166 1080 omnis
1181 1017 1375 1082 excluditur
1391 1029 1551 1085 creatura.
1564 1021 1643 1082 Non
1661 1023 1751 1084 enim
1767 1020 1857 1096 dixit,
1886 1043 1896 1092 5

509 1125 768 1188 Generationem
787 1125 856 1185 eius
874 1123 948 1204 quis
964 1123 1139 1185 hominurn
1157 1121 1351 1184 enarrabit?
1367 1123 1426 1186 sed
1444 1123 1655 1205 generaliter,
1672 1123 1783 1205 Quis?
1798 1123 1855 1186 hoc

508 1237 567 1304 est,
584 1248 650 1291 uon
668 1226 817 1308 augelus,
835 1247 901 1289 non
919 1226 1149 1308 archangelus,
1166 1247 1232 1289 non
1250 1227 1418 1306 cherubin,
1435 1249 1501 1291 non
1527 1229 1692 1309 seraphin.
1717 1229 1753 1292 Si
1776 1229 1855 1292 euim

506 1333 570 1396 hoc
594 1331 685 1414 quod
709 1330 832 1394 dicitur
854 1331 1054 1394 caelestibus
1078 1332 1236 1394 creaturis
1261 1333 1292 1392 in
1324 1332 1399 1394 Deo
1426 1331 1488 1395 suit
1515 1333 1763 1410 absconditum,
1783 1335 1856 1416 quid

509 1439 629 1501 mirum
645 1437 673 1498 si
691 1437 787 1500 uobis
803 1439 845 1498 de
859 1437 939 1498 limo
953 1435 1050 1498 sactis
1060 1436 1192 1499 videtur
1203 1436 1382 1516 ignotum?
1400 1435 1559 1500 Relatum
1572 1449 1622 1500 est
1634 1439 1727 1513 milti,
1739 1438 1858 1515 iratres,

507 1542 585 1624 quia
603 1541 690 1604 inter
707 1560 741 1602 se
758 1539 895 1620 quidam
916 1540 1031 1602 fratres
1047 1539 1254 1621 disputando
1277 1541 1496 1621 quaesissent,
1517 1541 1690 1622 quomodo
1714 1542 1811 1606 Pater
1829 1550 1858 1604 et
1874 1570 1897 1604 n

508 1647 613 1708 Filius
626 1656 659 1709 et
673 1645 819 1726 Spiritus
835 1655 969 1706 sanctus
980 1655 1012 1706 et
1026 1655 1092 1706 tres
1103 1656 1181 1706 sunt
1194 1655 1225 1706 et
1240 1664 1342 1706 unum
1357 1653 1442 1707 sunt.
1458 1644 1590 1708 Videtis
1601 1666 1645 1708 ex
1658 1648 1857 1729 quaestione,

509 1771 608 1833 quam
627 1750 815 1830 periculosa
832 1749 875 1810 sit
891 1748 1076 1828 disputatio
1092 1769 1098 1808 :
1115 1746 1222 1810 lutum
1240 1759 1272 1810 et
1289 1769 1347 1810 vas
1364 1747 1464 1811 fictile
1480 1749 1523 1812 de
1539 1763 1688 1814 creatore
1704 1753 1858 1836 disputat,

509 1856 600 1918 etad
618 1855 781 1916 rationem
807 1872 886 1914 suae
910 1863 1050 1914 naturae
1078 1869 1143 1913 nott
1172 1860 1283 1932 potest
1310 1852 1502 1933 pervenire;
1526 1863 1559 1915 et
1584 1857 1713 1918 curiose
1736 1858 1858 1938 quaerit

508 1958 592 2022 sciro
618 1959 661 2020 de
687 1958 848 2040 mysterio
875 1956 1062 2031 Trinitatis,
1088 1957 1178 2037 quod
1204 1956 1314 2036 angeli
1340 1958 1372 2018 in
1399 1958 1493 2018 caelo
1517 1959 1600 2020 scire
1624 1979 1690 2022 non
1716 1972 1857 2041 possunt.

510 2062 600 2145 Quid
619 2063 706 2124 enirn
724 2061 842 2123 dicunt
860 2060 969 2139 angeli
983 2065 996 2123 i
1013 2066 1019 2091 ⁴
1032 2060 1116 2142 Quis
1128 2070 1180 2123 est
1193 2061 1255 2124 iste
1269 2080 1327 2123 rex
1341 2060 1493 2142 gloriae?
1511 2062 1679 2127 Dominus
1696 2067 1858 2139 virtutum,
1874 2095 1896 2142 ¹3

510 2170 581 2250 ipse
607 2176 657 2230 cst
683 2186 743 2228 rex
774 2165 925 2247 gloriac'.
956 2165 1117 2230 Similiter
1142 2165 1173 2227 in
1207 2165 1307 2228 Esaia
1335 2165 1478 2230 dicitur:
1508 2165 1614 2248 ‘Quis
1639 2174 1689 2229 est
1720 2168 1782 2230 iste
1807 2169 1857 2251 qui
1984 2147 1985 2162 .

509 2272 663 2335 ascendit
678 2271 721 2333 de
739 2270 862 2345 Edom,
885 2269 1028 2332 candida
1045 2269 1246 2333 uestimenta
1269 2269 1382 2331 eiusi’
1407 2269 1497 2334 Vide
1524 2272 1603 2352 quid
1632 2271 1770 2335 dicunt:
1795 2273 1857 2354 pul·

510 2376 733 2439 chritudinem
762 2374 968 2454 praedicant,
991 2384 1023 2436 ct
1049 2375 1091 2436 de
1115 2383 1235 2436 natura
1261 2383 1381 2436 tacent.
1410 2374 1502 2456 Ergo
1529 2385 1561 2438 et
1587 2395 1647 2437 nos
1671 2376 1860 2458 simpliciter

509 2482 672 2544 dicamus.
689 2478 751 2541 Vis
769 2478 852 2539 scire
869 2487 1022 2540 naturam
1050 2477 1138 2540 Dei?
1163 2478 1212 2541 vis
1237 2478 1320 2539 scire
1347 2478 1426 2559 quid
1455 2479 1498 2541 sit
1523 2479 1640 2542 Deus?
1669 2481 1745 2544 Hoc
1770 2481 1857 2555 scito,

509 2586 598 2667 quod
627 2583 764 2646 nescias.
794 2581 865 2643 Nec
894 2582 925 2642 in
955 2581 1018 2644 hoc
1045 2581 1260 2657 contristeris,
1287 2581 1366 2662 quia
1395 2581 1544 2644 nescias:
1579 2585 1657 2665 quia
1691 2595 1725 2648 et
1753 2584 1855 2666 angeli
1872 2613 1898 2650 20

509 2690 707 2764 nescierunt,
734 2696 767 2748 et
794 2689 903 2750 omnis
930 2689 1083 2752 similiter
1109 2697 1269 2752 creatura.
1296 2688 1362 2752 Sed
1390 2689 1479 2751 dicat
1505 2690 1758 2773 aliquis2Quid
1784 2712 1857 2773 ergo

508 2796 608 2858 credo
625 2795 713 2876 quod
732 2795 872 2857 nescio?
889 2794 1071 2875 Quomodo
1088 2793 1297 2857 Christianus
1314 2813 1398 2870 sum,
1415 2795 1470 2876 qui
1489 2795 1600 2858 nescio
1617 2799 1787 2877 quomodo
1798 2799 1856 2858 sim

509 2899 742 2964 Christianus?
772 2897 890 2959 Dicam
920 2894 1124 2980 simpliciter,
1147 2903 1328 2977 antequam
1345 2896 1457 2978 aliqua
1473 2899 1514 2959 de
1531 2899 1702 2979 scripturis
1719 2899 1857 2981 profera-

509 3025 590 3068 mus.
609 3003 639 3066 Ο
658 3002 857 3076 Christiane,
872 3001 952 3082 quid
972 3000 1032 3064 tibi
1049 3001 1169 3063 videris
1187 2999 1267 3062 nihil
1286 3001 1393 3063 scire?
1410 3001 1446 3065 Si
1463 3002 1549 3064 scias
1561 3003 1624 3064 hoc
1641 3001 1761 3084 ipsum,
1773 3002 1855 3084 quod

509 3110 648 3183 nescias,
664 3126 777 3169 nonne
794 3105 901 3186 magis
912 3104 973 3167 tibi
985 3104 1060 3186 plus
1072 3104 1193 3166 videris
1206 3105 1316 3166 scire?
1334 3103 1477 3167 Gentilis
1488 3106 1591 3169 homo
1603 3107 1694 3168 videt
1708 3106 1857 3188 lapidem,
1873 3131 1896 3180 25

508 3223 541 3274 et
557 3211 657 3273 deum
675 3219 794 3290 putat:
812 3208 1003 3290 philosophi
1021 3207 1136 3270 vident
1153 3206 1293 3284 caelum,
1316 3218 1349 3271 et
1373 3209 1473 3271 deum
1503 3219 1646 3289 putant:
1669 3210 1724 3272 alii
1749 3213 1856 3274 vident

509 3315 625 3390 solem,
640 3322 674 3378 et
692 3315 791 3376 deum
809 3321 939 3394 putant.
957 3313 1007 3374 Tu
1025 3332 1103 3374 vero
1119 3313 1196 3374 vide
1212 3322 1373 3393 quantam
1391 3332 1490 3395 super
1506 3314 1588 3377 istos
1611 3315 1737 3378 habeas
1759 3313 1856 3377 scien-

509 3420 601 3495 tiam,
617 3420 671 3498 qui
689 3417 791 3480 dicis:
817 3416 920 3497 Lapis
936 3417 1018 3479 deus
1035 3435 1108 3478 esse
1126 3435 1190 3477 non
1216 3426 1338 3496 potest,
1366 3416 1415 3480 sol
1444 3437 1514 3479 csse
1542 3416 1625 3480 deus
1650 3439 1718 3482 uon
1744 3427 1858 3501 potest,

507 3525 563 3606 qui
581 3523 716 3586 alterius
734 3521 875 3602 imperio
891 3521 1001 3584 currit.
1026 3520 1114 3582 Vide
1138 3522 1225 3600 quod
1254 3522 1285 3582 in
1313 3539 1353 3584 eo
1378 3522 1467 3602 quod
1495 3532 1528 3585 te
1556 3521 1639 3584 dicis
1664 3523 1747 3586 nihil
1773 3525 1857 3600 scire,

542 3677 696 3737 incinctae]
715 3675 812 3724 uerebar
833 3676 862 3735 L,
878 3681 966 3739 postea
986 3690 1050 3724 corr.
1070 3675 1172 3724 dicebat.
1274 3675 1378 3736 ymim]
1396 3679 1529 3739 protego?
1627 3677 1684 3726 Sin
1698 3679 1856 3740 nectendo,

507 3779 552 3826 pro
565 3762 593 3810 in
608 3761 723 3818 Domino,
738 3768 765 3807 ut
777 3774 842 3817 reor,
856 3765 898 3806 aut
911 3757 987 3806 etiam
1001 3773 1016 3805 a
1029 3759 1093 3810 Deo.
1192 3769 1207 3818 9
1220 3757 1340 3805 Relatum
1353 3764 1388 3806 est
1398 3758 1449 3820 etc]
1461 3759 1499 3806 Ex
1517 3759 1565 3809 hac
1576 3758 1666 3808 ultima
1678 3771 1751 3824 parte
1762 3761 1857 3810 Tracta·

506 3857 546 3896 tus
557 3843 745 3893 consarcinatus
755 3849 792 3889 est
805 3856 887 3888 sermo
900 3839 966 3888 inter
975 3839 1118 3903 Augustino
1127 3837 1272 3902 suppositos
1281 3852 1295 3886 2
1298 3853 1328 3900 3²
1339 3841 1414 3900 (τα).
1487 3853 1495 3889 t
1502 3852 1514 3904 5
1524 3837 1619 3904 angeli]
1628 3843 1657 3890 2¹„
1666 3844 1730 3892 melo
1738 3842 1826 3908 sepem
1833 3857 1856 3891 α,

507 3941 535 3976 21
550 3922 801 3983 ottenis...crcarm·a]
813 3938 925 3970 orarius...
940 3929 1069 3969 creaturae
1081 3936 1105 3970 α.
1209 3921 1506 3984 Qnid]L;puomodott.
1609 3936 1640 3971 22
1651 3925 1713 3987 sint]
1724 3941 1779 3974 sum
1791 3925 1858 3972 initio

507 4013 589 4060 lineae
601 4008 660 4058 add.
675 4016 699 4056 et
712 4005 789 4054 delet.
804 4004 829 4052 in
844 4003 872 4052 1..
976 4017 1007 4062 24
1018 3999 1090 4066 qnid]
1107 4003 1154 4066 qui
1171 4018 1194 4051 2.
1297 4015 1326 4065 25
1347 4001 1404 4061 titt]
1424 4021 1474 4054 out.
1496 4021 1520 4054 α.
1623 4006 1729 4070 uideris]
1746 4023 1761 4055 a
1779 4009 1859 4056 ceteris

506 4095 581 4142 inser.
597 4107 620 4139 α.
723 4087 821 4149 appui]
834 4087 895 4149 quia
908 4102 932 4134 a.
1041 4086 1100 4134 Vide
1110 4086 1185 4148 quod]
1199 4085 1220 4134 L
1232 4103 1238 4144 ;
1251 4087 1318 4134 utiles
1330 4087 1392 4149 quia
1405 4103 1430 4136 α.

550 4249 574 4286 2.
599 4227 692 4284 docere
725 4224 804 4299 quod
836 4217 1006 4300 nesciebant]
1030 4219 1157 4278 Hieron.
1213 4219 1346 4280 similiter
1362 4221 1401 4278 ad
1416 4223 1538 4296 angelos
1549 4221 1636 4280 refert
1650 4223 1855 4299 Hieronymus,

508 4313 622 4370 Contra
645 4305 756 4365 Ruffin.
774 4305 816 4374 11,
837 4324 892 4360 10:
917 4302 1019 4361 ‘cuius
1045 4301 1160 4361 temeri·
1213 4303 1385 4361 Comtnent.
1398 4301 1427 4360 in
1444 4303 1481 4360 Is.
1500 4307 1547 4376 63,
1560 4314 1589 4362 et
1605 4302 1634 4362 in
1650 4303 1730 4363 Abd,
1745 4325 1816 4364 vers,
1835 4327 1855 4363 1,

508 4392 575 4451 tatis
591 4389 637 4459 sit,
653 4390 762 4447 docere
777 4386 860 4460 <prod
877 4384 1016 4444 nescias'.
1257 4403 1299 4458 19.
1323 4385 1390 4441 Hoc
1408 4386 1484 4456 scito,
1513 4386 1591 4460 quod
1619 4382 1740 4464 nescias]
1774 4389 1856 4445 ‘Pars

551 4493 577 4544 4·
594 4468 747 4529 enarrabis
758 4464 782 4545 l]
800 4468 838 4524 Is.
858 4483 904 4542 53,
922 4471 948 4525 8·
1212 4464 1292 4522 enim
1309 4464 1452 4524 scientiae
1467 4475 1519 4535 est,
1536 4465 1611 4526 scire
1622 4467 1706 4542 quod
1719 4467 1831 4526 nescias
1842 4469 1854 4526 '.

556 4558 598 4612 1⁶¹
619 4546 743 4628 gluttit]
763 4552 807 4606 l'S·
826 4569 870 4623 ²3·
893 4569 935 4606 ¹0·
1212 4545 1854 4624 Comment.inEzech.42,1sqq.Ct.etiam

554 4657 598 4710 17.
622 4629 694 4711 eins]
711 4633 748 4688 Is.
767 4633 814 4704 63,
834 4651 854 4686 ι.
874 4633 1044 4705 Utrumque
1060 4629 1158 4687 locum
1212 4629 1294 4701 inira,
1314 4629 1361 4686 De
1376 4628 1501 4688 Visione
1515 4627 1660 4706 Seraphin
1676 4629 1706 4688 in
1723 4631 1817 4690 Esaia.
