4092 5502
463 439 545 526 254
840 440 867 500 S.
893 439 1146 504 HIERONYMI
1170 443 1433 509 PRESBYTERI

458 661 595 728 rictibus
609 665 770 744 consistit,
786 666 844 732 sed
872 666 905 731 in
932 666 1130 747 dogmatum
1158 664 1307 741 veritate.
1325 665 1476 733 Ecclesia
1503 668 1547 732 ibi
1573 677 1633 744 est,
1649 664 1704 732 ubi
1728 662 1810 730 fides

459 785 536 832 vera
552 777 611 832 est.
627 768 783 836 Ceterum
800 781 878 838 ante
889 791 996 838 annos
1008 769 1199 856 quindecim
1225 780 1259 835 et
1284 771 1401 855 viginti
1417 792 1534 839 omnes
1550 773 1693 858 parietes
1709 770 1812 838 eccle-

460 869 582 936 siarum
599 872 754 939 haeretici
782 877 1007 959 possidebant
1025 877 1118 942 Ante
1134 875 1251 959 viginti
1276 877 1364 942 enirn
1381 897 1488 943 annos
1503 893 1621 944 onmes
1635 879 1696 944 has
1708 875 1812 942 eccie-

460 977 525 1042 sias
541 977 696 1045 haeretici
721 983 943 1064 possidebant.
963 983 1113 1050 Ecclesia
1139 993 1251 1047 autern
1279 1004 1357 1048 vera
1383 984 1440 1049 iila
1466 995 1546 1064 erat,
1562 985 1618 1050 ubi
1635 1005 1712 1050 vera
1729 982 1811 1048 fides

460 1091 539 1148 erat.
558 1081 648 1168 Ergo
671 1107 730 1151 vos
759 1087 944 1152 benedicite
969 1087 1165 1162 Dominum,
1181 1087 1237 1171 qui
1264 1089 1343 1152 estis
1369 1091 1453 1154 servi
1471 1091 1619 1157 Domini.
1634 1096 1642 1125 ‘
1659 1089 1736 1154 Non
1762 1095 1813 1151 est
1855 1099 1867 1152 5

460 1185 596 1270 pulchra
613 1188 763 1256 laudatio
779 1193 811 1255 in
828 1213 885 1257 ore
901 1193 1085 1277 peccatoris
1101 1199 1117 1257 ’.
1135 1193 1226 1274 Ergo
1241 1211 1300 1256 vos
1317 1192 1461 1270 laudate,
1477 1196 1533 1279 qui
1549 1196 1629 1260 estis
1644 1192 1729 1258 servi
1743 1191 1814 1256 Do·

461 1293 541 1357 mini
556 1316 563 1358 :
579 1304 614 1361 et
629 1297 684 1378 qui
701 1297 779 1360 estis
795 1297 890 1374 servi,
905 1307 939 1361 et
954 1298 1058 1362 statis.
1073 1296 1142 1376 Qui
1153 1297 1259 1362 statis
1275 1301 1282 1330 ¹
1300 1297 1435 1378 Statuit,
1448 1301 1565 1381 inquit,
1574 1321 1673 1382 supra
1684 1304 1813 1381 petram

461 1397 562 1480 pedes
578 1419 669 1464 meos
686 1401 700 1466 '.
719 1402 765 1466 Et
785 1402 827 1467 ad
846 1402 987 1486 Moysen
1002 1426 1009 1466 :
1025 1406 1032 1434 ‘
1049 1402 1101 1466 Tu
1118 1421 1196 1465 vero
1211 1401 1264 1464 hic
1280 1410 1333 1466 sta
1350 1425 1479 1470 mecum
1496 1406 1512 1472 '.
1538 1411 1546 1440 ‘
1564 1406 1656 1469 Deus
1672 1402 1764 1468 stetit
1780 1400 1813 1463 in

461 1521 633 1584 synagoga
649 1505 786 1570 deorum
804 1507 819 1570 '.
837 1506 882 1569 Et
908 1504 965 1588 qui
992 1507 1098 1582 statis,
1114 1525 1180 1569 non
1198 1505 1407 1590 ubicumque,
1423 1511 1480 1574 sed
1506 1511 1539 1573 in
1563 1510 1666 1574 domo
1682 1505 1756 1572 Dei.
1773 1502 1815 1568 In

461 1607 559 1671 atriis
574 1609 688 1673 domas
704 1611 771 1674 Dei
794 1611 910 1688 nostri,
926 1611 958 1674 io
985 1609 1148 1675 hebraicis
1171 1609 1394 1675 voluminibus
1422 1633 1487 1678 non
1516 1613 1657 1678 habetur
1671 1635 1679 1676 ε
1695 1608 1752 1674 sed
1781 1608 1814 1670 in
1841 1627 1873 1665 ιο

462 1713 612 1793 sequenti
629 1714 759 1797 psalmo
774 1725 833 1780 est.
851 1715 1032 1800 Quomodo
1057 1715 1145 1778 enirn
1164 1714 1312 1796 sequitur
1328 1714 1360 1778 in
1378 1715 1451 1799 ipso
1467 1716 1622 1799 psalmo?
1638 1720 1645 1749 ‘
1663 1712 1818 1780 Laudate

463 1833 583 1880 nomen
602 1817 749 1897 Domini,
766 1819 900 1884 laudate
918 1819 1002 1882 servi
1022 1819 1205 1883 Dominum
1222 1818 1303 1902 :qui
1327 1821 1423 1884 statis
1439 1822 1472 1886 in
1498 1822 1602 1886 domo
1618 1819 1766 1894 Domini,
1782 1816 1816 1880 in

462 1920 553 1982 atriis
568 1922 688 1987 domus
705 1925 768 1989 Dei
786 1924 889 1990 nostri
907 1923 922 1990 '.
939 1922 1108 2006 Quoniam
1126 1943 1206 2005 ergo
1223 1922 1285 1988 iste
1299 1923 1449 2006 psalmus
1463 1925 1576 2004 habet,
1592 1924 1660 2008 Qui
1675 1921 1770 1988 statis
1782 1918 1817 1983 in

414 2047 415 2052 ¹
463 2022 564 2086 domo
582 2025 728 2105 Domini,
745 2029 776 2092 in
794 2030 885 2094 atriis
911 2029 1032 2092 domus
1049 2027 1113 2091 Dei
1141 2028 1266 2105 nostri;
1283 2037 1459 2110 propterea
1474 2030 1611 2113 quidam
1629 2025 1769 2111 putavit,
1782 2033 1815 2088 et

464 2125 495 2188 in
513 2125 587 2208 ipso
602 2130 732 2211 psalmo
748 2134 803 2215 qui
820 2131 1008 2215 praecessit,
1024 2130 1091 2214 Qui
1107 2131 1204 2195 statis
1220 2130 1253 2194 in
1270 2130 1373 2197 domo
1390 2134 1538 2212 Domini,
1547 2133 1668 2198 debere
1684 2130 1820 2200 addere,
1843 2149 1872 2202 ις

467 2228 504 2290 In
533 2232 625 2295 atriis
652 2235 771 2299 domus
795 2236 860 2299 Dei
877 2236 988 2300 nostri.
1007 2235 1096 2320 Quid
1121 2245 1232 2328 autem
1259 2235 1433 2318 significet,
1452 2239 1488 2302 ln
1505 2239 1598 2303 atriis
1613 2240 1734 2302 domus
1752 2234 1817 2297 Dei

465 2336 577 2412 nostri,
589 2344 623 2401 et
638 2358 724 2421 quae
739 2343 782 2404 sit
797 2339 985 2404 differentia
1003 2341 1122 2404 domus
1135 2350 1168 2404 et
1184 2340 1352 2417 atriorum,
1369 2341 1400 2404 in
1418 2343 1569 2425 sequenti
1586 2341 1717 2425 psalmo
1740 2359 1818 2402 cum

465 2436 567 2501 iectus
584 2441 680 2506 suerit
699 2444 886 2509 disseretur.

507 2543 547 2606 In
563 2547 705 2611 noctibus
718 2549 857 2614 extollite
873 2570 991 2614 monus
1016 2557 1142 2612 vestras
1157 2568 1192 2611 ιη
1208 2553 1350 2613 sanctn.‘
1369 2550 1516 2616 Mundus
1539 2551 1601 2615 iste
1617 2551 1650 2613 in
1668 2547 1819 2628 maligno

465 2649 592 2728 positus
607 2662 659 2718 est
673 2653 681 2681 ¹
697 2659 753 2720 et‘
770 2674 836 2719 non
853 2663 904 2719 est
920 2653 1016 2718 nobis
1035 2672 1148 2736 pugna
1163 2654 1321 2718 adversus
1336 2674 1470 2720 carnem
1487 2665 1520 2720 et
1535 2656 1743 2738 sanguinem,
1758 2651 1818 2714 sed
1841 2673 1875 2711 ao

465 2751 623 2820 adversus
639 2769 781 2824 rectores
808 2759 1017 2824 tenebrarum
1047 2757 1183 2822 istarum
1201 2757 1216 2820 ¹.
1235 2755 1335 2822 Unde
1358 2757 1440 2823 dicit
1456 2766 1490 2823 et
1505 2756 1696 2842 apostolus:
1711 2763 1720 2791 ‘
1737 2753 1821 2818 Nox

466 2861 653 2940 praecessit,
676 2863 748 2927 dies
775 2873 887 2928 autem
912 2861 1196 2946 adpropinquavit
1211 2861 1228 2926 ’.
1246 2861 1337 2944 Ergo
1363 2862 1427 2927 hoo
1451 2860 1619 2928 saeculum
1644 2881 1714 2926 nox
1745 2865 1822 2923 est:

464 2967 632 3033 saeculum
650 2988 727 3033 vero
744 2967 890 3035 futurum
910 2969 983 3033 dies
1000 2977 1059 3033 est.
1077 2967 1177 3036 Unde
1192 2967 1273 3032 dicit
1288 2966 1460 3050 apostolus
1474 2991 1481 3032 :
1497 2973 1504 3000 ‘
1523 2965 1603 3032 Nox
1619 2963 1823 3049 praecessit,

462 3071 532 3134 dies
557 3081 669 3136 autem
697 3073 988 3156 adpropinquavit.
1009 3071 1103 3136 Sicut
1131 3071 1163 3134 in
1189 3070 1253 3147 die,
1268 3069 1385 3152 inquit,
1408 3070 1548 3136 honeste
1575 3067 1783 3135 ambulemus
1802 3065 1819 3130 '.

498 3271 506 3308 ι
520 3261 673 3322 rapueram}
684 3262 812 3310 domatum
824 3261 845 3312 C
858 3277 922 3312 corr.
1024 3261 1241 3323 nm'ratc1oerttes
1254 3259 1283 3308 B.
1385 3272 1399 3309 2
1411 3265 1435 3308 et
1446 3259 1542 3322 vegetari
1545 3265 1554 3327 ]
1565 3259 1630 3310 codd
1645 3265 1709 3318 μιαί
1726 3258 1776 3320 or'gr.
1792 3251 1820 3320 β.

461 3357 542 3389 onum
549 3343 669 3405 parietes]
677 3345 785 3406 parciter
796 3360 879 3393 omues
890 3345 931 3392 hic
942 3341 965 3410 β.
1052 3357 1066 3406 3
1079 3344 1123 3391 has
1133 3342 1253 3403 ecclesias]
1263 3341 1317 3390 eccl.
1329 3342 1374 3390 has
1387 3339 1402 3408 β
1413 3359 1419 3400 3
1432 3343 1533 3390 anr'mas
1542 3343 1640 3390 eclesias
1652 3341 1674 3390 G
1685 3359 1693 3399 ς
1705 3340 1822 3389 rustinus

462 3426 642 3484 Ammius).
744 3423 835 3484 ailla]¹
856 3429 909 3476 illic
930 3425 953 3492 β.
1046 3425 1113 3490 fides
1132 3426 1196 3484 crati
1207 3423 1281 3486 fest
1301 3423 1347 3472 GI.
1449 3420 1591 3484 9deomm]
1607 3424 1702 3472 deorom
1719 3421 1820 3472 Ccorr.

465 3521 493 3556 ιο
505 3509 533 3556 in
550 3509 663 3578 sequenti
677 3509 783 3572 psatmo]
797 3510 839 3559 BC
856 3526 905 3559 om.
922 3511 969 3568 ing
989 3509 1112 3573 seqrecntr'r
1124 3507 1220 3571 pralrrrr'
1230 3505 1251 3556 C
1263 3521 1317 3571 sup.
1331 3505 1376 3556 lin.
1479 3518 1508 3566 14
1516 3505 1630 3570 putauit]
1638 3499 1733 3568 putant
1748 3501 1820 3554 Atii.

464 3590 534 3651 isin
547 3583 608 3652 ipso]
620 3591 649 3638 in
661 3593 707 3639 isto
718 3591 747 3641 C.
832 3591 892 3656 qui]
906 3589 921 3658 β
935 3599 960 3640 et
971 3591 1046 3641 codd.
1061 3605 1107 3655 pro
1118 3590 1201 3654 quio?
1285 3588 1314 3638 16
1324 3587 1457 3654 sapificet]
1468 3587 1595 3654 significat
1606 3589 1638 3638 G.
1718 3585 1825 3650 23Nox

459 3681 498 3735 pr.
513 3673 537 3722 d.
551 3689 574 3722 a.
589 3671 626 3730 ai
638 3689 688 3722 non
702 3681 769 3737 repet
784 3671 807 3740 β.
893 3687 925 3735 24
936 3673 1159 3740 adpropinquavit]
1177 3671 1198 3720 C
1211 3669 1285 3720 inser.
1299 3677 1329 3721 et.

501 3845 528 3897 4.
545 3825 683 3884 haeretr'cr'
688 3821 882 3906 possidebant]
893 3824 1019 3885 Arianos
1029 3823 1112 3884 intel·
1165 3821 1264 3882 utcsra
1280 3843 1392 3884 ineram.
1410 3824 1449 3883 Er
1465 3821 1493 3880 in
1515 3819 1681 3882 centesimo
1709 3817 1820 3878 tricesi-

460 3907 534 3984 lege,
566 3904 770 3978 Photinianos,
801 3905 1007 3966 Eunomianos
1035 3917 1112 3967 cete·
1163 3923 1213 3964 mo
1225 3905 1314 3964 tertio
1326 3906 1441 3982 psalmo
1451 3905 1523 3963 Ecce
1532 3921 1610 3962 nunc
1618 3901 1642 3960 b.
1657 3901 1729 3960 D.o.
1739 3919 1760 3959 s.
1775 3901 1817 3959 D.

460 4007 570 4066 rosque
597 3987 762 4048 haereticos
791 3988 944 4048 Nicaenae
969 3987 1038 4048 srdei
1071 3985 1112 4047 in·
1161 4005 1188 4061 q.
1204 3986 1288 4046 statis
1300 3987 1331 4045 in
1340 3987 1421 4046 dooro
1436 3985 1570 4056 Domini,
1583 3984 1621 4044 ad
1636 3979 1820 4042 benedictio-

461 4071 568 4143 sensos,
584 4069 636 4146 qui
659 4068 824 4130 Theodosii
856 4069 959 4149 Magni
990 4069 1112 4146 impera·
1165 4086 1234 4128 nem
1253 4067 1375 4129 Domini
1390 4077 1501 4128 stantes
1516 4063 1661 4143 propheta
1680 4063 1709 4123 in
1724 4063 1821 4123 domo

460 4151 531 4211 toris
556 4150 656 4212 edicto
680 4169 711 4210 ιν
736 4151 774 4211 id.
798 4153 915 4212 Ianuar.
933 4171 950 4210 a
966 4153 1021 4226 381
1040 4149 1113 4210 dato
1167 4147 1289 4209 Domini
1304 4149 1477 4209 cohortatur
1487 4149 1503 4208 '.

461 4231 595 4294 basilicas
624 4231 780 4293 catholicis
820 4232 974 4293 restituere
1015 4228 1111 4290 coacti
1206 4250 1232 4306 9.
1247 4229 1377 4311 deorum]
1395 4233 1441 4289 Ps.
1458 4231 1505 4301 81,
1526 4249 1549 4287 r.

461 4325 537 4374 sunt.
1209 4333 1252 4371 ro.
1266 4331 1323 4370 non
1332 4308 1558 4392 macredconi.
1572 4305 1821 4372 Commentarioi.

502 4399 526 4454 6.
541 4393 707 4478 peccatoris]
730 4396 820 4457 Eccli.
843 4413 886 4472 15,
903 4415 929 4472 9.
1165 4393 1191 4452 Ιι.
1209 4411 1251 4471 ps.
1271 4413 1297 4470 p.
1315 4413 1363 4470 91,
1380 4395 1397 4452 i.
1419 4396 1463 4452 16.

502 4479 527 4536 8.
546 4475 629 4559 meos]
647 4479 692 4537 Ps.
711 4499 758 4556 39,
783 4499 809 4554 3.
944 4502 946 4508 ·
1010 4549 1014 4558 p
1210 4495 1252 4552 ¹3·
1270 4471 1376 4555 nostri]
1392 4477 1438 4533 Ps.
1461 4495 1525 4551 ¹34·
1548 4491 1622 4550 rsq.

547 4558 667 4640 mecum]
692 4561 780 4620 Dent.
798 4576 826 4636 5,
842 4577 888 4636 31.
912 4556 1037 4618 Hieron.
1065 4575 1111 4634 ep.
1208 4577 1253 4615 20.
1262 4557 1374 4633 positus
1388 4551 1442 4634 est]
1461 4577 1472 4615 1
1492 4557 1536 4617 10.
1554 4573 1582 4633 5,
1602 4575 1645 4632 ¹9·

462 4659 509 4714 ar,
525 4659 552 4702 n.
573 4659 607 4719 ¹5
621 4645 629 4676 ‘
642 4643 836 4703 Peccatorum
849 4639 953 4714 iacere,
966 4637 1111 4700 iustorum
1209 4657 1253 4697 ει.
1270 4635 1409 4719 istorum]
1426 4638 1536 4710 Ephes.
1553 4639 1580 4710 6,
1601 4657 1645 4696 η.

462 4735 538 4785 stare
551 4735 605 4785 est.
622 4723 671 4786 Ad
688 4725 814 4802 Moysen
836 4720 963 4784 dicitur:
983 4721 1028 4782 Tu
1050 4739 1115 4780 vcro
1209 4739 1253 4794 ²4
1270 4716 1461 4802 ambulemus]
1477 4721 1566 4780 Rom.
1584 4739 1628 4797 13,
1647 4737 1682 4778 ra
1698 4735 1742 4796 sq.
