4202 5492
656 421 911 486 innovatus
935 423 992 480 on
1014 420 1183 482 Psanno
1205 421 1346 480 nxxvn
1624 417 1672 504 51

321 660 403 706 sum.
415 639 589 724 Quantum
606 641 795 726 inpeccatis
813 643 895 708 meis
906 641 977 720 suit,
988 641 1113 707 nullam
1126 642 1275 708 invenire
1287 642 1381 724 potui
1396 641 1679 708 consolationem:

323 765 450 811 rursum
478 747 622 830 cogitavi
639 749 681 812 de
707 749 791 828 Deo,
811 758 844 814 et
872 751 905 815 in
934 751 1159 818 misericordia
1186 750 1289 832 ipsius
1316 747 1502 815 delectatus
1529 767 1613 814 sum.
1638 749 1677 812 ln

324 848 479 914 hebraico
493 851 589 918 aliter
604 852 719 917 habet:
736 854 890 919 ‘Memor
906 856 952 922 lui
966 858 1040 934 Dei,
1056 866 1089 922 et
1105 855 1323 920 conturbatus
1339 875 1412 919 sum
1428 855 1444 919 '.
1462 852 1678 920 Consideravi

325 955 615 1020 mansuetudinem
633 957 744 1039 ipsius,
759 959 965 1026 consideravi
992 963 1161 1044 pietatem,
1184 959 1391 1025 consideravi
1410 957 1629 1023 munditiam:
1645 966 1679 1020 et

207 1127 210 1134 ,
291 1081 304 1134 5
324 1059 439 1122 videns
456 1061 619 1144 meipsum
637 1063 847 1142 inmundum,
862 1066 1077 1132 vehementer
1088 1063 1322 1131 conturbabar.
1334 1062 1582 1129 Erexerce'tatus
1596 1081 1679 1137 sum,

322 1177 355 1230 et
367 1167 484 1250 defecit
495 1172 633 1254 spiritus
646 1194 743 1238 meas.
761 1177 800 1239 ln
820 1177 966 1244 hebraeo
983 1179 1101 1244 melius
1117 1179 1240 1243 habet:
1269 1179 1277 1210 ‘
1295 1170 1473 1254 Loquebar
1488 1170 1521 1232 in
1540 1173 1677 1228 memet·

324 1273 405 1355 ipso,
417 1284 450 1338 et
465 1277 588 1342 deiecit
603 1277 738 1360 spiritus
756 1302 849 1346 meus
865 1284 872 1310 ’
888 1285 957 1349 sive
969 1284 1212 1368 desperatione,
1228 1282 1298 1345 sive
1313 1275 1479 1340 desiderio
1496 1273 1569 1336 Dei.

367 1380 642 1463 Antr'cr'paaerunt
652 1383 882 1466 vigilr'asaculr'
895 1388 964 1454 mei.
978 1391 1017 1454 In
1031 1390 1175 1454 hebraeo
1188 1387 1285 1451 aliter
1300 1382 1402 1446 habet
1414 1385 1440 1448 :‘
1455 1374 1677 1444 Prohibebam

323 1495 514 1568 suspectum
545 1487 716 1552 oculorum
747 1510 907 1569 meorum,
933 1493 1175 1577 constupebam
1200 1499 1235 1554 et
1259 1509 1326 1552 non
1356 1487 1516 1571 loquebar
1532 1484 1550 1549 '.
1578 1477 1679 1565 Quod

275 1606 307 1646 10
324 1585 413 1667 dicit,
428 1589 491 1656 hoc
515 1601 585 1658 est:
612 1594 825 1658 considerans
850 1607 989 1679 peecata
1005 1617 1088 1675 mea,
1109 1595 1223 1661 oculos
1251 1593 1293 1656 ad
1310 1593 1440 1658 caelum
1468 1591 1595 1674 erigere
1610 1602 1677 1648 non

325 1695 516 1762 audebam‘
528 1698 697 1762 Peccatori
707 1701 795 1764 enim
807 1701 895 1766 dixit
909 1703 1021 1767 Deus:
1039 1702 1169 1785 thuid
1183 1711 1219 1765 tu
1237 1698 1525 1781 enarrasjustitias
1540 1697 1655 1758 meas?
1673 1689 1679 1716 ¹

326 1799 504 1883 Propterea
519 1803 706 1886 stupebam,
722 1804 892 1881 timebam,
908 1805 999 1889 loqui
1015 1825 1082 1871 non
1100 1816 1261 1888 poteram.
1276 1802 1354 1866 Hoc
1370 1803 1466 1868 iuxta
1477 1800 1679 1866 hebraicum.

321 1905 595 1991 ,Antr'cr'paverunt
608 1906 744 1989 vrgz'le'as
757 1908 842 1972 oculi
862 1909 933 1974 mel.
949 1910 1144 1994 Antequam
1162 1908 1282 1992 aliquis
1308 1907 1470 1991 vigilaret,
1485 1927 1549 1989 ego
1563 1901 1680 1987 vigila·

325 2008 411 2078 bam.
438 2013 597 2096 Legimus
621 2013 703 2076 etin
733 2012 896 2079 Daniele:
921 2016 991 2079 ‘Et
1015 2035 1101 2093 ecce,
1116 2016 1234 2099 inquit,
1261 2015 1288 2078 ir
1303 2014 1310 2040 ¹
1327 2014 1361 2077 id
1388 2022 1448 2088 est,
1472 2011 1561 2095 vigil.
1577 2017 1584 2044 ‘
1603 2010 1679 2074 Non

275 2129 307 2184 ¹5
325 2119 519 2184 dormitabit
535 2137 643 2201 neque
666 2117 864 2199 obdormiet,
880 2122 936 2203 qui
952 2120 1099 2186 custodit
1124 2121 1250 2185 Israhel
1268 2120 1283 2186 '.
1301 2119 1393 2202 Ergo
1420 2116 1604 2183 monachus
1621 2119 1678 2201 qui

326 2243 392 2287 non
416 2222 542 2306 vigilat,
566 2222 655 2285 hunc
680 2240 810 2286 versum
839 2244 905 2288 non
922 2234 1034 2309 potest
1060 2225 1178 2291 dicere.
1200 2226 1232 2289 T
1228 2225 1366 2290 urbatus
1376 2246 1459 2302 mm,
1473 2233 1506 2288 et
1530 2245 1594 2288 non
1608 2245 1682 2290 sum

325 2327 483 2410 loquutus.
498 2327 575 2392 Hoc
591 2333 650 2403 est,
662 2327 752 2408 quod
768 2328 850 2393 dicit
860 2331 1032 2412 apostolus
1047 2330 1127 2396 ‘Sol
1142 2350 1207 2396 non
1221 2331 1352 2396 occidat
1365 2350 1464 2414 super
1476 2329 1681 2394 iracundiam

327 2443 469 2498 vestram
483 2433 499 2495 ¹.
514 2431 686 2496 Turbatus
704 2451 788 2510 sum,
799 2435 894 2516 quasi
917 2433 1019 2500 homo
1033 2457 1040 2513 ;
1057 2455 1124 2498 non
1141 2455 1213 2499 sum
1237 2433 1404 2516 loquutus,
1420 2431 1515 2515 quasi
1531 2431 1682 2496 christia·

327 2557 397 2601 nus.
416 2535 593 2600 Iracundia
607 2535 717 2617 coepit
732 2536 766 2599 in
783 2538 883 2602 corde
900 2559 984 2618 meo,
1000 2540 1057 2604 sed
1076 2539 1280 2606 iracundiam
1300 2537 1331 2601 in
1348 2536 1450 2600 verba
1466 2556 1532 2601 non
1550 2535 1683 2619 protuli.

273 2657 309 2694 20
372 2639 525 2724 Cogitavi
536 2639 607 2703 dr'es
622 2639 780 2722 antiquas,
794 2651 826 2705 el
838 2665 941 2708 annas
960 2655 1106 2709 aeternos
1126 2644 1161 2708 e'n
1177 2653 1281 2708 mente
1304 2641 1413 2707 habui.
1429 2641 1603 2725 Quantum
1621 2662 1681 2723 pro

326 2745 471 2827 peccatis
489 2745 572 2809 meis
588 2752 649 2818 est,
672 2743 901 2827 desperabam,
916 2759 950 2813 et
975 2757 1129 2814 renuerat
1154 2745 1319 2811 consolari
1335 2746 1449 2810 anima
1475 2765 1558 2810 mea.
1575 2745 1681 2828 Coepi

325 2850 473 2932 cogitare
489 2849 533 2912 ab
547 2847 643 2912 initio
660 2849 785 2926 m'undi,
800 2853 936 2932 quando
952 2852 1122 2917 hominem
1151 2852 1229 2918 lecit
1246 2852 1349 2926 Deus,
1364 2868 1471 2934 usque
1496 2850 1538 2914 ad
1555 2869 1681 2914 annum

328 2972 448 3029 meum,
464 2953 508 3017 ab
523 2950 637 3014 Adam
656 2953 818 3031 usquead
836 2962 968 3037 tempus
986 2976 1107 3021 meum.

369 3055 558 3120 Meditatus
572 3075 645 3118 sum
662 3063 747 3116 nocte
768 3075 841 3119 cum
863 3059 954 3122 corde
969 3081 1044 3134 meo,
1067 3069 1098 3122 et
1119 3057 1278 3123 scobebam
1298 3056 1452 3139 spiritum
1473 3078 1587 3121 arerem.
1604 3058 1682 3122 Non

275 3178 308 3231 ²⁵
327 3161 517 3244 cogitabam
543 3159 587 3223 de
613 3159 793 3234 iracundia,
809 3180 875 3224 non
893 3163 1083 3244 cogitabam
1099 3163 1141 3226 de
1158 3163 1294 3226 inimico
1311 3180 1385 3224 meo
1400 3182 1407 3238 ;
1433 3163 1491 3224 sed
1509 3170 1581 3227 tota
1608 3181 1683 3226 mea

327 3267 488 3348 cogitatio
503 3265 547 3329 de
564 3263 639 3327 Deo
654 3271 732 3326 erat.
752 3263 842 3341 Nox,
856 3285 943 3348 quae
959 3266 1044 3329 solet
1059 3286 1132 3329 esse
1147 3265 1198 3329 vel
1223 3265 1265 3329 ad
1282 3264 1428 3348 quietern
1446 3264 1497 3328 vel
1515 3265 1556 3328 ad
1574 3265 1683 3328 libidi-

328 3389 414 3447 nem,
430 3369 511 3432 mihi
528 3377 600 3431 erat
622 3365 784 3447 cogitatio
800 3369 842 3432 de
868 3367 1054 3432 virtutibus.
1081 3368 1267 3432 Meditatus
1280 3389 1353 3431 sum
1372 3390 1444 3432 crem
1458 3369 1549 3432 corde
1565 3391 1640 3448 mea,
1654 3381 1687 3433 et

362 3583 378 3631 9
389 3568 571 3633 constupebam]
582 3566 707 3615 stubeham
718 3565 749 3613 G.
831 3577 860 3622 14
871 3565 906 3630 ir]
915 3564 958 3612 ar'r
970 3561 994 3630 β,
1009 3563 1030 3614 C
1043 3564 1101 3614 add.
1116 3580 1133 3611 v
1141 3579 1195 3628 sup.
1208 3564 1252 3614 lin.
1322 3576 1350 3612 2¹
1361 3567 1489 3628 renuerat]
1501 3569 1640 3612 rennurral
1652 3561 1681 3610 B.

330 3665 361 3712 24
372 3653 501 3718 scabebam]
514 3649 607 3700 ABCG
620 3669 626 3706 ;
638 3648 758 3712 scopebam
772 3643 802 3711 β;
814 3645 937 3692 scribebam
946 3645 978 3702 S,
990 3645 1129 3693 sterneham
1143 3646 1171 3694 1.
1242 3646 1273 3693 26
1284 3650 1340 3711 esse]
1354 3661 1403 3693 orn.
1416 3644 1469 3694 Bc.

370 3838 396 3895 3.
413 3817 599 3876 conturbatus
613 3810 689 3894 sum]
703 3812 791 3871 Psalt.
807 3811 888 3870 bebr.
908 3812 980 3868 Hie·
1031 3811 1106 3868 labi!
1118 3831 1205 3888 neque
1217 3811 1347 3881 dormr'et,
1362 3812 1417 3887 qur'
1432 3813 1556 3870 eustadii
1572 3813 1669 3870 lsrael
1677 3831 1685 3884 ;

329 3899 463 3977 ronymi:
483 3896 666 3956 ‘recordans
686 3897 741 3952 Dei
752 3890 951 3950 conturbabar
962 3894 977 3950 '.
1031 3892 1114 3967 epist.
1134 3911 1180 3970 75,
1202 3912 1229 3952 n.
1248 3911 1284 3971 5:
1302 3898 1309 3925 ‘
1324 3903 1455 3952 servator
1469 3904 1499 3952 et
1519 3905 1629 3963 custos,
1645 3892 1684 3953 de

372 3998 397 4056 7.
412 3981 534 4058 spiritus
558 3973 647 4057 meres]
675 3975 751 4036 lbid.
770 3973 935 4049 ‘loquebar
949 3973 980 4030 in
1031 3973 1134 4050 quoin
1150 3976 1266 4050 psalmo
1277 3975 1413 4033 scribitur
1432 3975 1501 4032 Non
1516 3974 1686 4033 darrrritabr't

330 4062 515 4139 memetipso,
529 4071 559 4118 et
570 4057 728 4118 deficiebat
738 4053 856 4132 spiritus
868 4073 953 4112 meus
963 4056 977 4114 ’.
1032 4075 1119 4130 neque
1140 4057 1268 4128 dormiet,
1291 4055 1346 4132 qur'
1365 4057 1487 4114 custodit
1508 4058 1627 4130 Israel;
1653 4067 1684 4115 ut

371 4165 399 4221 9.
414 4163 472 4202 nou
493 4137 638 4219 loquebar]
662 4137 739 4198 lbid.
762 4135 978 4212 ‘prohibebam
1033 4153 1099 4208 nra,
1124 4136 1176 4213 qui
1207 4139 1412 4212 interpretatur
1444 4136 1520 4213 vigil,
1554 4136 1605 4214 qui
1634 4136 1684 4195 de-

330 4223 661 4304 suspectumoculorum
673 4216 979 4293 meorumstupebam
1034 4218 1150 4278 scendit
1160 4219 1199 4278 ad
1216 4218 1334 4289 Daniel,
1343 4219 1381 4277 ad
1398 4229 1427 4277 te
1438 4237 1560 4295 quoque
1571 4217 1670 4277 veniat
1676 4239 1684 4290 ;

330 4319 359 4366 et
376 4326 437 4366 oon
452 4304 596 4382 loquebar
610 4302 626 4362 '.
1034 4317 1079 4372 ep.
1111 4320 1176 4376 109,
1206 4320 1233 4360 n.
1262 4320 1300 4376 3:
1330 4303 1337 4330 ‘
1362 4301 1427 4358 Nos
1452 4298 1587 4358 dicamus
1615 4317 1684 4357 cum

375 4408 418 4446 rr.
436 4381 546 4465 meast]
562 4387 608 4444 Ps.
625 4403 674 4458 49,
694 4384 737 4440 16.
1037 4381 1134 4440 David
1152 4383 1221 4440 Nare
1235 4381 1405 4444 dormitabit
1417 4400 1445 4440 n.
1461 4381 1487 4440 d.
1503 4400 1529 4456 a.
1546 4400 1566 4438 r.
1577 4381 1686 4451 Israel3

377 4489 420 4540 ¹4·
434 4471 465 4528 in
478 4460 615 4544 Daniele]
631 4485 659 4536 4,
680 4484 714 4521 ιο
730 4467 774 4520 καὶ
786 4463 843 4518 ἰδοὺ
856 4460 894 4535 sip
910 4477 980 4518 Lxx.
1035 4473 1068 4520 ut
1092 4463 1191 4522 veniat
1212 4463 1250 4522 ad
1267 4481 1321 4522 nos
1346 4474 1465 4520 sanctus
1491 4474 1520 4520 et
1544 4478 1607 4532 ara,
1633 4459 1685 4536 qui

336 4551 459 4610 Hieron.
476 4549 505 4608 in
525 4549 606 4606 hunc
621 4548 675 4604 loc.
699 4547 775 4603 ‘Pro
789 4545 877 4619 ra'gr'lr'
887 4544 984 4600 'ibeo
1037 4542 1243 4620 interpretatur
1257 4542 1325 4620 vigil
1341 4544 1348 4570 '
1363 4555 1418 4602 etc.

334 4631 418 4692 dolio
434 4630 530 4708 ipsum
541 4626 739 4692 Chaldaicum
751 4625 874 4684 verbnm
887 4622 985 4700 posuit
1081 4642 1125 4700 15.
1141 4627 1258 4684 Israhel
1291 4628 1334 4684 Ps.
1355 4644 1418 4695 rao,
1435 4643 1462 4697 4.

336 4714 521 4773 ula...etde
538 4707 871 4770 DominotiicilurNon
882 4704 986 4762 dormi·
1082 4708 1264 4766 18,vestram
1296 4705 1402 4783 Ephes,
1419 4727 1446 4777 4,
1465 4710 1508 4764 26,
