4158 5492
586 409 957 474 COMMENTARIOLI
986 413 1033 474 IN
1062 414 1259 476 PSALMOS.
1548 413 1603 499 73

734 677 737 684 ’
823 683 1035 768 XCVIII.

301 935 370 1016 Et
390 935 529 1018 honor
546 934 660 1042 regis
679 934 889 1016 iudice'mn
910 933 1068 1042 delegit.
1094 933 1256 1044 Aquila
1276 933 1338 1017 sic
1358 937 1601 1020 transtulit:

245 1077 254 1110 ‘
281 1073 341 1154 Et
363 1071 592 1181 imperium
629 1073 742 1183 regis
776 1072 982 1155 iudicium
1005 1071 1155 1154 dilexit
1177 1073 1195 1154 ’.
1222 1073 1391 1155 Sensus
1413 1073 1492 1156 iste
1512 1087 1601 1157 est:

245 1213 330 1294 Per
352 1210 559 1293 iudicium
578 1212 756 1321 punitur
773 1211 1005 1322 iniquitas:
1030 1210 1257 1319 iniquitate
1277 1223 1420 1293 autem
1440 1211 1602 1321 punita,

191 1387 205 1439 ς
242 1347 505 1460 magnitudo
540 1349 652 1460 regis
686 1361 880 1460 augetur.
903 1349 952 1430 E
954 1353 974 1429 l
993 1347 1175 1430 adorate
1193 1348 1418 1431 scabillum
1439 1349 1603 1459 pedum

239 1487 347 1570 eius.
384 1486 575 1595 Quidam
609 1501 762 1596 putant
799 1487 1023 1570 scabillum
1058 1487 1217 1597 pedum
1255 1487 1402 1597 Xpisti
1432 1513 1603 1569 carnem

239 1625 340 1708 eius
360 1623 513 1708 debere
534 1624 737 1736 intellegi,
760 1652 870 1736 quae
905 1637 945 1707 et
981 1624 1075 1734 ipsa
1109 1649 1281 1734 quoque
1309 1623 1366 1705 sit
1386 1623 1605 1706 adoranda

239 1789 344 1846 cum
365 1762 521 1846 Verbo.
547 1762 636 1848 Sed
673 1762 828 1845 melius
850 1789 924 1872 per
944 1760 1230 1873 tropologiam
1263 1761 1471 1844 debemus
1498 1761 1606 1844 acci-

240 1927 368 2012 pere:
391 1912 439 1984 ut
467 1902 689 2014 quomodo
724 1915 889 1986 tronus-
908 1901 1003 1984 Dei·
1021 1899 1262 2012 appellatur
1282 1901 1458 2001 caelum,
1483 1901 1605 1984 itaet

191 2083 221 2120 ιο
240 2039 471 2124 scabillum
505 2041 665 2152 pedum
688 2053 798 2124 terra
819 2040 875 2123 sit
897 2039 1021 2141 dicta,
1044 2038 1110 2122 vel
1134 2052 1326 2150 potestas
1347 2065 1457 2149 quae
1478 2039 1540 2122 illi
1562 2053 1605 2124 et

240 2180 443 2264 caelestia
463 2193 506 2263 et
527 2191 694 2262 terrena
721 2177 914 2262 subiciat.
938 2179 1009 2260 Et
1027 2178 1209 2261 adorate
1229 2179 1274 2260 m
1295 2183 1606 2262 montesancto

239 2319 349 2402 elur.
376 2319 465 2401 Iste
492 2329 557 2400 est
578 2329 704 2401 mons
726 2329 913 2416 sanctus
935 2315 1010 2426 qui
1032 2315 1230 2399 vulnerat
1251 2343 1394 2428 regem
1416 2316 1533 2426 Tyri.

803 2600 1043 2683 XCVIIII.

303 2854 403 2963 lpse
420 2853 540 2962 fecit
569 2881 656 2953 nos,
678 2859 722 2936 et
755 2879 838 2936 mm
874 2880 958 2937 nos.
986 2852 1148 2936 Melius
1169 2850 1213 2933 in
1235 2851 1418 2935 hebraeo
1450 2850 1601 2934 habet:

192 3014 220 3066 ι5
246 3001 254 3031 ‘
281 2991 384 3101 Ipse
404 2992 503 3075 lecit
524 3018 616 3090 nos
639 2991 794 3074 eteius
816 3017 897 3075 nos
918 3016 1072 3075 sumus
1095 2991 1113 3072 ’.
1239 3010 1240 3014 ‘

898 3273 947 3356 C.

298 3513 356 3596 ln
391 3514 614 3598 matutino
648 3514 960 3623 interficiebam
994 3537 1138 3596 omnes
1161 3516 1410 3622 peccatores
1443 3515 1597 3592 lemae.

245 3652 517 3734 Matutinum
553 3651 822 3735 velocitatem
845 3652 902 3733 rei
925 3650 1331 3759 festinationemque
1359 3647 1600 3760 significat:

275 3862 524 3928 3dileer’11EAM;
557 3863 645 3927 diligit
663 3863 694 3913 C.
796 3873 882 3927 §sqq.
902 3861 1042 3922 scabillum]
1059 3861 1161 3926 scripsi3
1194 3861 1328 3924 scalmllum
1349 3861 1384 3920 E;
1417 3861 1548 3909 scabellum
1569 3860 1598 3909 C.

244 3959 275 3996 10
291 3945 395 4010 pedum]
409 3944 461 4002 ΕΟ
470 3962 478 4004 ;
494 3960 545 3993 orn.
560 3945 623 3994 AM.
728 3957 757 4006 14
768 3945 829 4005 erma]
846 3945 900 3992 AM
920 3945 1016 3994 addunt
1036 3945 1087 4008 ipsi
1091 3965 1101 4001 ,·
1112 3943 1138 3993 in
1152 3944 1174 3992 tt
1186 3959 1324 4008 pronomen
1337 3945 1387 4007 r'pse
1402 3943 1434 3992 nd
1452 3959 1531 4006 marg.
1545 3943 1600 3991 rudi

240 4029 340 4078 calamo
351 4026 494 4091 suppletum
507 4035 553 4076 est.
636 4027 730 4090 15ee'us
741 4026 795 4087 nos]
809 4027 851 4076 EC
858 4041 866 4090 ;
901 4041 944 4074 eros
954 4029 1008 4076 eius
1020 4027 1082 4076 AM.
1165 4025 1194 4075 18
1205 4027 1245 4076 ree'
1246 4025 1495 4091 seste'nationemque]
1508 4023 1583 4073 EAM
1593 4040 1610 4082 3·

240 4108 490 4172 resurrectionemque
502 4107 532 4156 C.

287 4297 331 4338 12.
354 4275 493 4337 vulnerat
505 4295 595 4352 regem
613 4272 702 4357 Tyri]
719 4275 826 4336 Ezech.
849 4280 896 4351 28,
949 4276 1035 4354 epist.
1052 4278 1098 4352 78,
1125 4275 1175 4337 ubi
1197 4277 1236 4338 de
1258 4276 1398 4338 vicesima
1420 4276 1600 4338 Mansione:

246 4361 283 4420 16
304 4377 361 4420 sec.
390 4356 494 4419 LXX:
520 4357 729 4432 ἐτραυματίσθης
747 4361 800 4415 ἀπὸ
818 4355 896 4434 ὅρους
949 4360 1032 4419 ‘Iste
1048 4357 1127 4418 iuxta
1144 4358 1331 4420 Ezechielem
1346 4358 1509 4419 vulneravit
1525 4359 1600 4436 prin·

242 4445 293 4496 τοῦ
313 4445 384 4497 urob.
401 4439 449 4499 Ad
464 4457 555 4517 quem
574 4439 674 4499 locum
692 4439 895 4516 HIeronymus
947 4439 1044 4518 cipem
1060 4439 1130 4516 Tyri
1145 4442 1160 4500 '.

244 4528 345 4579 noster
369 4517 426 4597 (M.
451 4537 497 4598 25,
521 4519 611 4598 289:
628 4519 711 4580 ‘sive
727 4522 896 4581 vulneratus
991 4538 1035 4599 ¹⁵·
1058 4541 1109 4581 nos
1121 4519 1232 4602 sumus]
1249 4522 1296 4580 Ita
1310 4540 1432 4598 quoque
1454 4521 1600 4598 Hierony-

245 4615 263 4657 a
288 4611 389 4662 monte
417 4601 484 4675 Dei,
514 4601 565 4678 qui
595 4601 758 4680 perspicue,
789 4600 894 4680 inquit,
946 4622 1013 4664 mus
1038 4603 1068 4662 in
1094 4621 1149 4663 suo
1174 4601 1317 4663 Psalterio
1341 4622 1378 4663 ex
1401 4603 1481 4663 hebr.
1506 4604 1599 4680 ‘Ipse

245 4679 380 4744 Christus
394 4681 572 4762 intellegitur
586 4683 601 4743 ’.
619 4685 657 4745 Et
678 4684 717 4745 ad
739 4684 894 4746 Fabiolam
946 4685 1016 4747 lecit
1031 4703 1095 4759 nos,
1110 4696 1140 4745 et
1155 4683 1246 4762 ipsius
1261 4703 1363 4746 sumus
1378 4687 1393 4743 '.

297 4809 407 4854 lundon
416 4811 573 4856 Iluam
583 4835 608 4845 -
618 4813 644 4855 Τ.
656 4813 701 4856 111.
