4202 5492
611 377 866 440 muneratus
890 379 949 438 un
971 379 1138 440 Psalmo
1160 381 1316 440 Lxxvn.
1588 359 1641 462 65

288 593 407 658 fluctus
423 591 524 657 maris
540 591 717 674 mitigavit,
732 603 766 658 et
792 614 854 658 nos
879 594 1047 676 perduxit.
1062 595 1245 676 Interrupit
1267 612 1367 668 mare,
1381 601 1413 654 et
1420 592 1643 673 perduxiteos.

289 698 406 778 Usque
420 696 530 774 hodie,
546 716 567 759 o
583 697 749 760 monache
766 697 880 774 fidelis,
899 701 1035 781 quando
1058 699 1208 762 educeris
1224 699 1267 761 de
1282 698 1454 779 Aegypto,
1469 697 1643 760 interrum-

288 802 376 884 pitur
392 819 493 879 mare,
507 812 542 866 et
557 801 604 864 sic
619 802 777 866 educeris.
796 801 927 865 Statuit
940 823 1046 883 aqrras
1059 804 1155 884 qnasi
1171 802 1205 865 in
1222 810 1335 866 utrem.
1355 801 1392 862 ln
1409 798 1565 863 hebraico
1578 818 1643 864 non

287 906 389 970 habet
406 913 524 982 utrem,
538 906 596 969 sed
613 925 778 970 acervum.

257 1025 272 1078 5
331 1018 379 1084 Et
390 1017 528 1083 deduxit
540 1039 593 1083 eos
607 1018 642 1082 in
659 1017 742 1081 nube
754 1017 829 1082 diei.
842 1023 848 1050 ¹
863 1010 950 1082 Ecce
963 1017 1131 1081 Dominus
1147 1017 1283 1084 venitin
1298 1015 1494 1102 Aegyptum
1512 1015 1545 1080 in
1558 1014 1645 1080 nube

289 1123 353 1188 levi
366 1121 383 1189 ⁹.
398 1123 532 1187 Nubem
562 1123 678 1200 levem,
694 1130 751 1185 aut
779 1123 912 1204 proprie
940 1121 1123 1186 Salvatoris
1154 1140 1274 1203 corpus
1299 1119 1460 1185 debemus
1487 1121 1646 1203 accipere,

289 1229 368 1311 quia
383 1227 456 1292 leve
472 1226 534 1292 luit
549 1237 584 1292 et
600 1225 692 1290 nullo
709 1235 848 1308 peccato
863 1233 1118 1309 praegravatum
1135 1236 1186 1290 est
1199 1249 1206 1290 :
1220 1234 1277 1290 aut
1292 1233 1381 1290 certe
1398 1224 1521 1290 nubem
1538 1225 1645 1290 levem

290 1330 451 1396 debemus
463 1339 613 1396 sanctam
632 1330 775 1395 Mariam
786 1331 945 1413 accipere,
962 1329 1053 1395 nullo
1068 1330 1197 1394 semine
1212 1329 1360 1396 humano
1383 1340 1645 1413 praegravatam.

188 1422 193 1430 ⁴
292 1435 380 1500 Ecce
403 1436 572 1502 Dominus
597 1435 689 1500 venit
716 1434 748 1498 in
776 1434 973 1516 Aegyptum
990 1433 1113 1497 saeculi
1141 1435 1235 1498 istius
1262 1453 1362 1519 super
1389 1435 1513 1500 nubem
1531 1434 1648 1513 levem,

246 1549 275 1587 ¹⁰
291 1537 477 1622 Virginem.

334 1650 595 1717 Etdeduniteos
610 1651 645 1715 in
661 1649 742 1715 nube
767 1650 841 1715 cle'ei.
859 1649 998 1713 Pulchre
1025 1649 1123 1728 dixit,
1138 1650 1225 1720 diei:
1253 1649 1358 1714 nubes
1385 1649 1475 1713 enim
1502 1647 1558 1713 illa
1579 1668 1647 1714 non

291 1754 353 1820 luit
369 1757 401 1819 in
418 1755 573 1833 tenebris,
588 1755 646 1820 sed
663 1774 795 1837 semper
811 1755 843 1818 in
869 1754 950 1818 luce.
969 1753 1017 1817 Et
1031 1762 1097 1817 tota
1119 1763 1204 1818 nocte
1220 1755 1254 1819 in
1280 1755 1529 1820 inluminatione
1550 1753 1648 1837 egenis.

291 1859 357 1925 ‘Et
372 1857 530 1923 tenebrae
545 1877 612 1922 non
629 1868 707 1922 sunt
723 1859 906 1922 absconsae
921 1878 941 1921 a
957 1867 990 1921 te
1006 1881 1012 1922 :
1028 1857 1113 1922 sicut
1139 1858 1199 1922 lux
1216 1858 1286 1936 tibi,
1303 1860 1349 1923 ita
1365 1867 1398 1923 et
1414 1879 1485 1923 nox
1501 1858 1562 1923 tibi
1575 1857 1651 1922 ’.Et

292 1971 360 2027 tota
375 1972 461 2027 nocte
475 1963 510 2027 in
526 1961 778 2028 intaminatione
793 1961 889 2046 egenis.
904 1967 912 1994 ‘
929 1961 1097 2026 Dominus
1122 1971 1235 2027 noster
1250 1964 1336 2047 ignis
1352 1981 1553 2027 consumens
1568 1975 1619 2028 est
1632 1963 1647 2028 '.

246 2073 275 2125 ¹5
294 2066 387 2148 Ignis
401 2084 611 2135 consumens.
628 2063 705 2130 Non
722 2067 820 2142 dixit,
836 2065 916 2148 quid
933 2083 1153 2130 consumens:
1170 2067 1266 2130 nobis
1280 2064 1542 2149 intellegentiam
1555 2066 1648 2130 dere-

293 2169 397 2254 liquit.
423 2169 491 2253 Qui
527 2189 627 2253 super
659 2169 916 2234 fundamentum
946 2167 1058 2252 Xpisti
1075 2167 1335 2235 aedificaverunt
1351 2169 1489 2254 lignum,
1505 2171 1650 2249 faenum,

293 2277 461 2360 stipulam,
477 2277 645 2342 DomInus
660 2276 724 2341 illis
737 2274 834 2362 'iguis
850 2291 1050 2337 consumens
1067 2282 1126 2338 est.
1144 2273 1414 2358 Ignisduplicem
1437 2275 1538 2339 habet
1554 2288 1647 2342 natu·

294 2401 387 2446 ram:
413 2393 447 2446 et
474 2381 570 2460 lucet,
595 2389 630 2445 et
654 2381 728 2447 urit.
753 2379 789 2444 Si
820 2387 1012 2460 peccatores
1041 2397 1165 2457 sumus,
1190 2377 1360 2442 incendit:
1390 2378 1417 2443 si
1449 2379 1535 2456 iusti,
1559 2378 1649 2444 lucet

295 2485 399 2550 nobis.

245 2597 278 2633 ²⁰
337 2595 519 2679 Interrupit
527 2605 656 2679 petram
673 2594 707 2658 in
722 2593 851 2658 deserto.
870 2593 1060 2675 Interrupta
1077 2592 1172 2657 nobis
1189 2601 1240 2658 est
1251 2601 1344 2677 petra
1360 2591 1394 2657 in
1410 2592 1555 2658 heremo.
1572 2595 1647 2656 Per·

293 2719 389 2764 cussa
405 2707 456 2765 est
471 2707 574 2782 petra,
590 2708 624 2765 et
640 2699 808 2764 fluxerunt
826 2718 932 2780 aquae
944 2722 951 2762 :
965 2697 1021 2761 illa
1037 2707 1139 2779 petra,
1151 2717 1237 2781 quae
1253 2699 1333 2763 dicit
1345 2701 1352 2730 ¹
1364 2695 1430 2781 Qui
1447 2699 1526 2775 sitit,
1536 2699 1648 2762 veniat

295 2811 328 2867 et
342 2802 437 2869 bibat
448 2803 456 2831 '
469 2824 477 2880 ς
492 2801 536 2867 de
550 2803 644 2867 cuius
668 2812 783 2869 ventre
811 2801 986 2866 fluxerunt·
1006 2800 1153 2866 flumina.
1171 2801 1218 2864 Et
1231 2799 1413 2882 adaquavit
1437 2821 1487 2864 eos
1512 2800 1649 2864 velutin

294 2907 406 2988 abysso
420 2906 533 2972 multa.
551 2906 590 2971 ln
607 2906 750 2985 deserto,
765 2906 821 2970 ubi
838 2925 926 2990 aqua
953 2924 1019 2969 non
1047 2914 1127 2983 erat,
1142 2904 1350 2968 abundantia
1376 2903 1471 2966 nobis
1488 2922 1649 2987 aquarum

295 3011 383 3076 lacta
399 3021 458 3078 est.

247 3116 279 3169 ²⁵
340 3120 450 3187 Multa
465 3131 543 3187 sunt
559 3142 645 3206 quae
660 3122 822 3199 dicantur,
837 3131 877 3186 et
887 3121 1035 3186 infinitus
1061 3129 1112 3186 est
1139 3119 1297 3205 psalmus,
1312 3129 1346 3185 et
1368 3129 1521 3203 tempore
1536 3117 1650 3184 exclu-

330 3337 345 3388 3
357 3326 386 3374 in
397 3323 490 3388 utrem]
501 3325 567 3376 CSG
578 3342 586 3384 ;
597 3326 627 3374 in
635 3331 692 3374 utre
700 3323 741 3392 βΑ
751 3343 758 3386 ;
768 3331 849 3374 retrern
858 3325 919 3383 (om.
931 3326 971 3386 in)
980 3325 1008 3374 B.
1081 3335 1109 3388 13
1118 3324 1255 3386 absconsae]
1266 3324 1419 3374 absconditae
1432 3324 1483 3374 SG.
1554 3332 1583 3386 ις
1591 3323 1656 3388 qnid

295 3408 449 3470 consumens]
459 3407 524 3472 quoii
531 3415 659 3457 consuntat
671 3408 698 3458 S.
766 3418 798 3456 22
810 3408 839 3456 in
850 3407 933 3471 alysso
944 3406 1035 3468 multa]
1046 3407 1135 3470 atym
1147 3408 1228 3456 multa
1239 3409 1282 3458 SG
1294 3409 1370 3459 Psalt.
1379 3409 1452 3458 Rom.
1521 3418 1552 3471 25
1565 3409 1653 3458 Multa

296 3495 357 3540 runt
366 3505 430 3554 quae
440 3488 561 3538 dicantur
569 3489 620 3551 etc]
633 3489 705 3540 Haec
716 3489 844 3540 conclusio
857 3497 976 3539 tractatus
988 3503 1119 3554 nusquam,
1134 3489 1181 3538 nisi
1193 3489 1275 3551 lailot,
1289 3490 1359 3542 edita
1369 3499 1416 3542 est.

337 3686 364 3740 4
381 3660 593 3744 reductivum]
610 3665 697 3724 Psalt.
720 3662 801 3724 hebr.
825 3663 948 3724 Hieron.
1045 3681 1089 3741 15.
1123 3666 1203 3724 nabes
1234 3668 1455 3746 intellegentiam
1489 3664 1653 3748 dereliquit]

298 3752 344 3808 ‘et
359 3759 436 3807 stare
451 3744 520 3805 lecit
533 3764 625 3822 aquas
637 3743 721 3822 quasi
732 3747 901 3805 acervum’
1003 3747 1128 3806 Hieron.
1155 3765 1201 3824 ep.
1218 3751 1266 3823 48,
1283 3768 1312 3810 n.
1339 3771 1394 3828 19:
1412 3750 1517 3811 ‘noble
1542 3751 1654 3810 intelle·

338 3831 365 3888 6.
380 3824 451 3908 leur]
464 3829 504 3888 ls.
520 3846 565 3903 19,
581 3846 604 3886 1.
1001 3827 1131 3903 gentiam
1156 3829 1324 3908 derelinqui
1336 3834 1364 3905 ’;
1387 3832 1540 3894 Adversus
1556 3829 1651 3891 lovin.

338 3911 365 3970 8.
375 3905 617 3988 praegravatam]
639 3907 764 3970 Hieron.
782 3908 810 3967 in
839 3911 876 3969 Is.
904 3927 949 3984 19,
1004 3927 1029 3980 1,
1059 3911 1115 3968 16:
1137 3909 1247 3970 ‘nobis
1268 3910 1501 3990 intellegentiam
1529 3913 1654 3974 derelin-

301 3989 514 4054 12‘Ascendit
539 3989 688 4050 Dominus
716 4008 805 4068 super
839 3990 949 4051 nubem
1001 3988 1114 4067 quens’
1129 4001 1185 4054 etc.

297 4073 403 4147 levem,
417 4089 526 4150 corpus
548 4083 669 4132 sanctae
691 4071 810 4150 virginis
827 4071 949 4144 Mariae,
1046 4089 1088 4146 17.
1105 4071 1257 4154 stipulam]
1277 4095 1289 4133 r
1307 4077 1377 4138 Cor.
1395 4096 1420 4152 3,
1442 4097 1485 4136 η.

297 4155 381 4231 quod
409 4153 492 4215 nullo
516 4152 640 4213 humani
667 4153 789 4214 seminis
817 4153 950 4229 pondere
1043 4173 1088 4212 22.
1105 4151 1197 4233 briat]
1210 4156 1254 4214 Io.
1274 4174 1300 4231 7,
1317 4175 1363 4233 37.
1382 4161 1428 4234 38.

298 4244 521 4314 praegravatum
549 4245 611 4294 est:
646 4237 691 4295 vel
726 4245 807 4296 certe
841 4251 950 4310 corpus
1043 4251 1088 4310 ²5·
1105 4234 1208 4293 Multa
1222 4245 1293 4295 sant
1303 4257 1377 4314 quare
1390 4235 1537 4317 de'cantur]
1549 4240 1653 4314 Longe

298 4335 394 4390 suum,
419 4317 503 4395 quod
527 4315 567 4377 de
591 4315 700 4394 Spiritu
725 4325 830 4376 sancto
843 4333 950 4375 conce·
1000 4313 1085 4374 aliter
1105 4315 1199 4392 pergit
1217 4319 1408 4394 Breviarium,
1436 4321 1465 4379 in
1487 4339 1549 4396 quo
1563 4329 1593 4378 et
1614 4321 1653 4378 de

298 4409 383 4476 mum
397 4399 469 4460 δι’
1001 4395 1084 4456 Pauli
1099 4398 1226 4472 apostoli
1243 4401 1371 4460 ‘decem
1385 4401 1654 4479 epistulis'sermo
1683 4424 1687 4433 ·

344 4497 385 4556 13.
402 4475 470 4560 libr]
482 4482 529 4540 Pr.
546 4479 611 4554 138,
631 4497 675 4538 12.
1002 4488 1054 4550 est,
1071 4488 1099 4538 et
1115 4478 1222 4539 Chnmi
1239 4499 1348 4542 nomen
1361 4487 1369 4516 ‘
1383 4481 1547 4543 calliditas'
1562 4480 1654 4542 latine

345 4581 386 4634 ¹4
404 4579 567 4622 consumens
575 4557 627 4641 est]
641 4562 730 4623 Deut.
743 4579 771 4635 4,
786 4579 822 4635 24
833 4580 842 4636 3
854 4560 948 4621 Hebr.
1002 4559 1167 4636 exponitur.

304 4661 349 4716 12,
366 4663 410 4720 ²9·

351 4775 461 4817 Anauon
471 4773 626 4816 Maredsolcna
638 4772 681 4822 ΙΙΙ,
691 4788 709 4814 a.
1593 4788 1605 4826 9
1671 4786 1674 4792 ·
