4092 5502
468 421 551 502 320
849 419 878 479 S.
904 418 1160 480 HlERONYMI
1184 419 1449 480 PRESBYTERI

467 637 627 719 scriptum
644 644 694 701 est
721 635 754 699 in
785 634 886 699 Esaia
912 635 1100 718 propheta?
1119 635 1353 721 Evangelistae
1379 637 1422 699 de
1438 647 1555 701 sancto
1579 637 1705 719 Spiritu
1722 636 1819 701 locuti

468 749 554 804 sunt.
571 741 703 803 Marcus
730 739 791 803 iste
816 739 873 821 qui
891 739 1012 816 scribit,
1029 759 1096 804 non
1125 761 1246 822 parvus
1271 750 1331 805 est.
1349 740 1503 822 Denique
1518 741 1633 805 Petrus
1649 740 1819 824 apostolus

469 845 501 907 in
518 843 659 927 epistula
683 863 743 906 sua
758 843 826 908 ait:
842 842 997 908 ‘Salutat
1013 863 1071 906 vos
1099 843 1154 907 illa
1177 845 1334 920 coelecta,
1350 853 1382 907 et
1401 845 1534 908 Marcus
1551 843 1637 908 filius
1654 847 1748 908 meus
1758 844 1773 908 '.
1790 841 1819 908 O

468 946 620 1030 apostole
637 947 741 1025 Petre,
769 947 901 1011 Marcus
919 945 1005 1009 filius
1017 958 1102 1024 tuus,
1119 946 1204 1011 lilius
1221 968 1287 1012 non
1309 967 1408 1011 came
1424 948 1482 1011 sed
1499 947 1626 1031 spiritu,
1643 948 1819 1012 instructus

468 1049 672 1134 spiritalibus
687 1051 752 1114 hoc
765 1052 917 1133 ignorat3
933 1059 967 1114 et
983 1052 1071 1132 quod
1095 1050 1174 1114 alibi
1192 1051 1351 1132 scriptum
1369 1061 1428 1133 est,
1444 1050 1521 1116 alibi
1537 1063 1706 1115 memorat.
1729 1051 1820 1116 Sicut
1853 1067 1864 1117 5

468 1157 627 1238 scriptum
643 1165 695 1220 est
710 1154 742 1218 in
762 1156 862 1220 Esaia
876 1155 1058 1238 propheta:
1076 1156 1163 1219 Ecce
1177 1155 1275 1220 mitto
1293 1155 1461 1238 Angelum
1480 1175 1590 1219 meum
1607 1165 1686 1219 ante
1703 1155 1818 1218 taciem

470 1271 571 1324 tuam.
590 1259 716 1325 Locum
736 1261 835 1324 istum
847 1259 969 1344 impius
986 1259 1042 1322 ille
1054 1259 1267 1344 Porphyrius,
1283 1260 1339 1342 qui
1356 1261 1532 1336 adversum
1549 1279 1611 1323 nos
1635 1259 1820 1342 concripsit‚

470 1373 504 1429 et
520 1363 633 1427 multis
649 1363 873 1427 voluminibus
890 1363 1014 1426 rabiem
1033 1383 1126 1426 suam
1143 1363 1301 1438 evomuit,
1322 1364 1355 1425 in
1372 1373 1490 1445 quarto
1506 1364 1638 1426 decimo
1654 1363 1820 1427 volumine

469 1469 626 1552 disputat,
650 1464 683 1530 et
710 1467 813 1532 dicit:
830 1474 836 1498 ⁸
854 1466 1090 1549 Evangelistae
1113 1477 1183 1531 tarn
1201 1467 1332 1550 inperiti
1359 1466 1490 1531 luerunt
1506 1467 1666 1546 homines,
1684 1488 1749 1532 non
1771 1488 1818 1531 so·

469 1572 538 1636 lum
555 1571 588 1634 in
604 1570 837 1646 saecularibus,
853 1569 910 1634 sed
928 1572 1027 1634 etiam
1046 1572 1079 1635 in
1103 1571 1273 1654 scripturis
1289 1569 1418 1648 divinis,
1434 1579 1471 1634 ut
1487 1571 1715 1635 testimonium
1732 1569 1818 1653 quod
1840 1589 1866 1624 ιο

470 1677 547 1742 alibi
565 1675 724 1758 scriptum
749 1685 809 1752 est,
824 1676 867 1738 de
889 1673 955 1738 alio
972 1685 1134 1756 ponerent
1158 1675 1321 1758 propheta
1334 1673 1350 1739 ¹.
1368 1673 1443 1737 Hoc
1460 1672 1514 1737 ille
1530 1673 1650 1738 obicit:
1668 1693 1728 1737 nos
1744 1693 1820 1756 ergo

471 1781 549 1864 quid
567 1781 596 1868 ei
625 1777 924 1864 respondebimus?
950 1779 1167 1843 Orationibus
1194 1779 1312 1842 vestris
1337 1777 1400 1840 ista
1426 1775 1505 1840 mihi
1534 1777 1665 1840 videtur
1692 1776 1820 1840 solutio.

472 1885 566 1950 Sicut
591 1885 816 1971 scriptumest
838 1884 870 1947 in
889 1883 998 1946 Esaia.
1015 1881 1105 1964 Quid
1134 1882 1292 1963 scriptum
1310 1881 1409 1945 estin
1428 1881 1529 1944 Esaia
1546 1879 1735 1964 propheta?
1758 1877 1824 1944 Vox

470 1988 644 2074 clamantis
659 1987 694 2050 in
703 1987 825 2076 deserto
837 2009 849 2050 .·
864 1986 990 2050 Parate
1001 1986 1091 2048 viam
1105 1985 1251 2061 Darniai,
1281 1995 1383 2048 rectas
1389 1985 1496 2065 facite
1510 1986 1644 2048 semitas
1656 1985 1736 2049 eius.
1750 1983 1821 2047 Hoc

472 2093 503 2154 in
523 2090 624 2155 Esaia
640 2092 799 2174 scriptum
828 2099 877 2154 cst
893 2113 900 2153 :
916 2089 1085 2172 expositio
1109 2101 1220 2153 autem
1247 2090 1350 2171 ipsius
1373 2089 1509 2171 capituli
1527 2090 1559 2166 iu
1577 2088 1646 2152 alio·
1660 2089 1820 2172 propbeta
1842 2102 1867 2152 ¹5

473 2183 590 2260 melius
606 2195 733 2260 dicitur.
751 2195 796 2259 Et
821 2195 892 2278 ipse
907 2195 989 2259 dicit
1004 2194 1231 2276 evangelista:
1251 2195 1318 2259 lste
1342 2204 1400 2271 est,
1418 2193 1533 2275 inquit,
1551 2193 1718 2256 lohannes
1737 2193 1820 2274 Bap-

472 2301 559 2376 tista,
583 2300 626 2364 de
652 2320 719 2383 quo
746 2300 846 2363 etiam
880 2299 1064 2363 Malachias
1089 2299 1197 2362 dixit:
1225 2297 1303 2362 Ecce
1326 2299 1419 2362 mitto
1444 2298 1596 2380 angelum
1621 2317 1726 2359 ranem
1749 2305 1822 2359 ante

462 2404 586 2485 faciem
614 2413 714 2480 tuam,
728 2403 789 2486 qui
803 2403 1015 2486 praeparabit
1039 2401 1128 2464 viam
1146 2411 1245 2466 tuam.
1264 2403 1354 2484 Ergo
1371 2403 1459 2485 quod
1484 2403 1575 2474 dicit,
1591 2404 1750 2483 scriptum
1767 2409 1823 2474 est,

472 2508 514 2571 ad
530 2506 593 2570 boc
609 2507 791 2590 capitulum
809 2506 967 2570 refertur:
983 2505 1063 2569 Vox
1080 2504 1255 2570 clamantis
1268 2506 1299 2568 in
1314 2506 1455 2581 deserto,
1473 2505 1590 2569 Parate
1606 2506 1694 2568 viam
1710 2503 1824 2568 Domi·

474 2611 515 2688 ni,
533 2619 639 2675 rectas
655 2610 752 2675 tacite
768 2610 904 2675 semitas
920 2608 999 2674 eius.
1018 2609 1067 2674 Ut
1083 2618 1195 2673 autem
1214 2609 1367 2691 probaret
1383 2611 1482 2671 istum
1500 2627 1572 2670 esse
1588 2606 1744 2688 angelum
1768 2607 1821 2690 qui
1841 2625 1869 2660 20

473 2713 592 2778 missus
608 2724 667 2790 est,
689 2713 796 2778 noluit
811 2734 856 2777 ex
872 2733 933 2777 suo
957 2715 1096 2796 probare
1112 2734 1273 2790 sermone,
1288 2715 1345 2777 sed
1372 2735 1416 2776 ex
1432 2712 1607 2796 prophetia
1634 2712 1820 2796 prophetae.

515 2818 598 2882 Fuit
622 2817 782 2881 Iohannes
798 2817 833 2881 in
855 2819 977 2881 deserto
992 2817 1161 2899 baptizans
1180 2827 1211 2881 et
1228 2819 1431 2901 praedicans.
1450 2816 1616 2880 lohannes
1633 2814 1694 2879 suit
1709 2839 1716 2880 :
1734 2817 1821 2880 Deus

474 2931 587 2985 noster
601 2932 680 2986 erat.
699 2921 797 3004 Quod
817 2919 886 2998 luit,
901 2941 974 2984 esse
996 2923 1136 2986 desivit:
1152 2924 1242 3004 quod
1260 2923 1329 3000 luit,
1345 2933 1423 2986 ante
1438 2941 1540 3004 quam
1557 2929 1654 2997 esset,
1670 2941 1736 2985 non
1753 2919 1822 2984 luit:

472 3035 618 3089 ceterum
635 3025 691 3107 qui
717 3035 795 3101 erat,
812 3031 889 3087 ante
916 3037 995 3102 erat,
1011 3036 1045 3089 et
1060 3045 1191 3108 semper
1214 3036 1293 3104 crat,
1308 3036 1342 3090 et
1358 3035 1428 3089 erat
1445 3044 1511 3088 non
1528 3023 1628 3087 habet
1644 3023 1821 3106 aliquando

472 3129 680 3210 principium.
699 3127 789 3210 Ergo
805 3127 848 3190 de
866 3127 1016 3191 iohanne
1033 3127 1185 3212 Baptista
1200 3130 1412 3209 dicitursuit,
1428 3130 1461 3193 id
1478 3141 1528 3193 est
1545 3125 1682 3217 ἐγένετοτ
1698 3130 1741 3194 de
1757 3129 1822 3193 Do·
1840 3145 1866 3194 ²5

474 3230 565 3293 mino
579 3240 692 3294 autem
710 3229 893 3308 Salvatore,
908 3240 987 3294 erat.
1004 3229 1070 3295 Ubi
1087 3232 1216 3310 dicitur,
1233 3244 1311 3311 erat,
1329 3233 1456 3297 nullum
1472 3232 1574 3298 habet
1591 3235 1731 3300 initium.
1750 3234 1821 3316 Ipse

473 3341 523 3397 est
549 3334 606 3417 qui
632 3331 848 3414 dixitz‘Qui
876 3343 935 3408 est,
967 3335 1056 3397 misit
1085 3334 1259 3398 me':non
1288 3337 1376 3400 enim
1405 3356 1478 3400 esse
1501 3336 1616 3401 habuit
1644 3337 1820 3420 aliquando

473 3438 678 3521 principium.
698 3437 775 3502 Fuit
791 3438 955 3501 lohannes
972 3438 1004 3500 in
1022 3439 1153 3501 deserto
1175 3439 1349 3521 baptizans
1366 3450 1399 3504 et
1415 3439 1619 3522 praedicans.
1637 3440 1820 3506 Indeserta

505 3636 520 3686 3
531 3625 579 3688 ait]
590 3637 641 3672 om.
656 3623 685 3672 F.
779 3623 836 3684 illa]
849 3622 890 3672 ille
903 3623 923 3672 F
927 3623 954 3672 t..
1056 3624 1163 3690 coelecta]
1174 3624 1260 3690 scripsi
1273 3627 1319 3690 (gr.
1335 3625 1525 3692 conculcantis
1544 3646 1599 3679 cuni
1610 3631 1683 3680 electa
1697 3621 1743 3680 FL'
1752 3638 1821 3694 atque

472 3708 507 3758 ita
528 3707 616 3772 legisse
635 3705 735 3756 videtur
755 3705 911 3770 Sophronius
930 3723 970 3772 ap.
988 3707 1094 3758 Hieron.
1110 3709 1149 3757 De
1169 3709 1214 3758 vir.
1229 3709 1327 3759 inlustr.
1341 3726 1363 3760 c.
1377 3711 1392 3760 8
1405 3707 1460 3770 (σὺν
1472 3713 1506 3781 τῇ
1519 3705 1662 3780 &aiamim
1681 3713 1775 3762 collecta
1795 3727 1819 3778 χ,

473 3805 488 3852 4
500 3807 525 3840 n.
540 3805 614 3839 carne
624 3807 644 3841 s.
659 3791 763 3855 spiritu]
775 3805 795 3858 χ
806 3807 813 3848 ;
826 3805 851 3838 n.
866 3791 950 3838 carnis
960 3807 979 3838 s.
994 3792 1101 3855 spiritus
1114 3791 1165 3841 Fl..
1246 3793 1394 3854 instructus]
1407 3809 1444 3861 χ;
1455 3801 1565 3843 structus
1577 3793 1630 3844 FL.
1719 3807 1743 3846 rt
1753 3803 1821 3860 perte·

472 3874 539 3935 reat]
552 3881 655 3937 poneret
675 3872 726 3922 FL.
831 3885 859 3922 12
880 3872 989 3934 viarm]
1010 3888 1029 3940 χ
1047 3873 1121 3923 inser.
1135 3889 1190 3923 esse.
1292 3888 1324 3924 20
1329 3867 1447 3939 probaret
1458 3871 1545 3935 istum]
1566 3877 1604 3934 F;
1619 3883 1647 3940 p.
1661 3865 1683 3924 is
1695 3877 1776 3939 itsma
1788 3891 1822 3942 Z?

469 3957 608 4022 probaretis
616 3970 674 4004 eum
689 3953 717 4014 L,
732 3963 823 4018 etsup.
839 3953 881 4004 lin.
896 3971 930 4004 m.
944 3971 993 4004 rec.
1007 3955 1066 4004 add.
1081 3972 1138 4005 nen.
1224 3970 1252 4005 21
1265 3959 1386 4020 sermone]
1396 3973 1531 4007 sermonem
1545 3959 1597 4008 FL.
1687 3971 1718 4022 23
1729 3955 1822 4017 desinit]

475 4040 518 4088 FL
529 4057 536 4098 ;
548 4037 640 4086 desinit
652 4052 679 4104 χ.
759 4047 790 4097 24
801 4043 823 4085 et
833 4035 898 4096 erat]
911 4037 955 4086 FL
965 4054 972 4096 r
984 4039 1067 4086 eterit
1079 4053 1106 4105 χ.
1187 4049 1217 4102 25
1230 4035 1260 4087 tt
1267 4046 1303 4088 est
1314 4033 1428 4108 ἐγένετο]
1440 4043 1456 4090 i.
1472 4057 1491 4092 e.
1506 4057 1618 4110 εγενετω
1631 4043 1652 4092 F
1654 4042 1701 4094 LO
1713 4060 1720 4102 3
1732 4059 1781 4093 om.
1794 4055 1819 4109 χ.

474 4120 505 4168 28
513 4118 683 4183 principium]
695 4119 715 4166 F
719 4119 739 4167 L
750 4136 758 4178 ;
770 4119 876 4168 initium
889 4135 916 4186 χ.
1391 4143 1393 4148 ,

515 4289 540 4346 3.
557 4263 647 4348 nicus]
666 4287 676 4326 1
696 4268 772 4326 Petr.
790 4285 816 4342 5,
837 4287 880 4343 13.
1177 4283 1240 4329 tum
1256 4269 1302 4344 sit,
1318 4270 1433 4348 quaerit
1452 4275 1607 4348 quomodo
1622 4275 1702 4335 velut
1716 4275 1755 4335 ab
1766 4291 1820 4334 uno

516 4369 541 4426 7.
558 4353 664 4410 acuar
685 4351 771 4408 e'stum
796 4350 904 4426 impius
928 4349 977 4408 ille
995 4349 1123 4426 Jarpay-
1178 4352 1256 4411 Isaia
1270 4353 1439 4430 exemplum
1466 4368 1604 4431 putemus
1629 4368 1818 4433 assumptum.

473 4435 537 4493 reiis
551 4429 612 4512 etc]
625 4431 750 4491 Hieron.
775 4427 804 4488 in
821 4431 928 4490 Mattb.
946 4450 973 4506 3,
991 4447 1018 4506 3*
1034 4435 1041 4462 ‘
1057 4433 1123 4489 Por·
1176 4434 1233 4494 Cui
1249 4432 1440 4495 ecclesiastici
1455 4436 1507 4497 viri
1523 4436 1694 4515 plenissime
1709 4453 1820 4516 respon·

473 4515 592 4592 phyalas
607 4511 696 4572 istum
708 4511 809 4572 locum
819 4509 914 4572 Marci
926 4511 1124 4588 evangelistae
1174 4515 1282 4575 derunt
1297 4518 1312 4576 '.

473 4593 619 4673 principio
633 4603 823 4668 comparat...
847 4593 925 4653 Cum
941 4593 1021 4654 enlm
1045 4594 1123 4654 testi·
1217 4615 1262 4672 ²7·
1280 4595 1424 4680 misr'tmc]
1439 4601 1534 4661 Exod.
1553 4619 1580 4678 3,
1600 4621 1643 4674 14·

474 4675 608 4738 monium
624 4675 663 4736 de
679 4674 831 4734 Malachia
853 4674 990 4752 isaiaque
1004 4689 1122 4736 contex-
