4112 5496
778 369 1067 434 Pnnnrnno.
1510 330 1610 434 xvii

240 595 379 702 enim
408 595 758 702 commentarii
787 597 941 702 nostri
974 597 1253 734 quidquam
1286 639 1316 702 a
1346 591 1611 735 pseudepi

240 737 442 876 grapho
459 738 545 842 rllo
562 737 853 859 Brevrarro
842 778 1000 843 rmmo
1016 737 1264 875 permulta
1300 737 1610 843 Breviarium

242 921 277 983 a
302 879 678 984 commentariis
706 902 988 1000 mutuatum
1016 902 1103 984 est.
1134 880 1383 984 Attamen
1417 921 1479 984 ne
1511 921 1612 984 am

245 1018 644 1178 biguitateverbi
662 1060 799 1124 error
816 1019 1237 1141 convalescerett
1168 1043 1385 1126 ttextus
1405 1020 1611 1177 quidem

248 1203 320 1319 rm
326 1184 471 1266 ttrtro
414 1161 612 1266 titulum
632 1203 691 1266 ex
710 1162 855 1266 codd
875 1203 990 1267 mss,
1014 1185 1189 1298 accept
1192 1203 1277 1266 um
1296 1201 1612 1298 praescnpsr:

249 1303 301 1406 in
317 1301 447 1407 lront
429 1325 477 1408 e
497 1343 616 1407 vero
636 1301 972 1408 voluminiset
954 1302 1300 1441 tsingularum
1316 1341 1611 1440 paginarum

248 1483 429 1548 vocem
458 1457 467 1490 ‘
498 1443 961 1550 Commentariolos
987 1445 995 1474 '
1026 1443 1144 1547 ab
1134 1485 1245 1580 rpso
1293 1443 1614 1579 Hieronymo

249 1585 440 1741 dehoc
467 1625 561 1688 suo
587 1584 831 1741 opusculo
869 1607 1179 1721 usurpatam,
1207 1581 1257 1688 in
1291 1583 1393 1741 hac
1437 1583 1610 1688 saltem

251 1725 482 1862 principe
508 1724 625 1830 edit
593 1749 727 1830 trone
755 1725 1130 1861 praeferendam
1158 1725 1343 1831 censui.

328 1867 586 1987 Ceterum,
614 1889 668 1970 ut
710 1865 831 1987 dixi,
859 1865 1022 2004 legem
1069 1867 1189 1971 mihi
1218 1865 1380 1986 statui,
1410 1866 1617 2002 antiqua

253 2006 560 2143 exemplaria
585 2006 735 2112 etiam
763 2007 812 2111 in
840 2007 990 2112 rebus
1016 2007 1416 2146 orthographicis
1458 2048 1615 2144 sequr,

253 2146 548 2305 praesertim
575 2189 702 2256 vero
712 2148 939 2252 codicem
967 2149 1028 2269 E,
1050 2191 1135 2285 qur
1159 2191 1207 2252 m
1225 2148 1392 2253 verbis
1412 2187 1617 2284 compo·

254 2287 361 2393 sitis
388 2287 813 2425 praepositionem
842 2289 1087 2427 integram
1117 2289 1412 2426 plerumque
1439 2315 1615 2410 servat,

256 2453 311 2534 ut
338 2453 463 2566 puta·
482 2430 821 2551 adscinz'lubor,
849 2431 1158 2566 obprobrium
1196 2453 1347 2566 atque
1379 2429 1464 2550 his
1484 2429 1616 2534 simi-

258 2571 336 2676 lia.
371 2569 548 2676 Sicubi
593 2611 712 2674 vero
744 2570 944 2676 codices
989 2612 1156 2675 mmus
1187 2571 1282 2674 sibi
1315 2595 1615 2692 constarent,

257 2753 577 2868 nequaquam
594 2710 828 2832 laboravi,
830 2712 965 2817 utad
985 2713 1234 2850 aequabili
1238 2712 1352 2816 tatis
1372 2751 1615 2834 normam,

255 2893 411 2988 quam
441 2893 546 2988 rpse
573 2851 776 2957 forsitan
811 2853 963 2990 script
967 2894 1023 2957 or
1071 2853 1279 2958 nnnoris
1310 2852 1559 2974 lecerit,
1521 2894 1618 3009 sm-

253 2992 375 3130 oula
401 2993 705 3098 reducerem
742 2994 804 3151 ld
848 2993 1012 3098 solum
1058 2995 1180 3099 mihi
1225 2995 1434 3131 sumpsi,
1480 2994 1618 3098 utin

256 3132 540 3238 scribendis
584 3133 799 3271 propriis
826 3135 1133 3256 nominihus
1162 3177 1313 3272 quem
1366 3135 1619 3271 Hierony·

257 3315 374 3380 mus
401 3274 450 3379 in
473 3274 610 3380 libris
638 3288 648 3323 ‘
681 3277 766 3380 De
794 3276 1084 3381 nominibus
1112 3275 1359 3381 hebraicis
1385 3277 1392 3306 ’
1415 3299 1462 3381 et
1491 3289 1500 3323 ‘
1533 3277 1619 3380 De

255 3417 356 3522 situ
379 3439 426 3520 et
448 3416 739 3521 nommrbus
752 3416 976 3521 locorum
991 3418 1367 3523 hebraicorum'
1388 3416 1617 3522 ordinem

253 3557 488 3679 servavit,
518 3557 634 3663 huic
662 3598 757 3715 ego
787 3600 991 3715 quoque
1023 3559 1245 3696 pressius
1289 3557 1612 3714 inhaererem.

332 3697 568 3855 Quaem
612 3739 761 3803 varns
804 3741 938 3804 varre
982 3699 1243 3805 codicibus
1288 3701 1535 3838 leguntur,
1568 3699 1616 3802 in

254 3840 374 3945 imrs
401 3839 599 3978 paginis
626 3839 812 3944 subnot
795 3841 912 3945 tavi:
941 3881 1041 3948 non
1070 3841 1277 3977 quidem
1313 3881 1496 3961 omma,
1529 3840 1618 3943 sed

253 4019 319 4086 ea
345 3980 552 4114 demum
581 4021 711 4116 quae
754 3981 964 4086 alicuius
996 3982 1239 4086 momenti
1285 4004 1463 4086 essent.
1502 3981 1617 4085 Nec

253 4119 396 4227 enim
414 4162 657 4258 umquam
677 4123 954 4280 mehercle
944 4149 1015 4226 rnt
999 4123 1163 4227 tellexi
1170 4123 1310 4261 ,quid
1324 4164 1453 4260 opus
1474 4146 1618 4243 esset,

252 4261 473 4400 singulis
510 4285 736 4367 veterum
776 4263 928 4400 script
931 4305 1074 4368 orum
1122 4264 1378 4401 opusculis
1423 4262 1622 4400 singula

254 4404 449 4562 menda
474 4402 744 4508 minutiore
775 4446 892 4509 cura
923 4446 1223 4541 supponere,
1255 4447 1385 4542 quae
1416 4445 1466 4509 1n
1499 4404 1621 4508 anti-

256 4543 377 4682 quis
409 4543 662 4682 plerisque
705 4545 1079 4683 exemplaribus
1124 4547 1301 4651 eadem
1347 4570 1619 4650 recurrunt.

263 4685 513 4792 Similiter
539 4685 960 4794 Commentarioli
1000 4711 1179 4824 parteS,
1207 4728 1332 4825 quas
1369 4685 1625 4791 breviario

1534 4875 1552 4917 C
