4202 5492
589 427 844 490 rancrnrus
868 427 925 486 ns
948 427 1117 488 Psnuuo
1139 428 1333 489 Lxxxuu.
1584 435 1638 518 97

288 641 400 726 spexit
415 661 422 706 :
438 641 596 726 quoniam
613 642 721 707 donec
733 644 964 725 peccabamus,
975 644 1147 708 avertebat
1162 643 1278 709 oculos
1292 665 1371 710 suos
1386 667 1406 710 a
1423 648 1528 714 nobis.
1541 648 1642 732 Quod

286 745 376 823 dicit,
391 747 455 811 hoc
471 756 530 811 est
549 747 678 811 lustum
696 756 756 825 est,
771 757 808 813 ut
836 745 955 830 figulus
983 748 1176 811 misereatur
1200 748 1356 830 operibus
1379 750 1456 829 suis,
1472 761 1508 816 ut
1531 763 1645 835 pastor

288 850 481 934 misereatur
496 851 589 934 gregi
605 871 675 914 suo.
692 850 765 914 Nos
781 851 924 935 populus
948 852 1019 915 eius
1038 871 1162 928 sumuS,
1178 871 1239 914 nos
1266 863 1416 918 creatura
1431 853 1501 919 eius
1519 875 1643 922 sumus.

287 955 467 1036 Propterea
483 976 563 1038 ergo
579 955 621 1019 de
637 965 723 1019 terra
746 965 839 1020 ortus
854 964 915 1031 est,
930 965 964 1021 et
979 957 1020 1020 de
1037 955 1130 1019 caelo
1146 957 1329 1038 prospexit,
1346 969 1381 1023 ut
1398 959 1535 1042 impleat
1552 960 1643 1024 iusti-

253 1072 268 1128 5
286 1057 368 1122 tiam
385 1079 491 1136 suam,
513 1068 547 1124 et
572 1059 766 1123 misereatur
780 1061 871 1144 operi
889 1079 958 1126 suo.
982 1059 1137 1142 Denique
1152 1069 1189 1123 ut
1213 1058 1325 1123 sciatis
1341 1061 1500 1142 quoniam
1516 1061 1642 1126 iustitia

287 1182 353 1226 non
378 1163 608 1227 crudelitatem
637 1172 744 1239 sonat,
768 1162 826 1228 sed
853 1162 1122 1238 misericordiam,
1146 1161 1257 1225 videte
1283 1163 1362 1245 quid
1388 1163 1486 1228 dicat.
1509 1164 1643 1230 Etenim

286 1267 451 1331 Dominus
464 1267 558 1331 dabit
571 1267 809 1350 benignitatem.
828 1269 1007 1351 Propterea
1031 1267 1206 1349 prospexit
1221 1265 1264 1328 de
1279 1265 1381 1344 caelo,
1397 1276 1434 1332 ut
1450 1267 1644 1333 misereatur

285 1371 441 1452 operibus
469 1372 546 1435 suis.
562 1370 610 1435 Et
633 1380 722 1434 terra
745 1380 856 1434 nostra
880 1369 972 1434 dabit
986 1371 1138 1450 fructum
1161 1388 1267 1432 suum.
1283 1368 1417 1434 Veritas
1440 1370 1577 1454 quidem
1601 1372 1643 1436 de

286 1483 372 1538 terra
387 1483 461 1538 orta
477 1484 528 1539 est
543 1498 550 1539 :
565 1474 628 1538 hoc
644 1475 687 1538 de
714 1476 900 1559 praeterito.
919 1475 1017 1538 Nunc
1033 1475 1076 1538 de
1092 1473 1203 1537 futuro
1218 1472 1348 1550 dicitur,
1367 1473 1411 1537 Et
1427 1483 1514 1537 terra
1529 1484 1643 1539 nostra

239 1596 270 1634 ro
285 1578 380 1642 dabit
396 1578 538 1644 fructum
564 1599 671 1644 suum.
688 1578 803 1643 Nolite
829 1578 1014 1660 desperare,
1029 1577 1120 1660 quod
1137 1575 1239 1639 semel
1256 1586 1354 1639 natus
1381 1585 1492 1640 estex
1509 1576 1618 1641 Maria
1635 1601 1643 1643 :

285 1685 408 1749 cotidie
424 1695 458 1751 et
473 1686 507 1749 in
532 1686 629 1750 nobis
654 1686 806 1751 nascitur.
824 1685 872 1750 Et
885 1695 975 1749 terra
990 1695 1102 1749 nostra
1117 1682 1369 1762 dabitsmctum
1384 1699 1490 1746 suum.
1514 1680 1560 1745 Et
1582 1701 1643 1745 nos

286 1807 463 1870 possumus
489 1809 603 1871 parere
631 1790 800 1874 Xpistum,
820 1792 847 1854 si
867 1791 1029 1855 volumus.
1056 1789 1105 1853 Et
1128 1797 1217 1852 terra
1247 1793 1358 1848 nostra
1384 1783 1478 1848 dabit
1489 1785 1643 1865 fructum

285 1912 382 1955 suum
396 1892 461 1957 :de
476 1913 544 1976 quo
560 1891 618 1956 fiat
634 1893 784 1958 caelestis
802 1894 906 1977 panis,
916 1895 958 1958 de
974 1915 1041 1977 quo
1057 1893 1138 1957 dicit
1152 1892 1248 1974 ‘Ego
1264 1911 1336 1956 sum
1354 1891 1506 1955 caelestis
1518 1894 1615 1974 panis
1626 1891 1643 1956 '.

332 1996 426 2059 Haec
442 1997 578 2079 quidem
595 1997 709 2060 omnia
724 1998 872 2062 diximus
899 1998 942 2062 de
969 1995 1193 2061 misericordia
1222 1995 1370 2073 Domini,
1384 1995 1543 2078 quoniam
1567 2017 1642 2079 pro-

239 2115 268 2170 15
286 2107 400 2182 pterea
426 2100 525 2177 venit,
542 2109 578 2164 ut
605 2099 746 2166 salvaret
769 2102 952 2166 humanum
978 2121 1092 2184 genus.
1108 2099 1349 2163 Verumtamen
1371 2099 1453 2162 scire
1481 2100 1642 2166 debemus

286 2204 444 2283 quoniam
456 2204 528 2287 ipse
543 2214 594 2269 est
610 2205 813 2270 iudicaturus
830 2207 922 2270 vivos
934 2216 967 2270 et
985 2204 1220 2286 mortuos,ipse
1234 2203 1345 2267 veniet
1360 2202 1403 2266 ad
1417 2202 1641 2268 iudicandum.
1762 2227 1764 2231 ·

286 2303 423 2382 Iustitia
437 2317 513 2371 ante
526 2328 600 2370 eum
615 2307 812 2384 ambulabit.
826 2309 940 2374 Nolite
968 2309 1184 2391 neglegentes
1204 2325 1298 2370 esse:
1317 2306 1448 2370 lustitia
1463 2315 1542 2370 ante
1565 2327 1640 2372 eum

286 2410 481 2477 ambulabit.
495 2411 543 2474 Et
551 2421 649 2494 ponet
663 2412 697 2475 in
721 2411 778 2476 via
788 2432 923 2496 gressus
936 2432 1017 2476 suos.
1034 2411 1158 2476 Videte
1173 2409 1253 2493 quid
1269 2408 1368 2484 dicat,
1386 2406 1526 2472 Gressus
1542 2428 1620 2472 suos
1635 2434 1643 2476 ι

287 2513 342 2577 ubi
358 2535 424 2578 non
441 2525 520 2580 sunt
536 2516 673 2599 lapides,
689 2517 744 2581 ubi
771 2537 837 2580 non
863 2527 941 2580 sunt
957 2517 1072 2599 spinae
1088 2524 1121 2578 et
1137 2512 1258 2591 tribuli,
1276 2514 1331 2578 ubi
1347 2515 1496 2598 aequalis
1512 2516 1565 2579 via
1581 2524 1642 2591 est,

237 2639 269 2677 ιο
286 2616 341 2680 ubi
357 2617 528 2682 ambulare
544 2627 663 2701 potest,
679 2618 734 2682 ubi
763 2637 828 2680 non
848 2623 957 2698 potest
972 2616 1154 2699 inpingere.
1179 2614 1224 2677 Et
1240 2635 1300 2677 nos
1316 2634 1397 2697 ergo
1424 2614 1584 2678 iaciamus
1608 2617 1640 2678 in

286 2722 384 2785 corde
403 2732 518 2786 nostro
533 2723 621 2786 viam
640 2721 808 2785 Domino:
833 2721 874 2784 de
891 2740 957 2804 qua
972 2721 1025 2782 via
1042 2716 1215 2782 laborabat
1233 2718 1409 2795 Iohannes,
1424 2727 1458 2782 et
1474 2717 1641 2782 clamabat

284 2824 317 2888 in
333 2824 478 2903 heremo,
499 2834 536 2890 ut
563 2826 745 2890 laceremus
762 2825 850 2887 viam
879 2823 1037 2887 Domino.
1060 2821 1151 2903 Ergo
1175 2828 1209 2884 et
1229 2840 1316 2883 nunc
1343 2821 1425 2885 haec
1440 2821 1570 2885 dicitur.
1594 2819 1643 2883 Et

277 2939 374 3010 ponet
388 2929 423 2992 in
450 2929 508 2994 via
528 2947 662 3012 gressus
677 2949 759 2994 suos.
777 2928 845 2994 Ubi
863 2929 990 2991 invenit
1006 2927 1103 3005 viam,
1119 2925 1312 2990 ambulabit.
1331 2924 1425 2989 Licet
1441 2933 1520 2990 ante
1535 2925 1637 2989 habe·

285 3033 403 3097 bamus
418 3033 531 3117 spinas
546 3043 579 3097 et
596 3034 745 3112 tribulos,
760 3034 837 3097 licet
847 3033 984 3116 lapides,
999 3032 1119 3096 dicitur
1136 3031 1231 3094 nobis
1242 3030 1274 3093 in
1293 3030 1394 3094 Esaia
1409 3053 1416 3095 ε
1431 3030 1497 3094 ‘Et
1512 3029 1641 3113 lapides

236 3158 266 3212 ²5
283 3137 325 3201 de
339 3137 394 3202 via
410 3137 549 3220 proicite
560 3135 576 3203 ’.
594 3138 671 3201 Hoc
687 3147 798 3202 autem
816 3145 992 3220 propterea
1007 3134 1145 3212 dicit,ne
1160 3153 1236 3198 cum
1254 3133 1395 3198 voluerit
1425 3134 1641 3200 deambulare

285 3241 383 3304 invia
399 3250 521 3318 nostra,
546 3242 698 3324 inpingat
723 3241 844 3325 pedem
870 3260 975 3304 suum.
1003 3238 1149 3322 Lapides
1176 3239 1232 3322 qui
1249 3238 1283 3302 in
1299 3238 1353 3303 via
1368 3247 1456 3316 sunt,
1478 3249 1512 3304 et
1534 3239 1638 3321 proici

283 3343 446 3422 iubentur,
461 3354 598 3428 peccata
624 3356 737 3410 nostra
761 3353 848 3410 sunt.
865 3345 942 3408 Non
970 3342 1120 3407 ambulat
1134 3342 1178 3410 ,in
1194 3342 1295 3406 corde
1311 3353 1426 3407 nostro
1442 3341 1594 3425 Xpistus,
1612 3343 1639 3406 si

284 3458 456 3530 peccatum
478 3448 613 3532 aliquod
630 3448 747 3514 luerit:
763 3449 876 3513 statim
894 3449 1039 3531 inpingit
1055 3449 1088 3510 ln
1109 3446 1245 3530 lapides.
1260 3445 1308 3509 Et
1314 3455 1414 3529 ponet
1428 3446 1463 3510 in
1479 3446 1537 3510 via
1548 3467 1639 3529 gres-

283 3571 339 3614 sus
352 3571 434 3616 suos.
452 3551 628 3617 Faciamus
644 3555 741 3631 viam,
754 3563 787 3618 et
803 3563 905 3637 ponet
921 3553 954 3615 in
971 3553 1025 3616 via
1039 3570 1171 3635 gressus
1187 3550 1386 3618 suoslesus.
1596 3551 1599 3556 ’

316 3753 332 3802 4
343 3734 480 3798 iustr'tiaml
491 3741 686 3791 misericordiam
698 3743 729 3793 G.
813 3755 843 3792 to
854 3743 940 3804 natm]
952 3749 1043 3791 netum
1052 3739 1075 3809 β.
1158 3739 1187 3790 18
1205 3739 1298 3802 Videte]
1309 3740 1395 3789 aridia
1405 3740 1432 3790 P.
1533 3751 1561 3788 21
1576 3737 1639 3788 labo-

285 3821 365 3884 rarat]
380 3823 475 3872 laborat
485 3822 518 3874 G.
619 3825 749 3887 clamabat]
761 3826 852 3874 clamat
863 3825 896 3876 G.
997 3837 1029 3872 22
1040 3821 1109 3884 haec]
1120 3839 1170 3873 om.
1186 3820 1228 3890 βΑ
1238 3840 1245 3882 ;
1256 3823 1299 3871 lroc
1312 3821 1385 3873 PSG.
1487 3833 1517 3884 23
1530 3820 1640 3882 invenci]

285 3903 395 3955 inveniet
406 3903 435 3956 C.
511 3900 658 3964 ambulabit]
670 3906 691 3956 C
701 3923 708 3964 ;
720 3906 861 3954 arnbulavit
872 3906 934 3964 GP;
946 3906 1059 3955 anibula!
1070 3903 1114 3972 ps.
1194 3901 1349 3963 habebamus]
1368 3903 1502 3952 hahaearrrus
1512 3903 1536 3952 G
1546 3919 1554 3961 ς
1570 3901 1639 3952 aab·

285 3986 372 4036 musS.
442 3999 474 4048 24
483 3985 584 4051 lapides,
598 3984 702 4046 dicitur]
714 3987 813 4046 numu,
825 3993 909 4036 tanim
921 3987 1018 4034 dicitur
1026 3987 1058 4036 G.
1127 3995 1158 4048 25
1169 3985 1199 4034 de
1209 3986 1263 4048 via]
1276 3987 1299 4035 G
1310 3986 1370 4035 add.
1385 4001 1447 4035 nrea.
1516 3997 1548 4047 29
1559 3985 1639 4046 viam]

284 4067 328 4115 vair
339 4067 356 4117 S
366 4083 373 4126 ς
385 4067 414 4116 in
425 4069 470 4117 via
480 4068 514 4127 G,
524 4075 549 4118 et
560 4069 619 4119 add.
630 4068 702 4118 corda
713 4069 818 4118 munda.

328 4253 339 4292 r
344 4252 369 4310 3.
381 4231 485 4314 panis]
501 4235 549 4296 Cf.
561 4236 605 4294 Io.
622 4239 649 4307 6,
666 4255 713 4308 4¹·
986 4249 1128 4298 monente
1155 4234 1343 4311 Hieronymo
1368 4232 1487 4311 (Migne
1512 4253 1558 4305 24,
1580 4233 1636 4309 631

326 4335 372 4374 22.
388 4311 529 4396 Domino]
545 4316 651 4376 Mauh.
670 4337 696 4391 3,
713 4335 740 4392 3.
985 4322 1053 4396 sq.),
1069 4319 1119 4379 ubi
1144 4319 1173 4378 ln
1197 4317 1280 4378 hebr.
1304 4314 1409 4392 legitur
1435 4312 1555 4392 ‘eligite
1570 4314 1639 4390 lapi·

326 4413 371 4473 25.
380 4393 514 4478 proicite]
530 4398 568 4456 Is.
586 4399 632 4470 62,
653 4417 697 4457 10.
716 4401 761 4458 lta
779 4415 851 4472 Lxx,
867 4398 933 4477 ipso
984 4401 1038 4460 des
1052 4403 1067 4460 ¹.
1396 4429 1401 4436 ·

334 4821 444 4863 Aoeeelota
454 4817 605 4862 Muedsolana
615 4819 659 4871 lll,
669 4833 687 4861 a.
