4092 5502
458 435 539 540 258
840 455 868 515 s.
893 453 1147 516 uraaouuni
1170 453 1436 514 PRESBYTERI

456 669 512 756 qui
529 669 635 736 fecisti
651 673 732 737 haec
748 681 782 736 et
798 673 889 749 liaec,
904 673 960 754 qui
977 670 1146 736 benedicis
1164 671 1359 748 Dominum,
1374 671 1431 754 qui
1449 671 1481 736 in
1498 671 1653 736 noctibus
1676 670 1813 734 extollis

458 796 575 840 manus
599 787 674 840 tuas
702 777 732 838 in
761 785 878 840 sancta
902 785 936 840 et
960 773 1129 840 benedicis
1145 775 1342 852 Dominum,
1357 775 1466 859 recipe
1494 785 1527 839 et
1553 785 1589 840 tu
1616 776 1813 841 mercedem.

459 880 640 945 Benedicat
655 890 688 943 te
702 881 868 944 Dominus
884 899 928 944 ex
946 878 1037 944 Sion.
1054 879 1154 962 Quod
1176 879 1298 944 dedisti
1316 880 1433 962 recipe.
1449 879 1502 944 Tu
1518 878 1642 945 dedisti
1658 877 1810 943 elemosi-

457 1003 544 1062 nam,
559 995 595 1048 tu
612 985 718 1049 iecisti
736 985 873 1049 virtutes
888 1009 895 1049 :
911 1003 931 1047 a
949 983 1022 1047 Deo
1045 983 1230 1065 praemium
1248 995 1281 1050 et
1302 983 1570 1048 benedictionem
1591 981 1811 1065 consequeris.

458 1089 641 1153 Benedicat
654 1099 687 1152 te
699 1089 866 1153 Dominus
881 1108 925 1151 ex
941 1086 1031 1152 Sion.
1043 1087 1098 1150 Ex
1112 1086 1193 1152 Sion
1207 1110 1215 1150 :
1230 1088 1273 1152 de
1280 1087 1415 1152 caelesti
1429 1087 1650 1166 Hierusalem,
1663 1087 1695 1150 in
1707 1095 1812 1150 matre
1851 1109 1865 1161 5

456 1194 710 1276 primitivorum,
726 1192 781 1257 ubi
810 1199 887 1254 sunt
913 1190 1022 1254 lutura
1038 1190 1241 1273 gaudia,'ubi
1270 1201 1349 1255 sunt
1374 1190 1575 1274 archangeli,
1591 1191 1648 1256 ubi
1673 1191 1810 1256 virtutes

456 1304 594 1372 ceterae,
610 1296 666 1365 tibi
677 1293 833 1380 apostoli,
847 1294 903 1357 ubi
915 1293 1108 1376 prophetae,
1125 1293 1180 1358 ubi
1197 1295 1313 1371 sancti,
1323 1294 1379 1358 ubi
1397 1305 1568 1378 martyres,
1583 1295 1640 1359 ubi
1656 1303 1811 1358 secuntur

455 1401 651 1489 angelorum
668 1400 901 1469 multitudines
916 1407 950 1462 et
965 1407 1168 1475 sanctorum,
1179 1419 1392 1482 quocumque
1409 1399 1529 1482 Agnus
1544 1398 1645 1463 vadit.
1657 1398 1809 1481 Denique

453 1505 538 1570 sidit
554 1515 587 1568 et
605 1503 773 1568 lohannes
788 1502 957 1566 civitatem
974 1511 1124 1566 sanctam
1140 1503 1183 1566 de
1210 1501 1304 1566 caelo
1326 1503 1524 1585 depositam,
1540 1501 1682 1584 gemmis
1698 1511 1809 1568 extru-

455 1619 554 1685 ctam,
570 1607 747 1671 duodecim
765 1606 887 1670 liabere
903 1615 1026 1688 portas.
1043 1605 1133 1668 Tota
1147 1625 1248 1669 aurea
1264 1615 1335 1670 erat
1351 1629 1359 1670 ε
1377 1624 1488 1670 muros
1513 1605 1660 1671 habebat
1686 1625 1811 1682 aureos,
1834 1633 1866 1670 io

457 1711 603 1776 habebat
620 1722 653 1776 et
669 1711 798 1794 plateas
813 1711 856 1774 de
872 1709 1009 1774 diversis
1026 1709 1176 1790 geminis.
1197 1709 1235 1774 lii
1252 1707 1316 1774 hac
1331 1709 1466 1774 civitate
1482 1711 1623 1792 Xpistus
1639 1721 1765 1793 regnat,
1778 1711 1809 1774 iii

455 1816 517 1880 hac
533 1816 667 1880 civitate
682 1815 887 1881 habitatores
912 1813 973 1896 ipsi
1000 1823 1078 1878 sunt
1094 1823 1128 1880 et
1143 1813 1349 1878 habitatores
1364 1821 1399 1878 et
1415 1823 1541 1896 portae,
1556 1814 1619 1896 ipsi
1634 1823 1668 1878 et
1691 1815 1811 1880 domus

456 1929 533 1984 sunt
549 1929 582 1984 et
598 1918 811 1985 habitatores.
828 1917 942 1982 Vultis
966 1916 1049 1980 scire
1069 1918 1231 2000 quoniam
1259 1918 1380 1983 domus
1396 1922 1498 1982 sunt?
1514 1917 1657 2001 Xpistus
1683 1917 1810 1982 habitat

457 2024 488 2086 iii
505 2024 562 2099 eis,
578 2023 719 2105 Xpistus
735 2021 930 2086 deambulat
957 2021 990 2084 in
1019 2022 1074 2085 eis.
1091 2023 1098 2052 ‘
1117 2019 1326 2098 inhabitabo,
1342 2022 1459 2104 inquit,
1475 2021 1581 2100 ineis,
1597 2031 1630 2086 et
1653 2021 1809 2086 deambu-

457 2126 533 2190 labo
548 2125 564 2193 ’.
580 2125 669 2190 Vide
692 2127 840 2190 animam
857 2133 1019 2201 sanctam,
1034 2144 1135 2208 quam
1163 2126 1299 2208 grandis
1323 2125 1388 2192 sit:
1412 2124 1572 2208 Xpistum
1597 2126 1698 2210 capit,
1711 2145 1809 2209 quein
1832 2153 1862 2206 ις

455 2229 584 2294 caelum
601 2249 668 2294 non
685 2230 784 2312 capit.
799 2228 889 2292 Vide
906 2229 984 2310 quid
998 2229 1096 2292 dicat.
1113 2229 1325 2308 lnhabitabo‚
1342 2229 1456 2312 inquit.
1475 2229 1541 2294 Sed
1559 2227 1628 2294 lieri
1645 2239 1811 2312 potestat

455 2333 575 2416 aliquis
606 2343 748 2417 anguste
772 2330 909 2397 habitet.
929 2331 1143 2412 Inhabitabo,
1158 2341 1192 2396 et
1215 2333 1439 2397 deambulabo
1465 2333 1497 2396 in
1524 2333 1581 2399 eis.
1598 2333 1809 2417 Ubicumque

456 2436 657 2512 deambulat,
674 2437 788 2519 utique
816 2435 882 2500 lata
908 2437 1029 2500 domus
1053 2446 1113 2513 est,
1130 2437 1185 2500 ubi
1209 2437 1452 2502 deambulatur.
1468 2443 1475 2468 ¹
1494 2437 1564 2502 Vos
1590 2439 1679 2516 estis,
1695 2440 1809 2523 inquit,

456 2541 618 2624 templum
641 2541 716 2618 Dei,
731 2549 765 2604 et
793 2539 937 2623 Spiritus
963 2549 1097 2605 sanctus
1122 2540 1300 2606 habitatin
1318 2541 1444 2608 vobis’.
1461 2543 1701 2626 Praeparemus
1726 2555 1808 2608 tem·

455 2646 546 2729 plum
564 2655 724 2721 nostruin,
740 2652 777 2708 ut
797 2644 939 2728 Xpistus
955 2646 1075 2722 veniat,
1091 2655 1125 2709 et
1139 2645 1268 2710 habitet
1284 2647 1317 2710 in
1335 2647 1450 2710 nobis:
1467 2656 1503 2712 ut
1518 2657 1552 2712 et
1567 2648 1680 2713 anima
1695 2659 1808 2714 nostra
1826 2671 1861 2710 ao

456 2750 538 2816 Sion
554 2749 606 2827 sit,
622 2758 659 2814 ut
674 2749 717 2812 sit
733 2747 878 2833 specula,
893 2761 929 2812 ut
956 2750 999 2812 sit
1024 2749 1056 2813 iii
1085 2750 1334 2814 summitatibus
1350 2752 1542 2829 constituta,
1557 2763 1594 2818 ut
1610 2753 1654 2818 sit
1669 2771 1807 2830 sursum,

456 2874 523 2919 non
540 2855 706 2919 deorsum.
723 2855 883 2936 Legimus
910 2853 942 2915 in
968 2851 1129 2916 Zacharia
1154 2854 1338 2937 propheta:
1362 2858 1368 2886 ¹
1386 2855 1431 2918 Et
1457 2855 1605 2938 angelus,
1621 2857 1736 2941 inquit,
1751 2857 1806 2940 qui

456 2957 653 3041 loquebatur
666 2958 698 3022 iii
712 2979 773 3034 me,
786 2957 875 3021 dixit
891 2958 933 3020 ad
948 2975 1000 3018 me
1011 2957 1026 3020 ’.
1039 2955 1074 3020 Si
1087 2956 1226 3038 angelus
1237 2957 1434 3040 loquebatur
1450 2959 1483 3023 in
1501 2961 1672 3045 propheta,
1683 2971 1807 3046 quanto

454 3061 561 3142 magis
575 3060 632 3142 qui
649 3060 778 3124 habitat
805 3061 837 3122 in
856 3059 961 3136 nobis,
975 3059 1045 3140 ipse
1062 3079 1122 3123 nos
1150 3059 1251 3124 habet
1266 3070 1299 3126 et
1314 3059 1434 3126 domos
1456 3072 1490 3126 et
1516 3063 1807 3129 confabulatores?

496 3163 669 3228 Benedicat
679 3173 710 3228 te
725 3163 891 3228 Dominus
907 3183 946 3225 ex
961 3162 1047 3239 Sion,
1061 3163 1121 3246 qni
1128 3163 1212 3242 lecit
1224 3163 1345 3228 caeluni
1361 3177 1392 3228 et
1405 3177 1536 3232 terrain.
1554 3167 1590 3233 Si
1614 3178 1748 3232 sanctus
1763 3188 1807 3247 es,
1826 3193 1856 3246 ας

452 3269 529 3332 audi
546 3268 626 3350 quid
643 3268 743 3343 dicat,
760 3267 827 3350 Qui
851 3266 928 3330 lecit
952 3267 1081 3334 caelum
1097 3269 1146 3332 :si
1176 3280 1331 3350 peccator
1357 3289 1401 3346 es,
1418 3269 1485 3353 Qui
1510 3271 1588 3336 iecit
1615 3282 1746 3338 terram.
1762 3272 1806 3336 Et

453 3371 581 3436 caelum
597 3371 686 3448 iecit,
702 3380 735 3436 et
763 3380 892 3434 teriam.
912 3370 1049 3433 Interim
1075 3372 1226 3435 dicamus
1253 3374 1436 3440 secundum
1454 3374 1607 3441 litteram.
1627 3377 1704 3442 Hoc
1718 3379 1806 3443 dixit

452 3468 495 3540 ad
510 3475 762 3541 distinctionem
780 3475 952 3540 idolorum.
968 3473 1035 3552 Dii,
1048 3475 1164 3558 inquit,
1175 3478 1231 3558 qui
1248 3478 1376 3543 caelum
1390 3488 1423 3545 et
1439 3490 1561 3544 terram
1572 3499 1638 3548 non
1653 3481 1807 3562 fecerunt,

483 3659 497 3694 2
510 3647 539 3695 i'ii
551 3645 647 3706 sancta]
659 3643 746 3709 scripsi
758 3663 765 3704 ς
777 3653 800 3694 et
810 3651 888 3694 cetera
901 3644 940 3712 βΟ
952 3663 959 3705 ;
971 3662 1020 3696 oni.
1036 3647 1065 3697 B.
1149 3641 1209 3707 aet]
1221 3663 1270 3700 oin.
1285 3649 1315 3700 C.
1408 3650 1607 3714 benedi'cti'onem]
1618 3653 1806 3706 benediccionem

451 3727 573 3788 Ctmutat
587 3727 814 3788 inbeiinti'cti'oiiii].
917 3729 987 3791 sEx
998 3727 1071 3788 Sion]
1085 3727 1235 3794 ,sitiones
1328 3732 1356 3781 iii
1368 3729 1525 3800 matidbet
1537 3734 1610 3784 codd.
1623 3751 1668 3800 pro
1679 3743 1704 3784 et
1715 3737 1808 3786 mirere?

449 3809 582 3872 bgaiidi'a]
593 3825 644 3860 om.
658 3808 689 3860 C.
790 3819 804 3870 7
818 3809 863 3859 nbi*
872 3811 960 3868 iaiicti',
975 3811 1019 3858 ubi
1030 3810 1162 3872 iiiaityrei]
1174 3809 1195 3860 C
1206 3827 1214 3870 ;
1232 3813 1277 3860 nbi
1286 3814 1367 3862 sancti
1378 3822 1499 3876 martyres
1511 3813 1527 3884 β
1538 3833 1546 3874 i
1567 3817 1612 3866 ribi
1621 3825 1752 3880 iiiiiityres,
1765 3818 1809 3868 iibi‘

448 3894 625 3942 oniiiessanrti
636 3893 663 3941 ll.
732 3886 909 3952 9extinctain]
919 3899 1039 3942 structam
1054 3893 1081 3942 B.
1161 3905 1190 3942 ιο
1200 3889 1296 3954 babere]
1307 3895 1406 3947 nabere
1419 3897 1509 3956 (mutat
1518 3899 1545 3948 in
1556 3898 1675 3960 babebat).
1744 3899 1807 3964 erat]

449 3983 523 4024 erant
535 3977 565 4026 C.
670 3987 698 4024 ta
709 3975 858 4023 habitatores
867 3973 908 4024 tic
919 3991 927 4032 ;
945 3973 1083 4023 habitantes
1096 3972 1120 4040 β.
1225 3987 1253 4040 15
1264 3978 1378 4028 arrianam
1390 3981 1512 4042 sanctam]
1525 3981 1545 4029 B
1556 3997 1564 4042 ς
1575 3983 1664 4030 anima
1675 3991 1760 4032 sancta
1772 3981 1806 4050 iii

450 4057 564 4106 aiii'iiiani
577 4059 666 4116 (mutat
680 4057 704 4104 in
718 4059 829 4118 animae)
842 4072 918 4106 ercam
931 4057 960 4106 C.
1064 4056 1093 4104 16
1105 4053 1165 4115 Sed]
1176 4057 1220 4106 sed
1227 4057 1251 4106 si'
1262 4059 1283 4109 C
1293 4076 1301 4118 ;
1312 4060 1336 4108 si
1347 4059 1375 4109 B.
1480 4073 1508 4123 17
1520 4063 1625 4128 aliquis]
1636 4065 1769 4129 atiqui'itc
1782 4065 1810 4124 ld

450 4141 581 4203 exponet.)
679 4135 1138 4206 nin'iei]B;i·ntiatiieiti;naotnni
1149 4141 1178 4190 C.
1278 4141 1805 4210 deainbiilabo]ainbiil.li.18deani·

450 4220 563 4281 brihitou]
576 4221 617 4270 BC
628 4239 635 4279 3
648 4221 805 4270 deambulat?
815 4217 839 4288 β.
942 4232 972 4282 23
982 4216 1145 4284 i'iiproplieta]
1157 4220 1199 4271 BC
1209 4221 1282 4272 inser.
1292 4231 1316 4271 et
1325 4225 1438 4288 loquitur
1445 4227 1475 4274 i'n
1482 4225 1609 4290 propbeta.
1707 4241 1738 4288 24
1746 4227 1806 4293 qai]

451 4303 543 4352 Cadd.
558 4318 613 4367 sup.
623 4301 794 4370 timoniis.
895 4302 986 4363 domos]
997 4302 1084 4350 donini
1096 4302 1125 4352 C.
1227 4315 1258 4368 25
1269 4321 1300 4352 ex
1311 4305 1384 4368 Sion]
1395 4307 1469 4356 exi'on
1482 4307 1513 4358 C.
1558 4313 1561 4320 '
1615 4317 1646 4369 27
1657 4308 1737 4371 dixit]
1747 4307 1808 4358 dicit

452 4383 485 4450 β;
503 4400 554 4435 oin.
570 4385 598 4434 B.

492 4539 519 4594 6.
530 4531 765 4615 piiiiii'ti‘i’ornin]
781 4537 825 4596 Ci.
847 4537 939 4596 Hebi.
963 4557 1006 4607 ia,
1025 4557 1069 4614 ²³·
1201 4539 1396 4624 19.i'niobi's]
1416 4564 1426 4601 i
1445 4545 1514 4605 Cor.
1532 4565 1558 4620 3,
1579 4547 1625 4606 rb.

496 4613 666 4696 importas]
684 4620 777 4692 Apoc.
797 4635 842 4687 21,
866 4635 899 4674 io
915 4637 978 4694 sqq.
1199 4641 1244 4698 23·
1261 4623 1304 4682 ad
1314 4620 1369 4703 iiie]
1385 4625 1472 4684 Zach.
1493 4645 1516 4699 i,
1534 4647 1560 4702 9.

497 4718 539 4771 ¹4·
555 4693 751 4778 deambulabo]
770 4719 784 4758 a
803 4699 872 4760 Cui.
890 4701 917 4770 6,
935 4703 977 4760 ib.
