4092 5502
418 397 498 479 312
802 397 830 452 S.
855 397 884 452 Η
892 393 1109 452 lERONYlllI
1133 391 1396 452 PRESBY'I'ERI

418 614 495 697 quia
511 623 544 678 et
560 610 796 695 nonagesimus
812 609 948 693 quintus
972 607 1123 692 psalmus
1139 615 1172 671 et
1198 606 1436 691 nonagesimus
1463 607 1626 690 septimus
1650 605 1765 670 eadem

417 719 541 784 habent
558 717 729 801 principia.
745 715 993 798 Nonagesimus
1010 714 1147 796 quintus
1163 712 1312 795 psalmus
1335 712 1399 776 hoc
1417 711 1516 776 titulo
1532 719 1766 794 praenotatur:

417 827 424 856 ‘
442 821 594 886 Psalmus
604 820 715 884 David
732 821 868 902 quando
881 820 1001 884 domus
1015 817 1254 883 aedificabatur
1266 826 1343 900 post
1355 817 1587 899 captivitatem
1603 815 1619 880 ⁸.
1639 815 1768 879 Domus

419 926 530 1010 Xpisti
549 924 742 989 aedificatur
757 933 834 1006 post
850 922 1093 1004 captivitatem,
1110 923 1142 985 id
1160 932 1219 999 est,
1236 931 1312 1002 post
1331 921 1581 1003 paenitentiam.
1599 919 1767 1004 Quoniam

418 1031 518 1114 igitur
530 1029 617 1094 dixit
630 1031 672 1094 de
684 1028 801 1112 primo,
814 1027 958 1092 Caritate
969 1025 1118 1089 Domino
1131 1026 1297 1090 canticum
1311 1045 1446 1104 novum,
1456 1036 1491 1090 ut
1505 1045 1612 1089 novus
1625 1024 1768 1109 populus
1805 1039 1818 1092 5

418 1145 531 1200 cantet
546 1133 713 1198 canticum
731 1152 863 1209 novum,
879 1142 913 1195 et
927 1131 1014 1195 bene
1030 1131 1127 1208 dixit,
1143 1151 1204 1194 nos
1220 1132 1263 1195 ad
1281 1131 1408 1214 reliqua
1424 1151 1663 1214 percurramus.

461 1241 618 1306 Laetetur
631 1237 763 1302 [srahel
786 1237 820 1300 iu
847 1259 881 1300 eo
906 1237 966 1318 qni
972 1236 1055 1316 fecit
1081 1235 1193 1317 ipsmu.
1211 1233 1272 1298 Ille
1300 1234 1450 1312 laetetur,
1474 1235 1530 1317 qui
1556 1255 1655 1298 sensu
1681 1233 1770 1298 videt

419 1347 550 1410 Deum:
584 1341 709 1406 Israhel
737 1341 825 1405 enim
864 1341 927 1405 hoc
953 1341 1197 1423 interpretatur,
1222 1359 1320 1403 sensu
1348 1339 1465 1403 videns
1492 1340 1614 1404 Deum.
1639 1338 1687 1402 Et
1698 1337 1774 1422 filii

420 1449 501 1514 Sion
517 1446 660 1510 exrtlteut
673 1445 708 1508 iu
725 1467 796 1528 rege
810 1467 875 1509 suo.
894 1445 970 1508 Filii
986 1443 1153 1522 ecclesiae,
1171 1443 1227 1507 filii
1243 1444 1319 1508 novi
1337 1443 1460 1528 populi,
1476 1443 1630 1508 exultent
1644 1443 1676 1506 in
1695 1463 1771 1526 rege

419 1575 499 1618 suo:
515 1555 547 1616 in
566 1552 699 1634 Xpist0,
715 1551 771 1633 qui
788 1559 905 1632 regnat
923 1549 979 1614 eis.
992 1546 1124 1614 Videtis
1147 1548 1318 1630 quomodo
1335 1548 1450 1612 leviter
1462 1569 1594 1613 summa
1618 1566 1770 1630 quaeque
1791 1563 1820 1599 ¹0

421 1639 685 1743 perstringimus.

463 1760 616 1825 Laudent
630 1779 742 1822 nornen
754 1758 824 1822 eius
840 1759 874 1822 in
889 1759 988 1824 cicaro.
1004 1759 1217 1843 Ubicumque
1234 1761 1354 1824 chorus
1371 1770 1430 1838 est,
1446 1761 1494 1825 ibi
1509 1761 1661 1825 diversae
1675 1777 1772 1824 voces

421 1867 454 1930 in
471 1885 573 1929 unum
590 1865 756 1927 canticum
771 1873 1004 1946 congeruntur.
1022 1862 1203 1947 Quomodo
1230 1865 1319 1929 enirn
1343 1865 1493 1930 diversae
1520 1865 1642 1929 cordae
1669 1883 1770 1928 unam

421 1988 537 2034 vocem
553 1966 700 2031 efficiunt
716 1967 838 2030 cantici
852 1987 859 2043 ;
875 1967 921 2028 sic
938 1975 971 2030 et
987 1968 1137 2031 diversae
1154 1989 1261 2047 voces,
1276 1970 1341 2034 hoc
1357 1979 1416 2047 est,
1433 1989 1508 2033 cum
1525 1967 1624 2033 simul
1652 1967 1774 2031 suerint

421 2081 652 2157 congregatae,
667 2072 805 2135 chorum
825 2071 961 2136 Domini
979 2071 1134 2138 efficiunt.
1145 2074 1301 2140 Laudent
1318 2093 1440 2138 nomen
1451 2073 1522 2138 eius
1534 2074 1567 2137 in
1580 2073 1683 2137 choro
1698 2071 1774 2136 :ubi
1794 2088 1820 2142 ¹5

421 2179 585 2244 dissensio
609 2187 668 2252 est,
694 2176 750 2239 ubi
776 2176 908 2253 invidia,
936 2175 980 2239 ibi
1006 2177 1125 2240 chorus
1151 2198 1216 2241 non
1245 2187 1304 2244 est.
1331 2177 1482 2242 Laudent
1506 2198 1619 2242 nouuu
1645 2177 1716 2240 eius
1740 2173 1773 2238 in

420 2283 512 2348 chara
522 2305 534 2346 .·
550 2281 584 2344 in
600 2289 751 2362 tympano
766 2279 960 2361 etpsalterio
968 2281 1118 2360 psallant
1131 2280 1169 2344 ei.
1187 2281 1317 2346 Chorus
1334 2281 1395 2344 iste
1412 2281 1578 2344 canticum
1596 2280 1729 2356 habeat,
1741 2289 1774 2342 et

421 2397 620 2470 tympanum
636 2383 759 2447 habeat
776 2395 808 2448 et
826 2384 1029 2465 psalterium.
1047 2383 1289 2466 Crucifigamus
1306 2403 1445 2466 corpora
1462 2393 1575 2448 nostra
1592 2384 1725 2466 Xpist0,
1741 2391 1773 2446 et

422 2492 480 2556 tali
497 2502 661 2573 tympano
676 2508 836 2552 canamus
853 2488 936 2552 Deo.
956 2488 994 2551 ln
1012 2499 1175 2571 tympano
1191 2498 1225 2551 et
1242 2487 1399 2571 psalterio
1412 2487 1556 2570 psallant
1572 2488 1611 2552 ei.
1624 2487 1773 2570 Tympa-

423 2615 501 2659 num
520 2593 705 2658 nonhabet
731 2613 855 2670 carnes,
871 2593 929 2656 sed
957 2593 1100 2675 pellem:
1121 2603 1155 2658 et
1172 2613 1232 2656 nos
1259 2593 1419 2675 quamdiu
1437 2591 1547 2656 carnei
1564 2611 1688 2668 sumus,
1705 2611 1771 2654 non
1791 2603 1821 2640 ²0

422 2719 536 2765 sumus
552 2709 761 2781 tympanum.
778 2697 996 2780 Tympanum
1015 2718 1081 2762 non
1100 2707 1158 2774 est,
1175 2697 1237 2760 nisi
1254 2699 1343 2780 quod
1362 2717 1428 2762 non
1445 2696 1547 2762 habet
1563 2715 1689 2774 carnes,
1712 2694 1772 2759 nisi

421 2805 511 2888 quod
528 2805 696 2868 tenditur:
713 2811 913 2885 tympanum
927 2823 992 2866 non
1012 2811 1121 2884 potest
1137 2821 1209 2864 esse
1225 2811 1443 2878 contractum,
1454 2801 1512 2865 sed
1529 2809 1717 2866 extensum.
1729 2799 1773 2862 Et

422 2923 483 2972 nos
499 2915 636 2990 peccata
653 2925 718 2968 non
736 2905 945 2984 contrahant,
957 2906 1016 2968 sed
1034 2905 1159 2970 iustitia
1175 2905 1302 2971 dilatet.
1318 2906 1375 2968 Ad
1394 2905 1520 2989 reliqua
1536 2924 1773 2989 percurramus.

424 3012 463 3074 In
480 3022 644 3093 tympano
659 3018 693 3073 et
708 3007 866 3090 psalterio
882 3008 1027 3091 psallant
1045 3011 1084 3074 ei.
1098 3009 1198 3092 Quod
1216 3011 1249 3073 in
1266 3011 1369 3073 choro
1385 3010 1538 3088 dicimus,
1549 3010 1613 3074 hoc
1624 3009 1774 3074 dicamus

423 3116 455 3178 in
473 3113 638 3198 psalterio.
656 3112 851 3176 Psalterium
877 3113 1010 3196 proprie
1027 3133 1135 3195 genus
1151 3115 1266 3196 organi
1295 3125 1345 3177 est
1363 3115 1488 3192 musici,
1504 3113 1595 3197 quod
1613 3122 1665 3178 est
1681 3108 1773 3194 quasi
1792 3123 1823 3178 ²5

421 3219 556 3284 cithara.
574 3215 835 3282 Similitudinem
859 3215 961 3279 habet
988 3217 1146 3294 citharae,
1160 3218 1219 3280 sed
1240 3235 1307 3281 non
1323 3226 1374 3281 est
1390 3217 1527 3282 cithara.
1546 3217 1637 3282 Inter
1652 3215 1774 3298 psalte·
1861 3199 1868 3214 ⁸

423 3323 507 3386 rium
523 3331 557 3386 et
572 3319 733 3385 citharam
750 3319 812 3384 hoc
831 3319 968 3384 interest
983 3344 989 3384 :
1002 3320 1129 3386 cithara
1145 3319 1302 3386 deorsum
1320 3321 1512 3404 percutitur,
1524 3329 1670 3385 ceterum
1686 3318 1774 3402 psal·

422 3428 542 3492 terium
569 3445 699 3489 sursum
726 3423 916 3506 percutitur,
932 3425 1023 3506 quod
1040 3425 1142 3489 verbo
1167 3424 1294 3509 vulgari
1322 3426 1442 3492 dicitur
1470 3425 1774 3510 polyphthongum.

425 3533 500 3596 Hoc
510 3539 560 3594 est
571 3547 651 3612 ergo
661 3526 864 3611 psalterium.
877 3527 943 3592 Hic
953 3547 1033 3611 ergo
1045 3527 1247 3610 praecipitur
1260 3530 1364 3609 nobis,
1374 3539 1411 3596 ut
1421 3529 1453 3594 in
1467 3530 1599 3595 cantico
1610 3549 1696 3594 novo
1707 3547 1773 3593 non

422 3653 580 3698 canamus
591 3632 741 3696 Domino
751 3631 907 3694 deorsum
925 3630 967 3694 de
984 3631 1122 3710 cithara,
1133 3635 1192 3699 sed
1206 3634 1397 3714 desursum,
1408 3635 1471 3700 hoc
1486 3644 1537 3699 est
1549 3634 1592 3699 de
1607 3633 1773 3716 psalterio.
1795 3650 1830 3702 30

458 3841 467 3879 r
482 3829 544 3896 quia
553 3831 586 3892 et]
598 3843 648 3878 our.
664 3829 689 3876 S.
767 3837 782 3873 2
794 3825 893 3886 halatu]
905 3825 1040 3875 habuerint
1052 3825 1081 3877 C.
1161 3841 1175 3892 3
1189 3831 1284 3882 Domus
1296 3831 1385 3895 Xpistr'
1394 3847 1428 3880 ae.
1438 3837 1463 3895 p.
1477 3829 1656 3894 captivitatem]
1668 3845 1716 3880 om.
1730 3827 1774 3896 βὸ.

422 3911 639 3976 4paem'teutr'am]
653 3907 668 3974 β
682 3908 755 3956 inser.
769 3907 856 3956 daturus
878 3907 977 3956 Ctrrrttt'
986 3907 1141 3971 aedificatur.
1243 3922 1257 3974 5
1268 3911 1399 3975 deprimo]
1412 3910 1428 3978 β
1440 3927 1490 3962 om.
1503 3911 1550 3973 ἄη
1569 3911 1731 3975 deprimitis
1742 3911 1775 3961 A.

423 4002 453 4044 ut
464 4011 489 4044 u.
500 4001 527 4058 p.
540 3992 631 4053 cantet]
643 3997 665 4041 et
677 4007 705 4040 u.
712 3997 740 4054 p.
755 3997 839 4037 cantat
856 3989 879 4047 β.
980 3989 995 4038 6
1002 3991 1192 4053 percurramus]
1209 4009 1369 4044 recurramus
1381 3995 1398 4046 S
1409 4012 1416 4054 ς
1428 4009 1561 4042 curramus
1574 3993 1599 4061 β.
1699 3993 1714 4043 8
1726 3992 1778 4055 troc]

422 4075 508 4144 birth
529 4091 578 4124 om.
593 4075 625 4124 G.
725 4073 808 4134 sensu]
828 4087 912 4119 sensus
924 4073 949 4121 S.
1054 4085 1084 4120 10
1094 4073 1139 4134 eis]
1159 4074 1187 4122 iu
1199 4075 1234 4124 ets
1247 4073 1285 4140 βΙ.
1391 4087 1418 4137 17
1431 4073 1565 4135 canticum]
1584 4076 1741 4124 cantantium
1756 4075 1775 4124 Ι.

422 4158 519 4219 tabeat]
540 4159 601 4214 CS;
622 4156 692 4205 tabet
712 4153 776 4221 put.
882 4153 910 4201 18
931 4151 1088 4217 ottnpauum]
1108 4156 1273 4220 tyurphanum
1295 4158 1343 4208 GI.
1444 4157 1540 4219 trabeas]
1560 4157 1619 4217 CS;
1642 4157 1711 4207 habet
1728 4157 1775 4207 Gl.

426 4255 454 4303 19
462 4259 518 4307 sqq.
530 4239 619 4304 tyrup.]
630 4238 723 4302 tumph.
735 4237 755 4287 C
767 4254 774 4298 3
786 4237 886 4286 codices
897 4235 945 4285 sibi
957 4251 1007 4285 non
1019 4247 1143 4288 constant.
1228 4251 1260 4287 20
1270 4239 1365 4300 carnes]
1373 4255 1472 4290 caruem
1486 4237 1509 4306 β.
1596 4251 1623 4288 21
1639 4255 1687 4286 uon
1700 4237 1780 4297 trahet]

423 4326 570 4376 rtantabeat
584 4323 630 4391 liC.
733 4335 764 4384 23
776 4337 825 4370 tenu
838 4321 997 4381 contrahant]
1018 4337 1068 4369 uon
1080 4328 1148 4369 traat
1160 4323 1181 4370 (ι’
1195 4339 1201 4379 ;
1216 4323 1232 4371 S
1245 4337 1294 4372 om.
1309 4337 1370 4370 trau.
1470 4319 1730 4384 28putyptrtltougum]
1744 4315 1779 4383 β;

420 4407 629 4474 photyphtangum
642 4405 659 4454 S
671 4403 858 4468 ;pulr'ttrangnm
871 4403 927 4462 cti,
935 4402 1091 4465 pulttaugum
1106 4402 1125 4452 l.
1212 4417 1242 4465 ²9
1255 4421 1303 4453 uun
1315 4419 1435 4452 canamus
1447 4403 1495 4468 lt]
1506 4418 1625 4450 canamus
1633 4401 1742 4450 Beonan
1752 4399 1776 4465 β.

423 4503 455 4552 30
466 4489 494 4537 de
504 4486 616 4550 sursum]
629 4487 657 4534 dc
669 4501 773 4534 rursum
787 4487 813 4535 S.
914 4485 943 4532 dc
949 4484 1080 4548 psalterio]
1092 4486 1121 4533 in
1129 4491 1167 4548 ps.
1183 4484 1207 4552 β.

464 4678 491 4734 3.
501 4664 568 4734 post
577 4650 783 4732 captiuitatem]
801 4655 846 4712 l's.
865 4673 911 4728 95,
936 4674 956 4710 ι.
