4092 5502
488 447 569 526 310
865 445 892 503 S.
919 443 1169 504 HIERONYMI
1195 441 1457 504 PRESBYTERI

490 662 704 726 maximiores
721 671 807 726 sunt.
822 662 927 743 Reges
942 671 1053 738 torrae,
1066 673 1097 724 et
1111 662 1336 743 omnespopnli
1347 685 1358 724 :
1369 663 1538 744 prinm‘pes,
1550 671 1581 724 et
1600 683 1707 724 omnes
1723 663 1838 725 indices

490 776 602 831 torrae.
620 765 751 829 Deinde
767 767 934 848 sequitur:
950 765 1085 828 latomos
1100 775 1132 828 et
1146 765 1300 848 uirgines,
1315 786 1403 828 serres
1422 787 1494 828 cnm
1511 764 1694 828 iunioribus
1708 764 1840 828 landent

490 890 602 934 nomen
619 869 777 934 Domini:
792 869 1059 952 qur'aexaltatnm
1075 879 1122 932 est
1137 891 1248 932 nomen
1264 869 1451 946 eirrssolius,
1461 878 1493 931 et
1504 879 1613 931 cetera
1629 887 1714 950 quae
1726 889 1838 933 secun·

456 1055 458 1058 Ι
490 981 551 1038 tur.
569 973 599 1038 O
617 981 742 1056 quanta
759 972 790 1040 in
809 971 880 1035 istis
897 974 1054 1054 mysteria
1082 974 1313 1036 continentur!
1333 973 1569 1036 Laudaverunt
1594 971 1757 1049 caelestia,
1774 973 1838 1036 lau·

490 1077 654 1142 daverunt
686 1076 872 1153 invisibilia,
889 1078 1107 1142 laudaverunt
1124 1078 1284 1141 visibilia:
1302 1097 1389 1141 nunc
1405 1077 1448 1140 ad
1466 1087 1597 1140 terrena
1611 1075 1794 1154 descendit,
1808 1089 1838 1142 et
1872 1097 1884 1150 5

489 1182 534 1244 ad
552 1179 778 1245 laudationem
797 1180 860 1243 Dei
879 1181 1022 1263 primurn
1039 1183 1200 1244 dracones
1216 1193 1250 1246 et
1266 1182 1377 1264 abyssi
1394 1180 1612 1245 concitantur.
1628 1185 1635 1214 ¹
1654 1179 1721 1245 Ubi
1739 1182 1839 1246 abun-

492 1283 582 1346 davit
610 1291 793 1366 peccatum,
817 1285 1100 1366 superabundavit
1126 1285 1233 1366 gratia
1250 1291 1264 1348 ’.
1283 1284 1348 1368 Qui
1376 1285 1520 1367 primurn
1549 1285 1650 1349 draco
1676 1304 1761 1363 eras,
1786 1285 1840 1368 qui

495 1384 641 1449 habebas
667 1406 794 1450 venena
819 1387 1000 1462 serpentis:
1017 1410 1037 1452 o
1054 1399 1088 1452 tu
1114 1389 1170 1471 qui
1195 1389 1338 1470 primum
1364 1389 1506 1470 abyssus
1534 1389 1614 1464 eras,
1630 1397 1663 1453 et
1688 1390 1841 1453 tenebrae

494 1509 593 1572 super
609 1490 732 1571 abysso
750 1489 946 1555 ferebantur.
958 1491 1079 1555 Videte
1095 1491 1174 1574 quid
1191 1491 1289 1556 dieat.
1301 1492 1369 1557 Ubi
1387 1494 1556 1571 dracones,
1569 1493 1613 1556 ibi
1631 1512 1757 1558 venena
1770 1494 1840 1558 :ubi

494 1593 645 1676 abyssus,
661 1593 705 1657 ibi
722 1595 886 1658 tenebrae.
905 1595 957 1658 Ne
982 1596 1136 1677 desperes
1161 1596 1269 1677 igitur,
1284 1617 1305 1660 o
1321 1605 1357 1660 tu
1383 1596 1439 1679 qui
1456 1597 1557 1660 draco
1584 1616 1666 1674 eras,
1681 1596 1737 1678 qui
1754 1607 1841 1660 tene·
1862 1619 1887 1655 ro

494 1697 611 1760 brosus
628 1717 709 1774 eras,
725 1706 757 1760 et
775 1697 884 1761 Deum
902 1697 1037 1762 laudare
1053 1719 1118 1762 non
1137 1700 1284 1764 audebas
1299 1721 1306 1778 ;
1321 1720 1383 1782 age
1400 1699 1649 1782 paenitentiam,
1674 1709 1707 1765 et
1731 1701 1839 1766 statim

495 1803 704 1865 converteris,
712 1802 807 1866 Licet
819 1802 852 1865 in
866 1802 1010 1866 hebraeo
1021 1823 1087 1866 non
1098 1803 1219 1867 habeat
1231 1803 1464 1881 dracones,sed
1476 1803 1598 1867 habeat
1609 1817 1842 1882 THANN1N1M,

496 1906 586 1988 quod
604 1907 838 1991 interpretatur
850 1918 930 1972 cete.
949 1908 1080 1971 Dicitur
1096 1917 1207 1972 autem
1224 1917 1317 1972 cetus
1333 1905 1482 1971 infinitae
1498 1927 1570 1971 esse
1595 1909 1840 1990 magnitudinis.

499 2008 652 2093 Denique
683 2012 755 2094 ipse
785 2022 877 2076 cetus
902 2011 935 2075 in
963 2012 1092 2093 abyssis
1123 2031 1195 2074 esse
1225 2011 1354 2075 dicitur.
1379 2011 1540 2074 Dicamus
1571 2011 1673 2094 igitur
1702 2013 1839 2095 primum

498 2115 681 2180 secundum
699 2115 853 2181 litteram.
870 2116 996 2180 Videte
1022 2114 1102 2198 quid
1120 2116 1219 2179 dicat.
1235 2115 1389 2178 Laudate
1405 2135 1444 2178 ea
1461 2116 1596 2197 quaein
1615 2117 1695 2180 mari
1712 2125 1796 2193 sunt,
1812 2125 1843 2180 et
1863 2139 1887 2190 ¹5

497 2216 632 2282 laudate
658 2240 697 2284 ea
725 2240 810 2303 quae
827 2228 923 2283 extra
950 2239 1040 2283 mare
1056 2228 1153 2282 sunt:
1173 2219 1334 2282 dracones
1361 2229 1394 2281 et
1421 2237 1538 2281 omnes
1566 2219 1687 2302 abyssi.
1706 2219 1737 2284 A
1755 2231 1842 2304 parte

499 2329 607 2386 totum
624 2321 853 2418 συνεκδοχικῶς.
872 2323 1003 2387 Deinde
1030 2324 1178 2406 sequitur
1204 2323 1299 2404 ignis.
1320 2321 1442 2386 Videte
1458 2323 1752 2387 concordationem
1779 2325 1841 2388 dis-

496 2433 650 2496 cordiae:
667 2454 752 2517 aqua
769 2445 801 2498 et
819 2435 904 2517 ignis
921 2433 1019 2498 simul
1037 2433 1176 2498 laudant
1189 2433 1383 2498 Dominum.
1396 2433 1562 2500 Dracones
1572 2443 1720 2498 etomnes
1731 2435 1844 2518 abyssi,

498 2535 593 2616 agneis.
611 2537 777 2602 Universa
793 2559 877 2620 quae
895 2547 1076 2602 nascuntur
1096 2557 1138 2600 ex
1156 2557 1251 2620 aqua,
1267 2547 1451 2600 nascuntur
1474 2545 1508 2601 et
1533 2557 1576 2605 ex
1605 2537 1690 2619 igne,
1706 2538 1770 2602 hoc
1789 2548 1844 2614 est,

497 2659 540 2702 ex
557 2660 672 2704 umore
688 2647 726 2706 et¹
738 2642 846 2706 calore
861 2666 868 2706 ε
885 2663 944 2706 nec
962 2643 1048 2724 ignis
1063 2640 1153 2704 solus
1165 2661 1323 2723 generare
1339 2651 1450 2724 potest
1461 2641 1532 2705 sine
1544 2661 1669 2718 umore,
1681 2659 1742 2706 nec
1753 2661 1843 2706 umor
1861 2665 1888 2704 20

497 2746 568 2808 sine
585 2745 670 2828 igne.
688 2744 764 2810 Non
794 2756 844 2809 est
869 2755 939 2809 tam
965 2745 1176 2822 contrarium,
1192 2765 1292 2826 quarn
1311 2765 1407 2808 umor
1423 2745 1532 2822 calori,
1549 2755 1583 2809 et
1602 2746 1692 2814 calor
1719 2747 1821 2810 umori
1837 2769 1843 2823 ;

499 2858 611 2912 tamen
629 2847 803 2912 voluntale
821 2850 884 2912 Dei
902 2849 1087 2932 haec,quae
1101 2850 1185 2912 inter
1201 2869 1236 2911 se
1253 2849 1383 2913 diversa
1399 2858 1486 2927 sunt,
1499 2852 1530 2912 in
1543 2858 1656 2913 nostra
1674 2852 1843 2920 nativitate

501 2953 712 3016 concordant.
732 2951 875 3028 Conrado,
889 2953 954 3029 nix,
959 2951 1090 3034 glacies,
1104 2951 1241 3033 spiritns
1249 2954 1475 3035 procellarnm,
1485 2955 1707 3037 praejaciunt
1718 2953 1844 3026 mrbmn

498 3056 574 3119 eius.
594 3056 702 3120 Multa
719 3066 796 3120 sunt
824 3075 909 3138 quae
936 3058 1098 3133 dicantur,
1113 3066 1148 3119 et
1174 3057 1207 3119 in
1224 3057 1363 3139 singulis
1386 3059 1541 3121 inmorari
1570 3079 1636 3122 non
1663 3077 1842 3140 possumus.

499 3158 646 3236 Grando,
663 3161 731 3237 nix,
748 3161 880 3242 glacies,
895 3161 1030 3244 spiritus
1047 3159 1275 3242 procellarum.
1292 3161 1416 3226 Omnia
1432 3182 1517 3244 quae
1533 3163 1687 3226 videmus
1704 3163 1737 3226 in
1756 3179 1843 3226 mun·
1860 3186 1885 3240 2⁵

498 3264 551 3339 do,
562 3263 657 3326 nobis
674 3265 829 3328 serviunt.
847 3265 1027 3348 Serpentes
1044 3275 1077 3327 et
1094 3264 1215 3347 abyssi,
1233 3265 1327 3347 ignis,
1337 3267 1474 3348 grando,
1489 3266 1558 3343 nix,
1571 3266 1704 3348 glacies,
1715 3266 1844 3348 spiritus

497 3365 715 3446 procellarum
734 3367 888 3431 videntur
903 3368 974 3430 sine
991 3369 1118 3430 ratione
1142 3387 1233 3433 esse:
1250 3371 1309 3432 sed
1327 3369 1422 3433 nobis
1439 3369 1595 3434 serviunt.
1616 3370 1680 3432 Die
1696 3370 1843 3433 hesterna

496 3477 678 3550 tempestas
695 3469 766 3546 suit,
782 3472 957 3535 videbatur
974 3472 1069 3534 nobis
1095 3491 1166 3534 esse
1193 3474 1416 3536 contrarium:
1433 3484 1504 3536 erat
1528 3473 1641 3555 frigus,
1657 3482 1729 3538 erat
1745 3491 1841 3547 umor,

495 3579 589 3633 erant
606 3567 745 3652 pluviae.
765 3571 841 3634 Hoc
857 3575 946 3654 quod
972 3577 1014 3638 ad
1043 3575 1158 3638 horam
1185 3576 1281 3639 nobis
1308 3578 1440 3640 videtur
1465 3597 1536 3640 esse
1559 3577 1771 3654 contrarium,
1788 3591 1842 3659 pro

531 3756 539 3790 ι
555 3743 725 3804 orroximiores]
738 3743 834 3804 ACGI,
849 3746 1008 3794 rrraxr'mioris
1021 3747 1040 3794 ll
1053 3763 1059 3804 ;
1073 3747 1192 3796 orrarimir.
1200 3774 1230 3794 aa
1244 3747 1260 3796 S
1273 3765 1280 3806 ;
1292 3749 1396 3799 maiores
1410 3746 1433 3815 β.
1522 3747 1717 3812 5lnudomruni
1728 3745 1843 3806 visibilia]

496 3825 537 3874 SG
550 3843 557 3884 ;
569 3842 619 3875 om.
636 3825 651 3892 β
664 3833 687 3875 et
700 3835 749 3876 cet.
849 3840 866 3888 9
877 3836 950 3892 snper
960 3825 1052 3890 alysso]
1064 3837 1138 3893 snper
1150 3831 1264 3892 odyssum
1277 3831 1297 3879 C
1311 3848 1316 3888 ;
1329 3837 1403 3893 super
1414 3829 1496 3892 abysos
1508 3831 1534 3879 S.
1636 3841 1652 3890 9
1663 3843 1700 3892 sq.
1715 3829 1752 3877 iot
1801 3824 1844 3884 iii]

494 3909 581 3972 scripsi
594 3925 623 3958 ex
636 3909 793 3968 coniectura3
806 3911 851 3958 ndi
905 3912 949 3958 ndi
959 3909 974 3977 β
983 3919 1007 3960 et
1020 3913 1093 3960 codd.
1166 3924 1193 3960 12
1206 3907 1413 3968 Tlldrt'n'ln'loll
1425 3911 1510 3976 scripsi
1519 3928 1525 3968 ;
1534 3911 1664 3960 thaninim
1678 3909 1708 3978 ii:
1720 3909 1844 3959 thaninim

495 3991 512 4038 S
524 4007 530 4047 ς
543 3991 639 4038 (oronim
653 3991 673 4040 C
684 4007 691 4048 l
704 3993 775 4040 terrin
789 3992 800 4041 Ι
812 4010 819 4052 ;
831 3993 899 4042 enim
912 3993 943 4042 G.
1024 4006 1051 4055 13
1065 4009 1101 4057 sq.
1112 3993 1187 4055 celas]
1199 3995 1263 4044 codd
1276 4014 1282 4054 ;
1294 4003 1341 4044 rote
1355 3995 1378 4061 β,
1451 4005 1477 4054 17
1490 3993 1697 4042 concordationem
1708 3989 1845 4050 discordiae]

494 4071 577 4132 ACS;
598 4089 616 4120 c.
631 4073 779 4121 discordiam
792 4075 814 4122 G
826 4091 832 4133 3
853 4076 1034 4124 concordantem
1047 4077 1194 4124 discordiam
1209 4075 1223 4145 β
1235 4095 1242 4136 ;
1263 4079 1272 4126 Ι
1286 4095 1335 4128 om.
1350 4078 1506 4127 discordiam.
1611 4074 1639 4124 18
1650 4072 1727 4139 oprro]
1740 4076 1760 4126 C
1771 4094 1778 4134 ;
1790 4086 1846 4139 aquo

494 4154 535 4204 SG
548 4171 555 4214 ;
568 4171 647 4218 aqum
661 4153 700 4221 βΙ.
802 4169 829 4205 21
844 4157 915 4218 Non]
927 4158 991 4207 codd
1005 4177 1011 4217 ;
1024 4158 1094 4207 rridr'l
1105 4161 1128 4224 ῤ.

535 4313 559 4370 7.
573 4293 688 4378 gralia]
700 4299 788 4357 Rom.
808 4315 834 4375 5,
854 4319 897 4358 20.
1199 4305 1206 4332 ‘
1223 4303 1280 4360 Pro
1295 4303 1472 4373 draconibus,
1487 4319 1564 4378 quos
1579 4299 1658 4359 solus
1670 4295 1844 4368 Theodolio,

536 4397 579 4437 12.
601 4394 796 4436 Toronavnvrrr
816 4401 841 4456 q.
860 4382 1069 4458 interpretatur
1081 4379 1146 4462 cele]
1199 4395 1230 4440 ut
1246 4383 1274 4440 in
1300 4384 1439 4442 hebraico
1461 4381 1604 4460 scripturn
1626 4393 1679 4455 est,
1695 4379 1846 4458 appellavit

493 4457 618 4518 Hieron.
630 4458 659 4517 in
673 4462 712 4520 Is.
731 4479 776 4536 27,
792 4482 801 4519 r
820 4463 978 4522 ‘Secundo
988 4461 1067 4522 enim
1081 4465 1147 4522 loco
1199 4465 1352 4523 tirannim’
1368 4475 1423 4524 etc.

493 4539 523 4598 in
548 4541 694 4616 praesenti
719 4542 849 4618 capitulo
875 4543 904 4602 in
931 4543 1070 4604 hebraico
1086 4563 1145 4603 non
1243 4563 1286 4621 17.
1308 4539 1516 4624 συνεκδοχικῶς]
1532 4543 1618 4605 Coni.
1636 4553 1698 4603 not.
1716 4561 1801 4620 supra
1821 4558 1844 4616 p·

492 4623 657 4698 appellatur
669 4622 841 4696 Leviathan,
854 4625 907 4685 sed
917 4627 1145 4701 tironm'rn,quod
1201 4647 1266 4698 aco,
1285 4629 1301 4685 l.
1321 4647 1365 4685 20.

493 4702 611 4782 proprie
624 4715 724 4764 cetum
739 4717 825 4764 sonat
838 4709 864 4778 ';
880 4706 950 4767 ibid.
965 4727 1013 4783 43,
1033 4713 1068 4766 16
1080 4725 1143 4784 sqq.
