4112 5496
234 415 306 498 xiv]
565 419 938 481 couururnnrour
969 422 1016 480 m
1047 421 1243 481 PSALMOS.
1533 422 1588 506 35

237 640 454 722 uirtutum
476 641 565 750 ipse
584 646 650 724 est
669 667 749 723 rex
762 641 941 750 gloriae.
969 642 1052 723 Pro
1075 640 1268 724 Domino
1299 641 1522 738 virtutum,
1547 637 1589 720 in

237 778 416 861 hebraeo
438 778 596 890 legitur
619 789 627 822 ‘
651 780 870 863 Dominus
891 778 1085 864 Sabaoth
1108 780 1139 862 ':
1163 778 1279 890 quod
1306 778 1350 861 in
1383 776 1468 860 alio
1499 777 1591 859 loco

235 917 523 1027 Septuaginta
552 917 803 1028 interpretes
827 917 1199 1028 ‘omnipotentem
1226 918 1233 948 ¹
1267 915 1588 999 transtulerunt.

813 1171 1019 1256 XXIIII.

203 1437 217 1490 s
291 1405 479 1488 Peccata
514 1401 832 1487 adulescentiae
863 1427 982 1500 meae
1014 1408 1059 1486 et
1090 1401 1366 1512 ignorantiae
1396 1427 1516 1483 aneae
1545 1428 1598 1484 ue

237 1542 496 1626 meminerit.
523 1542 664 1630 Istum
686 1552 728 1624 et
747 1552 865 1624 aetas
885 1553 1071 1642 excusat,
1094 1552 1136 1625 et
1172 1540 1424 1653 ignorantia.
1464 1539 1596 1624 Unde

236 1680 531 1794 intellegimus
552 1707 664 1780 eum,
687 1678 761 1792 qui
783 1691 925 1791 peccet
942 1678 985 1762 in
999 1678 1301 1780 adulescentia,
1317 1690 1359 1762 et
1372 1707 1458 1762 non
1475 1677 1597 1788 igno-

235 1833 310 1922 ret,
332 1821 506 1904 veniam
528 1847 615 1903 non
629 1818 795 1903 habere.
821 1825 829 1858 ¹
852 1819 1016 1902 Servus
1030 1819 1199 1930 quippe,
1218 1816 1292 1928 qui
1311 1817 1597 1900 novitvolun-

235 1973 368 2045 tatem
390 1959 558 2042 domini
582 1959 661 2059 sui,
677 1969 718 2042 et
740 1985 827 2042 non
849 1956 950 2041 facit
972 1956 1103 2058 illam,
1120 1956 1343 2067 vapulabit
1366 1955 1552 2038 multum
1575 1955 1594 2038 ⁸.

189 2135 219 2172 ιο
237 2101 400 2182 Omnes
418 2099 517 2181 viae
535 2098 720 2182 Domini
737 2097 1032 2181 misericordia
1053 2103 1097 2180 et
1115 2096 1290 2180 ueritas
1316 2094 1432 2202 Quia
1446 2104 1489 2177 et
1506 2093 1598 2203 ipsa

237 2236 533 2322 misericordia
552 2215 701 2348 aequis
722 2249 788 2321 est
809 2237 963 2320 librata
998 2235 1273 2349 ponderibus.
1295 2234 1417 2341 Quia
1452 2235 1599 2341 uuege-

236 2381 362 2462 nitus
380 2385 425 2463 et
434 2382 613 2488 pauper
628 2403 725 2459 snm
744 2404 829 2486 ega.
855 2376 930 2461 Sic
950 2387 992 2460 et
1016 2374 1168 2459 Helias
1190 2373 1309 2457 solus
1323 2374 1541 2474 remansit,
1556 2383 1598 2456 et

241 2519 490 2604 Hieremias
507 2515 628 2599 solus
641 2515 752 2598 sedit
765 2526 807 2599 et
820 2514 950 2614 flevit,
965 2543 991 2597 a
1005 2513 1130 2597 malis
1144 2512 1348 2595 omnibus
1364 2524 1595 2622 separatus

239 2659 375 2743 Unde
395 2670 437 2740 et
461 2655 605 2738 David
626 2653 753 2738 alibi:
781 2661 790 2695 ‘
816 2655 936 2738 Deus
958 2652 1150 2737 habitare
1181 2652 1281 2734 lacit
1303 2651 1435 2735 unius
1466 2649 1599 2734 moris

191 2824 219 2878 ιε
239 2798 285 2878 in
307 2794 440 2879 domo
462 2795 481 2878 ’.
506 2793 577 2876 Et
594 2792 690 2878 adio
710 2793 858 2903 iniqua
878 2792 1063 2876 oderunt
1095 2818 1171 2874 rue.
1211 2791 1419 2900 Iniquum
1450 2785 1600 2870 odium

238 2935 297 3018 ad
319 2933 645 3018 distinctionem
667 2931 769 3016 iusti
790 2931 958 3016 dicitur.

849 3183 993 3265 XXV.

304 3425 396 3508 Ure
417 3447 538 3505 renes
571 3444 684 3504 meas
702 3421 746 3499 et
765 3442 839 3499 car
866 3441 1017 3498 rrrenru.
1043 3411 1161 3521 Quid
1198 3438 1321 3494 renes
1359 3420 1524 3506 sonent,
1559 3409 1602 3493 in

242 3561 373 3647 corde
409 3559 633 3672 significat.
678 3554 797 3662 Quia
840 3550 1136 3636 rnrserr'cardia
1177 3555 1256 3633 tua
1296 3551 1342 3632 in
1381 3552 1605 3658 carespeciu

195 3703 466 3786 macularum
486 3721 676 3780 mearunt
707 3698 782 3776 est.
808 3693 883 3777 Sic
903 3691 1010 3802 petit
1043 3689 1263 3790 iudicium,
1288 3701 1336 3771 ut
1369 3687 1605 3770 misericor·

277 3905 463 3974 7pecce11EC3
490 3911 574 3970 peccat
585 3899 667 3970 ΑΜβ.
747 3899 854 3964 ignoret]
867 3899 943 3950 ECM
957 3900 980 3947 A
993 3899 1016 3958 l¹
1030 3898 1092 3957 m.);
1126 3895 1226 3960 ignorat
1238 3896 1261 3944 A
1274 3895 1300 3954 (2
1313 3895 1359 3954 m)
1373 3892 1397 3963 β.
1480 3892 1605 3954 8hahere]

245 3992 335 4044 Codex
356 3989 472 4039 Canthus.
493 3986 552 4036 add.
573 3985 650 4035 verba
668 3983 723 4034 nisi
738 3984 816 4046 agera
830 3981 1023 4048 paenitentiam,
1036 3995 1101 4044 quae
1112 3977 1215 4043 quidem
1235 3975 1375 4026 meticulosi
1387 3974 1531 4040 glossatoris
1543 3974 1604 4024 mihi

245 4075 349 4140 sapiunt
366 4069 506 4136 ingenium.
607 4079 633 4116 11
648 4065 806 4131 unigenitus]
819 4065 841 4114 E
853 4065 876 4124 lt
890 4065 937 4125 m.)
950 4063 971 4113 C
984 4056 1141 4130 (μονογενής
1162 4061 1246 4121 LXX)
1255 4078 1263 4122 ;
1283 4059 1374 4108 unicus
1393 4059 1415 4107 E
1434 4059 1460 4118 (2
1472 4058 1519 4119 m.)
1537 4058 1601 4106 AM.

248 4169 279 4218 ¹4
291 4153 373 4215 Dera]
384 4153 405 4202 C
419 4147 445 4213 ld
458 4147 523 4208 Θεὸς
535 4142 680 4210 κατοικίζει
692 4148 788 4210 Lxx),
801 4147 862 4197 lr'cit
873 4146 934 4207 (om.
948 4145 1028 4204 Deus)
1041 4144 1117 4192 EAM
1122 4141 1146 4208 β.

248 4301 279 4358 in
297 4297 384 4356 Psalt
401 4294 482 4354 iuxta
502 4291 584 4352 hebr.
599 4313 606 4351 :
623 4294 631 4322 ‘
646 4291 765 4362 Lente,
789 4300 899 4365 portae,
952 4287 1101 4346 Dominus
1114 4285 1231 4343 sabaoth
1245 4307 1251 4342 ε
1267 4285 1350 4361 quod
1366 4285 1450 4342 LXX
1465 4281 1603 4360 interpre-

248 4379 348 4456 capita
363 4387 458 4438 vestra
472 4377 487 4434 ’.
954 4380 997 4428 tes
1032 4387 1086 4444 pro
1114 4368 1247 4425 locorum
1277 4365 1418 4441 qualitate
1447 4362 1604 4442 dupliciter

293 4480 319 4536 3.
342 4460 558 4535 omnipotentem
580 4447 809 4532 transtulerunt]
830 4449 903 4512 Hie·
954 4451 1141 4518 transferunt,
1156 4457 1207 4505 aut
1217 4448 1379 4505 Danu'aum
1391 4448 1543 4517 viritutum,
1554 4455 1604 4504 aut

250 4561 315 4602 ron.
337 4541 456 4604 Comm.
472 4537 503 4598 in
519 4539 558 4597 Is
580 4555 603 4607 r,
620 4555 658 4611 9:
674 4539 682 4567 ‘
697 4535 755 4593 Pro
775 4534 904 4592 Douu'na
955 4532 1117 4590 Darm'num
1132 4529 1346 4603 arrrnrpotcntcm
1361 4529 1375 4584 ’.

252 4623 436 4691 exercituum,
452 4619 534 4695 quod
551 4635 606 4676 nos
615 4613 710 4675 secuti
721 4614 860 4691 Aquilam
873 4613 903 4674 in
997 4633 1023 4689 9.
1047 4610 1198 4688 vapulabit
1221 4606 1359 4690 inultum]
1383 4611 1453 4667 Luc.
1485 4629 1528 4680 η,
1552 4625 1602 4689 347.

152 4701 155 4708 '
254 4704 378 4764 latinum
404 4701 552 4772 venimus,
583 4697 613 4756 in
642 4695 771 4758 hebraeo
799 4695 904 4773 legitur
1000 4711 1043 4770 ¹5·
1067 4686 1207 4771 r'ndama]
1223 4693 1268 4749 Ps.
1286 4693 1332 4765 67,
1351 4709 1377 4765 7.
