4158 5492
669 391 925 454 TRACTATUS
950 392 1005 450 DE
1029 391 1197 452 PSALMO
1219 393 1290 451 VII.
1603 389 1648 473 17

295 609 476 678 voluntatis
499 622 574 676 tuae
588 609 750 674 coronasti
763 630 840 673 aas:
866 608 1044 691 protexisti
1060 628 1121 672 nos
1148 617 1243 672 scuto
1259 617 1327 684 tuo,
1353 616 1386 672 et
1403 608 1568 690 protectio
1594 617 1652 672 tua

295 736 420 800 corona
446 723 559 782 nostra
576 712 647 791 tuit,
674 713 737 778 hoc
753 721 812 791 est,
832 731 956 776 corona
973 723 1086 776 nostra
1111 712 1173 776 suit
1189 721 1319 776 scutum
1337 720 1441 789 tuum,
1457 709 1519 776 luit
1540 720 1652 775 nostra

296 820 443 886 victoria.
459 818 592 884 Corona
606 817 697 881 enim
712 817 851 882 victoria
866 815 1110 899 interpretatur.

340 921 473 987 Gratias
488 940 629 1006 agamus
656 920 741 998 Deo,
756 930 790 983 et
814 920 1031 1002 deprecemur
1055 919 1158 996 illum,
1175 927 1211 983 ut
1236 919 1269 982 in
1286 919 1375 984 bona
1404 918 1577 984 voluntate
1592 939 1653 984 sua

262 1029 367 1111 §ipse
390 1027 434 1091 sit
458 1035 589 1090 scutum
618 1033 651 1089 et
677 1042 800 1088 corona
825 1033 948 1100 nostra,
972 1033 1009 1088 ut
1035 1043 1218 1106 numquam
1250 1024 1443 1088 recedamus
1469 1024 1513 1088 ab
1540 1043 1592 1100 eo,·
1617 1032 1653 1087 ut

296 1149 475 1215 sequamur
491 1128 594 1205 illum,
609 1137 643 1192 et
658 1128 810 1193 dicamus
825 1148 900 1192 cum
921 1127 1111 1193 Hieremia:
1136 1133 1143 1161 ‘
1161 1129 1206 1192 Et
1223 1138 1298 1211 post
1315 1135 1348 1190 te
1363 1128 1568 1211 subsequens
1586 1147 1652 1191 non

297 1234 445 1300 laboravi
461 1233 478 1298 '.
495 1232 558 1300 Cui
574 1241 625 1298 est
639 1231 746 1315 gloria
761 1232 794 1296 in
811 1231 944 1296 saeculo
960 1232 1178 1298 saeculorum.
1191 1231 1313 1296 Amen.

754 1462 830 1535 DE
864 1461 1087 1536 PSALMO
1114 1462 1206 1538 Vll.

342 1681 491 1766 Singulis
507 1681 604 1746 rebus
621 1681 826 1764 inponuntur
843 1681 989 1758 nomina,
1007 1691 1042 1746 ut
1061 1702 1105 1746 ex
1126 1683 1317 1751 nominibus
1332 1693 1366 1749 et
1382 1704 1433 1748 res
1449 1705 1655 1769 cognoscan-

248 1809 283 1848 ιο
298 1798 371 1854 tur:
395 1787 492 1852 sicet
518 1784 638 1868 psalmi
664 1784 770 1850 titulis
796 1786 985 1868 praenotati
1001 1797 1087 1863 sunt,
1115 1796 1151 1851 ut
1178 1807 1222 1852 ex
1239 1786 1344 1853 titulis
1363 1788 1601 1871 intellegantur
1621 1801 1653 1856 et

299 1891 427 1976 psalmi.
448 1889 595 1973 Quintus
611 1888 760 1970 psalmus
787 1889 850 1953 hoc
871 1887 971 1954 titulo
993 1899 1209 1971 praenotatus
1234 1900 1304 1956 est:
1329 1891 1393 1956 ‘ln
1412 1891 1511 1958 finem
1540 1913 1600 1976 pro
1616 1913 1656 1957 ea

298 2016 385 2080 quae
400 1995 619 2060 hereditatem
635 1992 850 2076 consequitur
865 1992 882 2057 ².
910 1993 1037 2058 Sextus
1053 1992 1201 2076 psalmus
1217 1995 1280 2059 hoc
1304 1993 1403 2060 titulo
1419 2005 1656 2078 praenotatur:

299 2105 307 2134 ‘
325 2100 364 2163 ln
377 2098 476 2163 linem
500 2097 534 2160 in
551 2095 685 2180 hymnis
713 2117 773 2179 pro
789 2105 908 2161 octava
924 2095 1072 2179 psalmus
1090 2097 1200 2162 David
1217 2099 1233 2162 '.
1257 2099 1295 2163 ln
1311 2099 1431 2183 quinto
1445 2099 1576 2176 dicitur,
1593 2100 1657 2163 Pro

299 2225 339 2270 ea
351 2223 438 2288 quae
452 2203 673 2268 hereditatem
686 2201 900 2282 consequitur
906 2221 914 2280 3
931 2201 963 2264 in
980 2210 1081 2266 sexto
1090 2202 1223 2282 dicitur,
1235 2203 1298 2267 Pro
1311 2211 1438 2269 octava.
1456 2205 1494 2267 ln
1512 2204 1657 2286 septimo

252 2335 262 2370 ι
268 2331 282 2385 5
300 2329 387 2387 vero,
401 2307 481 2391 quia
496 2317 530 2370 et
546 2307 617 2391 ipse
643 2305 707 2369 sub
722 2302 855 2369 alleluia
870 2313 1024 2369 cantatus
1040 2315 1100 2383 est,
1115 2306 1194 2388 quia
1211 2305 1243 2369 in
1265 2306 1320 2371 illa
1336 2306 1401 2372 alia
1417 2308 1586 2372 dominica
1602 2307 1656 2373 die

301 2413 406 2478 lectus
416 2422 468 2477 est
482 2410 773 2494 sextus-psalmus,
788 2417 822 2473 et
840 2429 901 2472 nos
917 2429 978 2492 pro
992 2411 1223 2492 aegrotatione
1238 2411 1447 2494 interpretari
1464 2430 1530 2476 non
1547 2411 1657 2495 potui·

301 2537 396 2584 ntus:
421 2537 508 2581 nunc
535 2524 648 2581 autem
677 2513 781 2577 lectus
807 2522 857 2576 est
884 2513 1047 2595 septimus
1063 2513 1221 2595 psalmus.
1249 2515 1365 2579 Habet
1391 2525 1503 2581 autem
1521 2515 1655 2582 titulum

333 2712 582 2778 aGratr'aslcadd.
597 2727 660 2776 erga.
761 2710 991 2774 7ert1AB;sitC.
1092 2712 1259 2764 8Exordium
1271 2713 1344 2765 huius
1356 2722 1476 2768 tractatus
1488 2716 1579 2782 legitur
1590 2719 1657 2783 apud

302 2800 392 2864 Migne
412 2798 452 2858 26,
475 2796 566 2860 1362·4
585 2804 610 2848 et
629 2795 655 2846 in
671 2796 781 2861 append.
798 2797 825 2846 S.
849 2795 942 2846 Hilarii
957 2795 1018 2846 edit.
1033 2796 1148 2862 Zingerle
1163 2809 1173 2847 1
1187 2806 1251 2864 part.
1267 2815 1291 2864 p.
1306 2798 1417 2860 878-8ος
1435 2799 1530 2865 reliqua
1542 2800 1604 2852 item
1615 2817 1656 2866 ap.

303 2882 391 2946 Migne
402 2879 429 2929 in
446 2877 583 2938 neviana,
596 2877 640 2928 sed
659 2893 750 2928 manca
768 2885 792 2928 et
804 2877 964 2942 interpolata.
1054 2892 1079 2927 rr
1088 2879 1215 2944 psalmus]
1229 2897 1248 2944 μ
1260 2881 1334 2931 inser.
1348 2880 1433 2931 eliam.
1520 2892 1548 2946 15
1563 2883 1626 2948 quia
1637 2889 1661 2933 el

301 2960 363 3024 ipre]
376 2959 466 3024 pauc
477 2975 485 3020 ς
497 2960 559 3024 quio
570 2959 620 3023 ipse
632 2959 664 3019 ὃς
673 2960 721 3025 qui
730 2967 754 3009 et
764 2961 816 3024 ipse
826 2960 884 3014 cod.
896 2960 976 3009 Duae.
991 2970 1041 3009 220
1052 2975 1058 3018 ς
1069 2976 1118 3024 qur
1127 2967 1152 3009 a
1162 2963 1213 3025 ipse
1224 2962 1256 3013 G.
1341 2965 1467 3026 cantatus]
1477 2965 1617 3015 cantandas
1629 2982 1657 3029 p.

301 3045 428 3108 alr'alom.
441 3061 469 3110 p.
572 3042 602 3093 16
610 3043 737 3108 pra1praa
750 3043 802 3106 μΑ.

346 3214 372 3271 7.
389 3214 446 3255 aaa
467 3191 737 3275 laboravi]1erem.
757 3209 802 3268 17,
836 3194 872 3252 16
897 3209 956 3253 sec.
1008 3192 1106 3252 dabas
1128 3192 1199 3266 lieri,
1215 3205 1247 3254 ut
1262 3213 1379 3274 semper
1403 3196 1554 3259 erudiatur
1569 3216 1662 3277 popu·

303 3295 376 3338 Lxx
1009 3274 1056 3332 lus
1084 3273 1114 3332 in
1143 3274 1293 3352 scripturis
1322 3288 1351 3338 et
1381 3279 1438 3338 Dei
1467 3279 1629 3342 dilectione
1654 3281 1661 3310 ³

350 3379 362 3418 r
368 3375 395 3437 5.
420 3358 473 3417 sab
496 3357 616 3417 alleluia
643 3362 777 3416 cantatus
804 3351 857 3435 est]
887 3356 959 3413 Huc
1011 3353 1050 3432 (ι’Ι
1064 3355 1135 3416 edit.
1150 3375 1178 3433 p.
1195 3357 1255 3436 81).
1275 3357 1414 3437 Denique
1430 3362 1580 3422 notandus
1595 3380 1661 3422 mos

305 3441 389 3510 refer,
415 3439 498 3517 quod
523 3439 562 3499 de
587 3439 645 3499 hoc
668 3437 723 3497 ritu
750 3439 778 3498 S.
799 3434 959 3514 Gregorius
1010 3435 1142 3512 singulos
1167 3436 1289 3515 singulis
1312 3440 1471 3501 dominicis
1496 3461 1532 3502 ex
1556 3441 1661 3503 ordine

307 3523 438 3600 Magnus
462 3521 501 3582 ad
518 3519 684 3580 Iohannem
708 3521 841 3597 Syracus.
858 3516 960 3577 scribit
1010 3520 1140 3594 psalmos
1192 3538 1262 3580 cum
1310 3522 1429 3584 alleluia
1469 3524 1659 3586 decantandi.

305 3602 364 3680 (M.
393 3619 441 3678 ῃ,
466 3600 558 3680 956):
585 3601 687 3660 ‘Nam
714 3611 746 3660 ut
770 3599 889 3660 alleluia
910 3597 959 3658 hic
1012 3599 1162 3660 Eumdem
1177 3600 1313 3663 ordinem
1328 3601 1359 3662 in
1381 3605 1521 3665 Romana
1535 3604 1662 3668 ecclesia

306 3683 465 3757 diceretur,
481 3683 521 3743 de
540 3681 818 3759 Hierosolymorum
834 3679 959 3741 ecclesia
1011 3691 1158 3740 servatum
1173 3681 1245 3742 olim
1271 3702 1336 3744 esse
1358 3685 1558 3748 crediderim:
1582 3697 1663 3747 certe

305 3784 343 3827 ex
357 3763 437 3826 beati
453 3763 631 3842 Hieronymi
646 3763 804 3823 traditione
826 3773 960 3838 tempore
1010 3761 1041 3820 in
1051 3761 1157 3823 codice
1168 3763 1263 3839 A,qui
1273 3765 1302 3832 b.
1314 3767 1479 3828 Thomasio
1487 3767 1663 3829 adiumento

306 3847 413 3908 beatae
426 3843 590 3906 memoriae
616 3843 738 3904 Damasi
755 3860 849 3921 papae
874 3841 960 3902 tradi·
1011 3841 1066 3902 luit
1090 3845 1129 3904 ad
1155 3846 1307 3906 edendum
1323 3849 1351 3908 S.
1368 3849 1503 3925 Gregorii
1528 3849 1664 3926 antipho-

307 3940 355 3988 tur
365 3937 493 3989 tractum
504 3927 522 3987 '.
537 3927 583 3989 Cl.
600 3923 689 3986 etiam
705 3924 829 3986 Hieron.
847 3925 960 3986 Contra
1012 3922 1136 3998 narium,
1149 3924 1261 4002 quique
1276 3930 1369 3989 multa
1383 3946 1419 3990 ex
1431 3929 1591 3992 Gelasiano
1606 3929 1663 3989 ritu

306 4007 504 4086 Vigilantium
517 4027 544 4068 n.
565 4027 577 4066 1
591 4019 621 4068 et
633 4026 660 4083 9,
673 4017 702 4067 et
714 4003 957 4069 Commentariol.
1011 4004 1167 4066 retinuisse
1181 4007 1298 4081 dicitur,
1315 4009 1466 4071 dominica
1487 4012 1581 4089 prima
1596 4023 1664 4088 post

307 4089 338 4151 in
354 4091 484 4166 psalmos
499 4109 527 4166 p.
546 4091 582 4166 7⁶
598 4108 640 4165 sq.
1011 4097 1131 4146 octavas
1138 4090 1329 4150 Pentecostes
1338 4091 1511 4168 adsignatur
1521 4093 1661 4152 Alleluia.

347 4172 380 4232 ia
394 4172 449 4231 illa
459 4171 522 4230 alra
529 4165 685 4248 darra'm‘ca]
702 4171 789 4247 Ergo,
799 4167 875 4228 sicut
889 4165 958 4242 dixi,
1011 4165 1047 4246 Υ.
1060 4168 1149 4228 Verba
1160 4190 1221 4230 mea
1235 4173 1357 4232 arrrr'bru
1363 4175 1477 4251 pcrn’pe
1491 4184 1538 4235 etc
1553 4175 1609 4252 (ps.
1622 4172 1663 4252 5),

308 4255 485 4332 plerumque
504 4251 611 4314 diebus
636 4249 795 4311 dominicis
817 4261 908 4326 atque
929 4249 959 4309 in
1010 4249 1163 4310 dominica
1174 4254 1308 4314 secunda
1318 4254 1459 4314 Alleluia.
1479 4253 1517 4334 Υ.
1536 4258 1664 4315 Domana

307 4333 452 4412 liturgicis
475 4331 673 4395 conventibus
696 4331 727 4391 hi
752 4341 893 4391 tractatus
910 4331 960 4390 ha·
1011 4333 1091 4391 aeia
1111 4332 1159 4391 ira
1170 4341 1223 4393 tua
1236 4354 1348 4410 arguas
1362 4355 1405 4395 me
1419 4347 1465 4396 etc
1482 4337 1537 4415 (ps.
1555 4335 1596 4414 6),
1612 4337 1664 4397 do·

308 4415 363 4477 biti
377 4426 466 4476 sunt:
480 4427 509 4476 et
524 4415 603 4474 hanc
614 4413 704 4475 luisse
715 4411 960 4489 Hierosolymita-
1010 4411 1121 4472 minica
1135 4415 1221 4475 tertia
1235 4416 1375 4476 Alleluia.
1394 4414 1429 4494 Υ.
1445 4418 1573 4478 Dormire
1581 4419 1665 4477 Deus

309 4515 366 4558 nae
379 4495 524 4559 ecclesiae
541 4495 790 4557 consuetudinem
806 4492 960 4572 peregrina
1011 4513 1089 4553 meus
1102 4495 1133 4553 in
1149 4501 1176 4554 le
1188 4498 1307 4574 speravi
1316 4509 1364 4558 etc
1379 4497 1435 4575 (ps.
1454 4498 1492 4576 7).
1509 4497 1664 4560 Thomasii

309 4578 359 4640 illa
373 4576 555 4640 Gomorrinii
567 4587 701 4651 testatur,
712 4576 765 4637 ubi
776 4575 848 4637 dicit
859 4580 867 4608 ‘
878 4594 959 4654 prae
1009 4593 1078 4654 opp.
1090 4577 1200 4639 omnia.
1212 4580 1329 4641 Romae
1343 4597 1376 4656 17
1382 4597 1428 4659 50,
1436 4590 1455 4641 t.
1467 4583 1502 4654 V,
1514 4601 1541 4660 p.
1553 4600 1609 4659 134
1619 4600 1662 4658 sq.

309 4657 474 4722 dicationes
495 4669 650 4739 propterea
671 4676 788 4737 semper
812 4657 960 4718 darnirn'a's

363 4789 475 4832 measa
484 4789 721 4840 amassenus.
1443 4771 1450 4784 ’
1605 4810 1616 4848 2
