4160 5500
640 410 833 471 nouum
855 410 901 468 ru
926 409 1165 471 rounuurcu
1190 415 1213 485 1,
1241 433 1314 486 t·14.
1576 395 1659 500 389

303 633 476 699 videbatur
493 633 625 696 Patrem
650 628 842 706 exclusisse,
858 637 917 693 aut
941 628 1042 694 etiam
1058 629 1145 692 duos
1172 631 1253 694 deos
1269 630 1376 696 lacere
1391 657 1398 697 :
1414 643 1447 697 et
1463 633 1543 698 nihil
1561 636 1657 700 nobis

303 740 457 822 proderat
473 739 516 802 de
530 737 696 822 gentibus,
710 737 738 800 si
755 735 1001 818 reliquissemus
1017 733 1178 816 plurimos
1194 736 1284 810 deos,
1300 745 1334 800 et
1350 737 1605 805 credidissemus
1621 741 1654 805 in

301 843 431 909 duobus
447 843 520 909 diis.
535 843 624 908 Vide
642 861 722 925 ergo
738 839 908 924 quomodo
934 838 1096 922 paulatim
1113 849 1146 903 et
1162 841 1343 921 prudenter
1366 841 1493 925 inrepit.
1512 844 1550 908 In
1569 843 1656 927 prin·

301 949 390 1032 cipio
405 969 471 1013 non
488 948 570 1013 dicit
585 955 656 1017 erat
674 948 776 1021 Deus,
793 965 834 1009 ne
849 944 1017 1009 videretur
1045 945 1145 1008 deum
1163 953 1196 1008 et
1212 943 1313 1009 deum
1331 945 1446 1019 iacere,
1474 946 1556 1012 deos
1571 950 1656 1013 duos

268 1069 284 1122 5
302 1054 430 1118 iunctos
445 1076 453 1118 ε
468 1053 526 1118 sed
544 1051 666 1116 Filium
683 1049 833 1115 Verbum
850 1047 1011 1114 nominat.
1029 1047 1074 1112 Et
1090 1047 1170 1112 dum
1187 1047 1267 1113 dicit
1291 1049 1400 1132 ipsum
1417 1049 1566 1115 Verbum
1584 1071 1657 1114 esse

301 1160 334 1222 in
352 1158 458 1234 Patre,
473 1157 569 1222 sicet
586 1154 707 1220 Filium
725 1154 836 1218 Deum
864 1151 953 1229 dicit,
971 1161 1089 1216 utnon
1106 1149 1235 1216 auferat
1252 1171 1355 1216 unum
1377 1154 1496 1220 Deum.
1513 1157 1605 1240 Ergo
1622 1167 1656 1221 et

301 1282 361 1326 nos
377 1281 442 1345 qua
458 1261 586 1324 ratione
603 1259 725 1325 Filium
744 1258 854 1323 Deum
871 1257 1022 1333 dicimus,
1037 1266 1071 1321 et
1087 1276 1190 1320 unum
1207 1264 1319 1320 tamen
1339 1257 1449 1323 Deum
1465 1259 1607 1324 dicimus
1621 1262 1655 1326 in

301 1367 399 1431 Patre
414 1375 447 1431 et
464 1365 496 1428 in
514 1365 619 1428 Filio:
636 1365 683 1427 sic
708 1364 740 1427 in
768 1364 866 1427 Patre
891 1371 923 1424 et
951 1361 983 1424 in
1010 1360 1096 1425 Filio
1123 1370 1156 1426 et
1183 1361 1215 1425 in
1244 1362 1370 1445 Spiritu
1387 1376 1503 1431 saneto
1531 1366 1655 1450 triplex

300 1470 434 1552 quidem
451 1478 502 1534 est
517 1469 576 1532 sed
594 1488 659 1533 una
674 1467 839 1532 divinitas.
856 1465 938 1529 Fuit
948 1463 1040 1528 lromo
1063 1463 1215 1528 mr'ssusa
1231 1465 1308 1530 Dea.
1327 1467 1494 1532 lohannes
1512 1468 1581 1546 tuit,
1598 1471 1654 1553 qui

252 1594 284 1632 ro
299 1584 378 1640 ante
393 1594 460 1639 non
473 1584 544 1639 erat
559 1596 567 1652 ;
580 1574 687 1638 sactus
702 1581 763 1650 est,
777 1571 834 1655 qui
862 1590 928 1634 non
957 1579 1036 1634 erat.
1056 1567 1133 1633 Fuit
1148 1568 1260 1647 homo,
1277 1590 1342 1634 non
1360 1571 1520 1638 Verbum.
1538 1573 1654 1637 Homo

300 1677 375 1742 ideo
389 1678 462 1754 tuit,
477 1679 555 1760 quia
570 1678 680 1742 homo.
692 1676 842 1740 Verbum
857 1694 922 1738 non
941 1672 1011 1751 luit,
1021 1674 1079 1739 sed
1094 1693 1224 1756 semper
1236 1683 1315 1740 erat.
1329 1673 1405 1738 Fuit
1421 1675 1656 1741 homomissus

299 1782 417 1847 aDeo.
437 1783 475 1846 In
492 1782 655 1865 principio
681 1790 752 1846 erat
777 1781 927 1845 Verbum
946 1803 953 1843 :
970 1797 1036 1842 non
1065 1778 1215 1842 mittitur.
1245 1779 1360 1842 Homo
1389 1779 1508 1844 missus
1534 1781 1655 1844 aDeo.

262 1885 270 1902 ’
300 1885 472 1970 Quidquid
498 1906 577 1969 ergo
604 1885 707 1950 homo
731 1885 886 1968 loquitur,
911 1883 965 1948 ille
990 1881 1124 1947 auditur
1150 1883 1207 1965 qui
1234 1881 1344 1948 mittit.
1361 1886 1369 1916 ⁸
1386 1882 1453 1966 Qui
1480 1885 1574 1949 enim
1595 1906 1655 1950 vos

299 1989 424 2073 recipit,
440 2010 494 2054 me
519 1989 635 2072 recipit
652 1989 802 2054 ’:honor
827 1986 990 2053 mittentis
1018 1985 1194 2068 suscipitur
1211 1985 1243 2050 in
1260 2006 1301 2050 eo
1324 1987 1379 2069 qui
1408 1987 1558 2053 mittitur.
1576 1989 1655 2054 Fuit

250 2115 280 2167 ¹5
298 2095 400 2160 homo
416 2095 536 2159 missus
552 2115 572 2159 a
589 2095 672 2160 Deo.
688 2094 788 2179 Quod
807 2114 867 2158 nos
882 2093 1025 2158 dicimus
1042 2090 1169 2166 missus,
1183 2090 1329 2154 Hebraei
1342 2090 1458 2156 dicunt
1474 2087 1654 2170 ἀπόστολος,

298 2204 361 2268 hoe
377 2214 427 2270 est
444 2205 572 2285 missus,
586 2205 677 2289 quod
704 2205 823 2269 dicitur
850 2204 965 2287 lingua
990 2201 1146 2268 hebraica
1169 2216 1305 2268 suone.
1324 2203 1415 2285 Ergo
1442 2203 1535 2267 vides
1559 2201 1649 2286 quod

298 2305 361 2371 iste
379 2307 546 2372 Iohannes
561 2307 734 2391 propheta,
751 2327 817 2371 non
834 2307 942 2371 solum
957 2307 1128 2391 propheta,
1145 2308 1202 2371 sed
1213 2317 1247 2372 et
1259 2307 1432 2390 apostolus
1442 2307 1651 2372 est.Mittitur

299 2411 426 2489 Esaias,
441 2412 613 2496 apostolus
642 2412 710 2477 luit.
726 2417 734 2446 ¹
751 2413 839 2476 Ecce
864 2432 937 2494 ego,
965 2411 1061 2477 mitte
1090 2431 1143 2475 me
1158 2412 1173 2475 '.
1203 2411 1326 2475 Missus
1353 2432 1372 2475 a
1401 2412 1484 2477 Deo.
1510 2410 1652 2475 Pulchre

297 2513 394 2592 dixit,
411 2515 538 2580 missus.
557 2516 721 2580 Dominus
748 2516 838 2580 enim
863 2516 944 2579 dicit
972 2517 1004 2580 in
1032 2516 1207 2599 evangelio
1221 2520 1251 2581 :‘
1268 2516 1396 2583 Omnes
1419 2517 1478 2601 qui
1501 2526 1581 2580 ante
1597 2535 1651 2580 me

246 2637 280 2674 20
297 2630 467 2690 venerunt,
483 2620 570 2684 iures
599 2619 731 2684 fuerunt
759 2630 792 2684 et
817 2620 962 2685 latrones
977 2619 994 2686 '.
1013 2621 1089 2684 Non
1115 2620 1213 2698 dixit,
1228 2641 1344 2685 omnes
1371 2620 1429 2703 qui
1456 2620 1650 2695 missisunt,

297 2722 383 2788 sures
399 2734 432 2788 et
448 2723 614 2788 latrones:
630 2725 687 2788 sed
705 2724 762 2808 qui
779 2744 837 2806 per
851 2734 1068 2789 sevenerunt.
1081 2724 1171 2808 Quid
1183 2724 1272 2800 dicit,
1284 2743 1401 2787 omnes
1417 2723 1472 2806 qui
1487 2732 1649 2786 venerunt

295 2839 373 2892 ante
389 2835 467 2892 me?
483 2827 568 2912 ‘Qui
585 2829 710 2904 dicunt,
727 2829 821 2892 Haec
838 2829 918 2892 dicit
936 2829 1116 2904 Dominus,
1127 2837 1160 2890 et
1177 2827 1343 2892 Dominus
1360 2847 1426 2890 non
1445 2825 1533 2890 misit
1549 2845 1605 2889 eos
1619 2825 1650 2888 ἐ

296 2929 349 2994 isti
365 2931 421 3014 qui
438 2941 599 2996 venerunt
616 2951 673 3014 per
689 2951 733 3009 se,
748 2940 782 2996 et
809 2952 875 2995 non
899 2940 978 2996 sunt
1000 2931 1100 3008 missi,
1117 2930 1178 3013 ipsi
1196 2928 1329 2995 suerunt
1345 2930 1431 2994 sures
1447 2940 1481 2995 et
1496 2930 1650 2994 latrones.

297 3034 365 3098 Iste
391 3053 470 3117 ergo
496 3035 615 3099 missus
640 3046 690 3100 est
707 3057 726 3099 a
743 3035 825 3100 Deo.
845 3034 910 3101 Cui
922 3057 1034 3099 nomen
1050 3045 1123 3099 crat
1135 3035 1303 3100 Iohannes.
1321 3037 1365 3100 Et
1395 3054 1518 3099 nomen
1547 3035 1650 3117 ipsius

244 3155 277 3209 25
293 3137 404 3203 officio
427 3139 591 3204 convenit.
620 3137 788 3203 lohannes
812 3139 901 3203 enim
930 3139 1165 3221 interpretatur
1194 3138 1331 3204 Domini
1361 3139 1477 3222 gratia.
1495 3151 1533 3203 10
1559 3139 1648 3203 enim

293 3242 414 3307 dicitur
430 3243 605 3322 Dominus,
629 3257 738 3308 ΑΝΝΑ
764 3244 880 3327 gratia.
908 3243 1000 3325 Ergo
1027 3243 1193 3306 Iohannes
1220 3243 1358 3307 Domini
1385 3243 1493 3325 gratia
1519 3241 1649 3306 dicitur.

326 3444 457 3510 3irrrrpit]
476 3444 559 3504 codd;
580 3446 671 3512 irrepit
682 3464 710 3515 χ.
811 3447 862 3498 oa
872 3449 982 3516 Filium]
993 3457 1017 3499 et
1028 3450 1057 3500 in
1069 3452 1099 3501 F.
1115 3452 1144 3500 F.
1249 3463 1277 3514 13
1289 3451 1332 3500 ille
1343 3450 1460 3512 auditur]
1479 3451 1567 3516 scripsi
1576 3470 1584 3511 ;
1600 3467 1651 3502 narr

292 3529 401 3577 audr'tur
410 3542 431 3595 χ
441 3535 466 3578 et
478 3528 554 3580 codd.
567 3529 651 3578 Tanta
669 3537 706 3580 est
726 3529 864 3582 similitudo
885 3539 1000 3582 notarum
1013 3533 1046 3582 Ν
1052 3541 1077 3582 et
1089 3533 1126 3582 ill.
1142 3532 1168 3582 in
1180 3533 1306 3582 veteribus
1326 3532 1405 3593 libris,
1418 3541 1446 3583 ut
1457 3539 1540 3583 aetate
1551 3548 1652 3598 quoque

292 3617 377 3660 nostra
387 3610 501 3661 sollenne
518 3611 628 3661 habeant
641 3611 790 3677 typographi
810 3613 919 3663 litteram
932 3614 964 3662 N
971 3629 1017 3679 pro
1029 3613 1131 3664 nornine
1152 3613 1254 3680 proprio
1265 3613 1291 3664 iu
1303 3613 1377 3665 certis
1389 3613 1501 3664 formulis
1522 3613 1652 3664 recitando

292 3691 419 3751 adhibere,
433 3693 475 3742 ubi
486 3692 583 3757 antiqui
596 3701 655 3742 nota
666 3695 704 3743 r'll.
717 3695 858 3744 utebantur.
929 3706 957 3759 15
973 3697 1091 3758 Hebraei]
1110 3696 1226 3746 haebraei
1237 3697 1265 3756 F,
1281 3697 1305 3747 0
1321 3709 1330 3746 r
1345 3713 1387 3756 rur
1406 3697 1490 3746 hebrei
1501 3695 1540 3756 1.;
1563 3697 1654 3746 Graeci

292 3789 329 3842 χο
337 3775 406 3838 greci
413 3775 501 3840 Osup.
513 3775 557 3827 lin.
571 3775 611 3826 Cl.
627 3773 833 3826 Commentarinl.
848 3773 874 3824 in
886 3791 923 3840 ps.
937 3792 962 3841 p.
977 3775 1018 3838 87,
1034 3778 1050 3826 l.
1063 3789 1094 3826 22
1107 3778 1150 3827 ubi
1162 3793 1293 3843 perperam
1307 3778 1332 3827 in
1345 3777 1473 3828 codicibus
1495 3779 1503 3805 ‘
1516 3779 1583 3842 apud
1596 3779 1652 3830 He·

292 3854 407 3916 braeos',
428 3863 496 3908 recte
515 3857 601 3921 ‘apud
623 3858 733 3908 Graecos
746 3855 752 3878 ’
764 3855 789 3906 iu
811 3855 940 3907 Breviario
960 3857 1060 3923 legitur.
1162 3853 1322 3923 ἀπόστολος]
1343 3858 1406 3919 FL;
1426 3860 1600 3924 apestalnunas
1619 3876 1647 3927 χ.

295 3939 324 3988 ro
334 3940 458 4002 SILOAS]
469 3939 493 3989 Ο
504 3956 512 3998 ;
523 3941 601 4003 sylaar
615 3939 737 3996 Feriiaas
749 3955 786 4008 χ;
797 3939 858 3988 silas
871 3939 901 3988 L.
1006 3951 1034 4002 17
1047 3941 1179 4002 Mittitur]
1192 3942 1213 3989 F
1215 3942 1237 3991 1.
1249 3941 1323 3992 inser.
1338 3942 1414 3992 enim.

290 4114 355 4166 crat
374 4107 492 4166 Verbum
507 4125 529 4164 e.
553 4106 582 4164 V.
598 4123 619 4165 c.
636 4125 663 4165 a.
681 4105 722 4164 D.
737 4123 758 4164 c.
778 4105 860 4163 Deus
878 4111 945 4163 crat
995 4105 1086 4166 Unde
1124 4115 1154 4166 et
1189 4123 1245 4165 nos
1281 4122 1440 4182 possumus
1477 4102 1649 4181 intellegere

298 4187 417 4247 Verbum
429 4191 478 4248 l...
495 4189 566 4246 Hoc
581 4187 688 4247 doctus
705 4187 791 4246 Plato
806 4183 940 4257 nescivit,
994 4186 1162 4247 Iohannem
1174 4204 1297 4264 quoque
1307 4184 1471 4261 Baptistam
1484 4197 1513 4246 et
1523 4186 1648 4263 prophe·

290 4270 349 4329 hoe
364 4269 585 4329 Demosthenes
599 4268 744 4344 eloquens
764 4265 907 4344 ignoravit
923 4268 938 4326 ’.
993 4277 1053 4327 tam
1069 4279 1098 4328 et
1124 4268 1293 4345 apostolum
1309 4267 1521 4343 appellandum
1537 4288 1546 4342 ;
1560 4266 1648 4343 siqui·

334 4370 377 4424 ¹4·
394 4346 504 4429 rea'pr't]
522 4349 639 4421 Matth,
660 4368 703 4422 ro,
720 4369 767 4422 40.
993 4349 1063 4409 dem
1078 4348 1119 4409 ait
1144 4348 1392 4423 scripturamque
1411 4348 1493 4407 homa
1507 4348 1610 4408 missus
1624 4368 1644 4408 a

333 4436 376 4492 ro.
392 4433 471 4508 quod
480 4432 588 4491 dicitur
599 4430 619 4490 l.
631 4432 659 4490 lr.
675 4425 801 4510 SILOAS]
815 4429 940 4490 Hieron.
993 4431 1058 4490 Deo
1071 4450 1091 4490 c.
1109 4451 1137 4490 n.
1153 4452 1172 4489 e.
1190 4431 1336 4490 Iohannes
1347 4431 1361 4487 '.

288 4511 319 4572 in
333 4514 430 4574 Galat.
450 4532 474 4584 1,
503 4532 516 4571 1
545 4513 731 4588 ‘Apostolus
752 4523 863 4582 autem,
884 4511 941 4571 hoc
1039 4515 1083 4571 18.
1097 4514 1175 4572 rnitte
1189 4509 1243 4592 me]
1261 4512 1299 4570 Is.
1311 4515 1338 4581 6,
1355 4513 1381 4570 8.

287 4605 332 4656 est
345 4595 456 4668 missus,
483 4593 692 4655 Hebraeorum
714 4591 832 4670 proprie
857 4610 942 4651 voca·
1036 4613 1081 4652 20.
1097 4594 1234 4666 latrones]
1250 4594 1294 4652 lo.
1314 4611 1358 4665 ro,
1375 4595 1401 4652 8.

287 4675 389 4736 bulum
404 4686 458 4750 est,
474 4675 557 4752 quod
571 4690 657 4735 smus
671 4691 794 4751 quoque
815 4686 939 4734 sonat...
