4154 5494
434 405 511 509 156
815 429 840 487 s.
862 428 1116 488 uruuouurm
1136 427 1399 487 reassumam

426 651 630 728 potestatem
658 643 779 727 Moysi.
797 643 886 726 Quid
914 645 944 708 ei
970 643 1052 710 dicit
1079 645 1197 709 Deus?
1226 645 1371 710 Dimitte
1397 657 1472 710 me:
1498 645 1565 710 vim
1589 645 1672 712 mihi
1695 645 1785 725 facis,

427 757 548 834 preccs‘
558 761 636 814 tuae
648 749 742 832 quasi
760 758 875 814 tenent
893 769 955 828 me,
977 770 1114 815 manum
1132 769 1241 814 meam
1259 751 1405 816 retinent
1420 753 1589 817 orationes
1606 763 1691 818 tuae.
1709 755 1785 836 Ego

429 855 529 920 mitto
562 854 731 934 sagittam,
759 852 856 918 mitto
890 854 1017 919 iacula:
1042 864 1076 919 et
1107 855 1275 919 orationes
1302 865 1380 921 tuae
1409 866 1589 940 protegunt
1615 858 1786 941 populum.

431 956 574 1020 Dimitte
594 976 656 1034 me,
672 965 709 1020 ut
725 959 909 1039 percutiam
926 959 1087 1041 populum
1116 959 1225 1024 istum.
1242 957 1419 1044 Simulque
1436 959 1645 1026 considerate
1662 963 1786 1026 miseri-

429 1062 577 1127 cordiam
596 1063 669 1128 Dei.
693 1061 839 1146 Quando
854 1064 945 1142 dicit,
963 1064 1106 1130 Dimitte
1132 1084 1194 1141 me,
1209 1065 1357 1131 ostendit
1384 1066 1463 1146 quia
1480 1065 1507 1128 si
1534 1085 1600 1129 non
1624 1067 1787 1132 dimiserit
1825 1081 1839 1134 5

431 1166 578 1249 Moyses,
595 1165 688 1230 Deus
705 1186 770 1229 non
788 1170 939 1247 percutit.
957 1167 993 1234 Si
1010 1188 1090 1250 ergo
1102 1177 1138 1232 tu
1152 1188 1217 1232 non
1230 1169 1407 1247 dimiseris,
1417 1191 1481 1254 ego
1498 1191 1565 1236 non
1582 1174 1787 1255 percutiam:

430 1270 563 1334 dimitte
580 1291 644 1348 me,
658 1281 691 1335 et
707 1271 900 1354 percutiam.
919 1271 998 1336 Alio
1014 1293 1094 1355 ergo
1109 1292 1231 1355 genere
1247 1274 1327 1357 quid
1345 1275 1451 1339 dicit?
1469 1275 1547 1339 Noli
1560 1276 1738 1354 dimittere,
1754 1287 1787 1341 et

431 1393 499 1437 non
516 1375 707 1456 percutiam.
725 1375 909 1441 Videamus
935 1377 960 1440 si
988 1378 1052 1441 hoc
1068 1377 1165 1460 ipsud
1183 1377 1296 1441 fecerit
1321 1389 1355 1444 et
1372 1378 1541 1444 Samuhel.
1570 1380 1731 1463 Legimus
1754 1382 1787 1444 in

433 1479 628 1562 Regnorum
653 1481 754 1558 libris,
770 1484 848 1565 quia
869 1482 951 1545 iram
970 1482 1033 1545 Dei
1055 1481 1261 1564 prohibuerit
1278 1483 1468 1547 venientem
1494 1503 1595 1566 super
1616 1476 1788 1565 populum,

433 1585 590 1666 quoniam
607 1585 690 1651 etin
706 1596 858 1668 tempore
874 1587 989 1650 messis
1007 1585 1120 1651 iecerit
1144 1586 1291 1668 pluviam
1310 1595 1344 1651 et
1360 1586 1508 1652 tonitrua
1524 1597 1558 1652 et
1579 1587 1729 1652 fulmina.
1743 1588 1787 1651 Et
1811 1605 1842 1642 ιο

432 1689 523 1770 quid,
539 1688 655 1772 inquit,
666 1691 710 1754 ibi
727 1693 887 1774 scripturn
905 1691 979 1754 est?
995 1691 1059 1754 ‘Et
1078 1702 1247 1770 venerunt,
1264 1692 1373 1775 inquit
1390 1692 1444 1770 ibi,
1461 1693 1590 1775 lapides
1605 1693 1789 1776 grandinis,
1851 1732 1859 1748 ·

432 1802 467 1856 et
492 1804 722 1875 percusserunt
747 1794 977 1878 Allophylos.'
1004 1795 1092 1859 Vide
1117 1815 1219 1878 quam
1246 1796 1380 1878 sapiens
1408 1797 1504 1878 ignis,
1528 1816 1628 1879 quarn
1655 1800 1788 1880 sapiens

433 1900 571 1979 grando.
600 1898 667 1963 Ubi
692 1898 852 1964 Samuhel
879 1909 959 1977 e'rat,
984 1899 1124 1966 fulmina
1150 1921 1216 1965 non
1246 1901 1371 1965 audent
1398 1902 1531 1967 venire:
1558 1904 1674 1967 vident
1698 1903 1786 1968 enim

433 2001 630 2083 prophetam
643 1989 716 2078 Dei,
729 2003 842 2067 vident
855 2005 998 2069 levitam.
1011 2004 1132 2068 Manus
1147 2003 1336 2070 Samuhelis
1357 2004 1572 2086 minabantur
1588 2005 1788 2071 fulminibus.

436 2105 496 2170 Ille
506 2106 632 2184 orabat,
642 2118 675 2170 et
693 2107 832 2172 fulmina
843 2109 954 2172 venire
967 2128 1033 2171 non
1051 2117 1215 2191 poterant.
1229 2109 1305 2172 Hoc
1317 2119 1431 2172 autem
1449 2119 1558 2175 toturn
1571 2131 1675 2192 quare
1690 2111 1790 2174 dixi?
1812 2129 1842 2180 ¹5

434 2209 602 2293 Quoniam
631 2223 663 2276 et
681 2213 816 2296 Moyses
844 2222 877 2276 et
894 2214 1008 2277 Aaron
1035 2221 1068 2277 et
1087 2213 1247 2279 Samuhel
1275 2214 1415 2278 diversis
1438 2213 1629 2278 nominibus
1654 2212 1787 2278 easdem

434 2314 539 2379 fecere
555 2317 693 2380 virtutes
711 2317 755 2381 Et
772 2317 1008 2406 benedicamus
1020 2319 1205 2382 Dominum
1223 2319 1293 2382 :cui
1311 2321 1353 2382 sit
1369 2317 1476 2400 gloria
1489 2319 1521 2381 in
1535 2317 1667 2382 saecula
1678 2338 1789 2384 saecu·

320 2431 325 2438 ’
434 2417 549 2483 Ιοιιιιιι.
572 2420 692 2483 Amen.

902 2574 977 2647 DE
1010 2574 1234 2649 PSALMO
1267 2577 1308 2650 C.

477 2775 741 2840 Misericordiam
757 2787 789 2842 el
810 2778 967 2841 indicium
986 2779 1119 2842 cantabo
1134 2778 1196 2841 libi
1212 2777 1358 2842 Domine.
1377 2779 1639 2844 Misericordiam
1653 2781 1790 2845 audiant
1811 2806 1845 2843 20

436 2895 625 2962 peccatores
649 2883 704 2964 qui
728 2883 957 2964 desperantde
973 2903 1033 2946 sua
1049 2883 1164 2962 salute,
1176 2884 1231 2967 qui
1248 2885 1374 2947 suntin
1391 2885 1617 2966 paenitentia;
1634 2885 1791 2948 iudicium

435 2987 573 3049 audiant
593 2996 849 3069 contemptores,
872 2988 928 3070 qui
952 2988 1093 3051 dicunt:
1118 2987 1306 3052 Misericors
1331 2999 1382 3052 est
1406 2987 1581 3066 Dominus,
1606 3008 1790 3072 peccemus,

437 3087 588 3170 indulget
603 3090 708 3154 nobis.
1229 3141 1230 3146 .

481 3194 632 3257 Psallam
647 3204 678 3258 et
694 3195 877 3276 intellegam
895 3196 929 3259 in
941 3195 1001 3280 'iria
1014 3187 1222 3261 irmracu'lala.
1235 3193 1283 3260 Ut
1296 3196 1467 3278 intellegat
1479 3195 1554 3279 quis
1567 3197 1656 3279 quod
1673 3197 1794 3280 psallit,

438 3309 470 3362 et
497 3318 614 3362 sensus
636 3300 738 3381 ipsius
759 3301 1003 3382 contempletur
1023 3298 1198 3380 psalmum,
1217 3308 1254 3363 ut
1278 3319 1344 3364 non
1370 3309 1508 3382 vagetur
1529 3319 1623 3363 mens
1642 3300 1738 3377 foras,
1760 3311 1793 3365 et
1813 3334 1844 3385 ²5

438 3422 575 3486 corpore
590 3404 725 3484 quidem
742 3403 894 3467 videatur
909 3401 1057 3484 psallere,
1079 3421 1172 3466 mens
1196 3411 1308 3465 autem
1329 3402 1400 3465 sine
1417 3402 1523 3468 fructu
1539 3404 1591 3468 sit.
1606 3403 1648 3467 In
1665 3404 1721 3467 aia
1744 3403 1793 3468 in·

439 3507 622 3571 maculata:
649 3516 684 3570 ut
715 3505 890 3570 ambulans
922 3507 953 3569 in
985 3507 1049 3571 hoc
1074 3507 1210 3569 mundo'
1225 3506 1310 3570 iuste
1336 3525 1446 3588 agam,
1472 3516 1505 3570 et
1534 3506 1699 3570 maculam
1728 3526 1792 3570 non

439 3603 590 3675 habeam.
609 3608 747 3688 Quando
766 3610 873 3673 veniis
887 3610 935 3674 ad
947 3611 1029 3674 nie?
1050 3608 1196 3692 Quando
1216 3617 1328 3674 autem
1352 3609 1558 3676 intellectum
1582 3631 1746 3695 recepero,
1761 3622 1795 3676 et

441 3716 525 3779 iuste
542 3736 650 3798 egero,
666 3726 745 3779 tunc
761 3735 837 3778 cum
855 3713 991 3778 fidentia
1006 3715 1082 3778 dico
1097 3715 1140 3778 ad
1155 3715 1355 3779 Dominum:
1368 3712 1516 3795 Quando
1532 3715 1643 3778 venies
1656 3716 1697 3779 ad
1716 3721 1795 3781 mei

451 3819 564 3886 Venias
579 3830 702 3895 autem,
717 3821 759 3882 de
775 3819 922 3883 secundo
938 3819 1007 3882 eius
1022 3819 1168 3882 adventu
1185 3818 1415 3901 accipiendum
1433 3827 1492 3884 est.
1566 3807 1568 3834 ⁷
1814 3857 1848 3907 30

475 3991 818 4057 3pralcguul1proteganlB.
887 3989 1035 4055 Si'psrrdJC
1050 4001 1059 4038 1
1074 4005 1108 4040 ιιι.
1123 3989 1259 4054 G5ipsuru
1272 3990 1560 4058 nummasii.
1632 4006 1662 4043 10
1663 3995 1795 4060 fulmina]

432 4077 552 4142 flumina
564 4075 619 4136 AB,
634 4075 696 4126 CPS
707 4082 795 4138 postea
807 4073 942 4122 emendati.
1015 4084 1042 4120 12
1055 4070 1134 4136 agrius]
1144 4073 1223 4123 imber
1234 4073 1260 4124 S.
1332 4085 1361 4134 14
1373 4071 1486 4134 levilam]
1497 4075 1595 4125 levi'lem
1608 4076 1635 4126 S.
1714 4075 1743 4125 16
1754 4093 1795 4126 iro·

442 4155 562 4218 rarioribus]
575 4159 592 4206 S
605 4158 678 4206 inser.
691 4156 812 4219 elsrgnis.
901 4164 928 4215 17
941 4155 984 4203 rui
993 4155 1028 4203 sil
1034 4155 1128 4218 gloria]
1139 4170 1188 4205 om.
1204 4155 1257 4205 GP.
1345 4167 1374 4217 19
1386 4163 1431 4204 Da
1446 4163 1576 4205 PSALMO
1591 4157 1619 4220 C]
1631 4158 1656 4209 in
1670 4159 1797 4209 Breviario

441 4244 602 4304 col.1193·4.
676 4253 711 4294 22
725 4239 923 4302 Dominuslom.
938 4240 968 4289 C.
1045 4253 1076 4304 23
1089 4238 1370 4304 r'naalgotmndugne
1382 4259 1390 4301 ;
1403 4239 1540 4303 infulgebit
1553 4238 1576 4307 β.
1655 4242 1795 4306 upsallit]

436 4325 643 4390 psallechorr;
650 4325 745 4388 psallat
757 4323 785 4372 C.
855 4334 885 4386 25
898 4323 1064 4384 nan]uunB.
1134 4323 1211 4384 niens]
1225 4321 1239 4388 β
1252 4323 1310 4373 add.
1322 4323 1383 4372 eires.
1453 4321 1484 4371 28
1497 4321 1615 4386 recepero]
1627 4325 1733 4388 reciprro
1744 4325 1793 4374 BC.

442 4419 473 4470 29
484 4405 664 4472 cumfirlmlia]
676 4405 763 4470 scripsi
773 4423 780 4464 ;
791 4405 939 4468 confidentia
952 4406 971 4455 C
975 4406 1010 4464 P,
1027 4403 1200 4470 rorrfirlculiam
1214 4405 1258 4454 BG
1271 4422 1278 4464 ;
1296 4420 1352 4453 curn
1363 4403 1511 4470 consideratio
1524 4405 1541 4455 S
1553 4423 1561 4465 3
1573 4405 1732 4469 currifidncia
1745 4403 1793 4474 βΑ.

442 4489 505 4552 dira]
516 4490 597 4538 diram
610 4490 643 4540 G.

483 4626 510 4682 8.
527 4626 559 4682 in
584 4625 751 4699 Regnorum
776 4618 872 4701 libris]
902 4641 913 4679 1
944 4622 1017 4696 Reg.
1050 4639 1093 4691 ιι,
1149 4701 1164 4760 I
1192 4616 1433 4700 12.Allapliylos]
1452 4618 1523 4679 ibid.
1551 4639 1575 4680 c
1602 4636 1627 4694 7,
1644 4639 1669 4678 v.
1690 4637 1732 4678 ιο.
1751 4619 1796 4680 Cf.

448 4725 480 4780 ¹i
498 4723 561 4781 sqq.
1166 4719 1208 4760 os.
1230 4721 1273 4773 ro,
1294 4721 1336 4760 ιιι
1832 4715 1838 4724 ·
