4154 5494
656 445 910 508 'funeratus
935 447 991 505 nu
1014 447 1181 509 Psalmo
1203 449 1267 510 cv,
1559 445 1628 529 ¹7¹

278 665 486 751 prodidisset,
506 666 677 750 quomodo
694 686 754 730 nos
775 666 1013 734 salvabamur?
1039 666 1157 732 Sinon
1183 666 1299 731 ludaei
1324 664 1577 741 crucifixissent,
1600 672 1632 730 et

278 771 436 835 increduli
460 770 609 847 fuissent,
627 771 799 854 quomodo
820 791 880 833 nos
899 771 1135 835 credebamus?
1157 771 1278 854 loseph
1294 792 1375 855 ergo
1392 771 1451 836 ivit
1467 772 1499 834 in
1520 769 1633 852 Aegy-

279 887 382 961 ptum,
397 896 594 959 praeparare
610 875 792 958 hospitium
809 885 843 940 et
858 875 1018 942 alimenta
1035 876 1191 940 iratribus
1208 877 1283 940 suis.

322 977 423 1044 Misit
442 989 518 1044 ante
538 1001 589 1043 eos
606 980 724 1044 virum.
752 980 867 1063 Ipsum
888 982 968 1046 dicit
992 983 1122 1064 loseph.
1147 982 1187 1044 Iu
1211 1002 1343 1045 seruum
1366 978 1572 1044 venundatus
1589 987 1637 1042 est

247 1101 262 1154 5
279 1083 395 1166 Ioseph.
414 1084 504 1148 Bene
521 1094 619 1150 natus
636 1095 668 1148 et
685 1095 820 1150 sanctus
836 1086 885 1150 vir
901 1086 1061 1151 venditur.

321 1189 598 1254 Humiliaverunt
612 1188 646 1252 in
661 1189 847 1274 conpedibus
851 1190 949 1274 pedes
962 1191 1040 1256 eius.
1053 1190 1141 1276 Quia
1155 1191 1260 1256 noluit
1276 1192 1461 1256 consentire
1478 1191 1635 1256 dominae

279 1294 477 1378 Aegyptiae.
505 1293 781 1362 Humiliuvenent
804 1296 839 1359 in
865 1295 1051 1378 conpedibus
1070 1295 1168 1378 pedes
1188 1296 1270 1360 eius:
1287 1298 1344 1360 sed
1368 1317 1433 1360 non
1455 1305 1632 1378 potuerunt

279 1401 437 1464 iustitiam
461 1399 643 1464 humiliare.
666 1398 819 1464 Sedecim
846 1400 933 1464 enim
954 1419 1118 1465 annorum
1140 1419 1215 1464 cum
1233 1408 1329 1476 esset,
1349 1401 1526 1464 adamatus
1542 1409 1593 1464 est
1614 1421 1632 1463 a

278 1506 423 1582 domina,
443 1513 477 1569 et
497 1503 530 1568 in
557 1503 615 1567 tali
635 1513 746 1568 aetate
767 1503 977 1580 constitutus,
1001 1524 1087 1587 quae
1113 1505 1220 1587 magis
1247 1505 1410 1588 voluptati
1436 1505 1549 1570 dedita
1575 1514 1634 1581 est,

230 1626 261 1664 10
277 1607 383 1673 noluit
398 1606 585 1672 consentire
601 1606 777 1690 iniquitati,
794 1607 850 1671 sed
876 1609 983 1690 magis
999 1609 1111 1673 timuit
1133 1608 1314 1692 periculum
1331 1609 1473 1674 animae.
1493 1609 1634 1672 Ferrum

269 1711 489 1795 pertransivit
516 1711 631 1776 anima
659 1710 737 1776 eius.
769 1711 905 1777 Ferrum
932 1713 1040 1795 ipsum
1068 1713 1149 1776 dicit
1180 1723 1364 1795 peccatum,
1395 1713 1484 1795 quod
1511 1712 1633 1776 occidit

276 1819 430 1882 animam.
448 1815 571 1880 Aliter:
587 1816 665 1898 quia
683 1815 714 1878 in
733 1815 879 1897 periculo
894 1825 974 1892 erat,
986 1827 1160 1880 accusatus
1175 1817 1345 1880 adomina
1361 1817 1393 1878 in
1411 1815 1469 1879 tali
1488 1814 1633 1881 crimine.

277 1922 429 1986 Ardebat
445 1921 533 1984 enim
555 1919 692 1984 domina
709 1919 742 1982 in
759 1939 845 1994 eum,
866 1919 951 1984 sicut
968 1921 1126 2003 scriptum
1153 1923 1241 1985 est2‘
1262 1918 1391 1985 Omnes
1407 1918 1634 1984 adulterantes

276 2027 361 2091 sicut
375 2025 525 2090 clibanus
542 2026 643 2088 corda
659 2025 805 2107 ipsorum
817 2024 832 2090 ’.
849 2023 958 2088 Donec
976 2025 1102 2088 veniret
1115 2025 1247 2089 uerbum
1269 2024 1346 2089 eius.
1364 2023 1512 2088 Verbum
1530 2025 1633 2107 ipsius

229 2146 259 2202 ¹5
278 2131 414 2196 Domini
430 2129 521 2206 dicit,
535 2128 592 2211 qui
609 2147 686 2192 eum
705 2126 864 2194 liberavit.

317 2234 494 2319 Eloquium
506 2231 646 2297 Domini
655 2231 880 2317 inflammavit
889 2252 970 2296 eum.
984 2232 1057 2297 Nisi
1068 2233 1157 2297 enim
1171 2231 1396 2296 inflammatus
1408 2243 1495 2296 esset
1507 2231 1633 2316 Spiritu

275 2349 400 2416 sancto,
416 2357 482 2403 non
497 2346 628 2421 poterat
646 2336 817 2402 libidinem
840 2336 979 2402 vincere.
997 2336 1140 2420 Spiritus
1152 2337 1241 2400 enim
1259 2336 1397 2400 Domini
1414 2335 1634 2401 inflammavit

275 2465 365 2522 eum,
394 2455 427 2509 et
459 2443 607 2507 extinxit
629 2443 740 2524 ignem
766 2440 921 2506 libidinis.
946 2441 1048 2505 Misit
1075 2461 1136 2517 ren,
1162 2451 1193 2505 et
1213 2440 1311 2504 solvit
1333 2463 1414 2506 eum.
1440 2440 1633 2506 Secundum

277 2550 431 2626 litteram,
462 2548 592 2612 Pharao
617 2547 716 2624 misit,
741 2555 775 2612 et
800 2545 899 2610 soluit
925 2567 1011 2610 eum.
1038 2546 1172 2610 Aliter:
1200 2546 1226 2608 si
1253 2545 1373 2628 aliquis
1405 2554 1588 2627 temptatur
1614 2565 1634 2609 a

226 2673 259 2710 ιο
278 2653 422 2729 libidine,
439 2651 501 2714 nisi
529 2650 696 2714 Dominus
723 2651 914 2732 apparuerit
930 2659 963 2713 et
989 2649 1123 2714 solverit
1151 2671 1237 2724 eum,
1265 2670 1331 2714 non
1360 2660 1472 2732 potest
1496 2648 1634 2732 elingire

277 2767 461 2840 peccatum.

320 2859 366 2922 Et
380 2855 473 2922 Iacob
495 2857 683 2937 accolnsuit
702 2856 842 2920 interra
864 2855 975 2922 Citam.
999 2857 1192 2940 Numquam
1215 2857 1303 2921 enim
1328 2857 1432 2922 iustus
1453 2857 1632 2922 habitatin

277 2975 371 3037 terra,
386 2964 445 3026 sed
462 2961 576 3027 accola
591 2971 642 3024 est
658 2970 772 3026 terrae.

319 3067 367 3130 Et
379 3067 476 3130 auxit
479 3065 635 3147 populum
646 3085 743 3128 sirum
756 3065 962 3130 veliementer.
975 3063 1144 3148 Quoniam
1162 3065 1195 3129 in
1209 3065 1423 3148 septuaginta
1439 3076 1472 3130 et
1487 3066 1636 3149 quinque

227 3193 258 3245 25
277 3170 452 3234 animabus
476 3169 719 3232 descenderunt
750 3167 783 3230 in
816 3167 1023 3250 Aegyptum,
1053 3178 1087 3234 et
1114 3179 1274 3232 sexcenta
1296 3167 1387 3232 milia
1409 3171 1562 3234 exierunt
1593 3170 1636 3234 de

278 3273 447 3358 Aegypto.

734 3421 810 3497 DE
842 3421 1066 3497 PSALMO
1096 3423 1175 3500 CV.

319 3627 467 3694 Alleluia
496 3625 639 3691 alleluia.
672 3625 770 3688 Hanc
802 3623 951 3706 regulam
982 3625 1144 3688 debemus
1177 3635 1299 3704 tenere,
1330 3629 1530 3714 ubicumque
1567 3632 1635 3696 duo

312 3825 322 3862 t
339 3807 498 3878 prodidisset]
512 3809 662 3875 peruadunt
681 3809 709 3858 B.
809 3809 981 3871 subdamur}
997 3810 1185 3860 salvabimurP
1200 3823 1209 3860 1
1225 3827 1249 3861 m
1260 3829 1268 3872 ς
1280 3813 1439 3863 salvaremur
1450 3811 1474 3881 β,
1490 3815 1575 3879 Psup.
1589 3813 1634 3864 lin.

279 3893 648 3955 acredelrarnurlrrederrurus
670 3889 693 3958 β.
796 3891 891 3954 Ioseph]
910 3892 979 3956 Iosep
998 3891 1096 3942 Ccorr.
1198 3895 1299 3957 §Bene
1317 3896 1404 3959 narras]
1428 3897 1592 3948 l'rnundatus
1603 3896 1633 3946 C.

277 3978 407 4040 venditur]
418 3975 536 4026 venditus
548 3975 569 4026 C
580 3992 588 4034 ;
599 3973 713 4024 uinditor
725 3974 754 4024 B.
838 3970 930 4031 deins]
942 3974 960 4024 S
972 3974 1030 4024 add.
1038 3975 1119 4040 ferro.
1202 3987 1227 4026 ιι
1240 3977 1340 4038 anima]
1352 3977 1426 4028 codd.
1441 3973 1516 4042 (gni
1530 3973 1617 4046 ψυχή)
1628 3995 1635 4036 3

277 4061 389 4108 aniruam
403 4055 427 4126 β.
532 4053 908 4120 typoteratlpotnerathorr.
1012 4054 1175 4118 18extinxit]
1191 4057 1314 4106 extincxit
1326 4059 1377 4110 BP.
1480 4059 1636 4122 aoeffugire]

277 4139 380 4205 effugm
393 4138 462 4206 βΒΡ.
541 4149 573 4188 22
584 4133 674 4196 accola]
685 4138 900 4196 acolnC;acculu
914 4138 1064 4198 BS;incola
1077 4139 1131 4188 GP.
1216 4153 1247 4205 23
1259 4142 1348 4206 accola]
1359 4143 1568 4200 acola832'nroln
1580 4141 1636 4192 GP.

277 4226 368 4288 terrae]
380 4227 409 4275 in
420 4231 488 4274 terra
502 4224 530 4274 B.
631 4234 662 4286 25
673 4224 702 4273 de
714 4223 832 4287 Aegypto]
846 4225 983 4289 Hucusque
996 4225 1167 4289 Hieronymus
1177 4243 1185 4285 ς
1195 4239 1261 4291 quae
1272 4235 1355 4274 autem
1368 4224 1394 4274 iu
1412 4223 1541 4273 Breviario
1552 4237 1636 4287 super-

277 4319 342 4369 sunt,
356 4308 420 4358 inter
437 4307 599 4372 suppositicia
620 4307 720 4356 habeto.
823 4317 853 4368 27
866 4313 911 4352 DE
925 4313 1057 4354 PSALMO
1070 4307 1123 4368 CV]
1137 4308 1213 4358 initio
1224 4323 1280 4358 cum
1294 4305 1422 4356 Breviorio
1433 4303 1577 4361 concordat,
1591 4304 1635 4354 sed

276 4392 387 4442 clausula
406 4389 511 4442 omnino
529 4388 622 4448 differt,
641 4397 666 4439 ct
685 4391 718 4438 ab
736 4389 953 4453 interpolamentis
971 4390 1089 4440 immunis
1108 4399 1155 4450 est,
1176 4391 1269 4454 quibus
1286 4397 1385 4454 praeter
1405 4387 1507 4436 modum
1526 4385 1634 4438 teudo

280 4473 449 4538 Hieronymus
468 4471 585 4522 exerevit·
689 4469 720 4518 28
740 4470 897 4534 ubicumque]
916 4477 946 4520 ut
965 4471 1112 4536 ubicumque
1133 4472 1161 4521 P.

323 4658 367 4710 14.
381 4630 522 4714 ipsorum]
537 4633 599 4696 Ose
616 4651 642 4707 7,
657 4654 685 4705 4.
982 4633 1145 4694 menteriol.
1163 4652 1189 4710 p.
1209 4651 1254 4710 77,
1270 4635 1287 4694 l.
1308 4653 1339 4692 11
1357 4652 1421 4710 sqq.

323 4721 367 4778 28.
392 4715 623 4792 Hancregularn
638 4709 709 4793 etc]
731 4715 819 4776 Conl.
842 4715 930 4776 Com·
