4154 5494
439 393 516 500 196
810 416 840 476 s.
865 416 1118 478 russonum
1141 417 1406 484 pressurum

433 635 560 717 aliquid
576 643 693 700 contra
718 633 853 700 fratrem
875 644 1032 712 vestrum,
1052 655 1184 718 semper
1207 657 1268 720 pro
1284 638 1357 721 ipso
1382 637 1512 703 debetis
1530 655 1649 720 rogare
1670 635 1791 700 Deum.

436 738 602 802 Dominus
617 736 827 820 crucifigitur,
840 749 874 801 et
889 758 951 821 pro
966 735 1235 822 crucifigentibus
1245 749 1349 824 rogat
1365 741 1437 808 Vos
1447 750 1559 806 autem
1576 739 1603 805 si
1619 737 1792 804 audieritis

434 841 571 907 verbum
600 839 734 917 malum,
759 861 800 904 ne
827 843 969 906 teneatis
996 841 1087 906 iram.
1108 842 1191 908 ‘Sol
1217 863 1282 908 non
1308 845 1440 910 occidat
1462 863 1563 928 super
1585 841 1790 907 iracundiam

434 945 604 1011 vestram!
619 945 667 1007 Et
681 944 871 1026 operiantur
888 945 973 1008 sicut
994 945 1166 1028 diploidem
1180 948 1398 1028 confusionem
1412 969 1516 1012 suam.
1539 945 1671 1031 Diplois
1686 963 1792 1028 genus

434 1060 484 1115 est
501 1049 612 1132 pallii:
628 1049 771 1132 denique
787 1059 821 1113 et
837 1051 869 1112 in
887 1049 1041 1114 hebraico
1058 1064 1151 1114 MAIL
1177 1053 1306 1118 dicitur.
1323 1051 1456 1135 Diplois
1471 1052 1555 1130 ideo,
1570 1049 1649 1134 quia
1663 1048 1791 1133 duplex
1828 1064 1843 1119 5

434 1165 484 1219 est
501 1155 647 1237 pallium.
659 1154 838 1236 Propterea
853 1154 1003 1236 egodico
1018 1155 1078 1220 ribi
1093 1155 1253 1222 Domine:
1270 1157 1394 1221 inimici
1412 1157 1476 1220 mei
1489 1164 1567 1219 sunt
1578 1153 1703 1232 ludaei,
1720 1173 1792 1236 per·

435 1261 537 1324 secuti
555 1268 632 1323 sunt
649 1279 711 1338 me,
726 1257 962 1322 crucifixerunt
990 1279 1051 1336 me,
1067 1258 1215 1325 lecerunt
1236 1260 1316 1324 mibi
1333 1261 1446 1324 omnia
1466 1259 1562 1336 mala,
1581 1257 1791 1340 blasphema·

436 1373 554 1428 verunt
570 1384 638 1428 me:
656 1363 792 1446 indulge
808 1362 881 1439 illis,
897 1362 1056 1445 quoniam
1073 1383 1146 1446 ego,
1161 1364 1218 1447 qui
1235 1384 1351 1448 passus
1367 1383 1451 1442 sum,
1467 1383 1549 1447 rogo
1565 1382 1625 1446 pro
1641 1361 1729 1444 ipsis.
1749 1359 1791 1423 Et

435 1468 515 1552 quid
543 1473 649 1550 rogo?
672 1468 867 1532 erubescant
901 1476 935 1531 et
960 1468 1217 1546 confundantur,
1242 1479 1276 1533 et
1301 1471 1347 1534 sic
1377 1469 1554 1535 salventur.
1587 1467 1676 1533 Nudi
1704 1475 1792 1541 sunt,

435 1573 582 1636 tunicam
601 1591 710 1634 mearn
728 1571 949 1654 perdiderunt
968 1571 1021 1634 Da
1037 1570 1100 1636 illis
1116 1572 1355 1652 confusionem,
1370 1576 1415 1638 da
1430 1573 1494 1638 illis
1516 1571 1745 1656 ignominiam,
1760 1579 1793 1635 et
1814 1588 1846 1626 ¹0

436 1675 582 1739 habeant
597 1675 724 1757 duplex
741 1673 969 1756 pallium:hoc
986 1685 1045 1754 est,
1062 1695 1105 1740 ne
1119 1675 1304 1758 simplicem
1321 1677 1467 1742 habeant
1483 1675 1723 1753 confusionem,
1735 1674 1793 1739 sed

436 1777 615 1860 duplicem,
631 1788 667 1841 ut
694 1777 800 1860 magis
820 1789 923 1860 agant
944 1779 1195 1861 paenitentiam.
1219 1779 1297 1845 Non
1318 1781 1400 1845 dicit
1422 1788 1539 1843 contra
1564 1779 1715 1856 ludaeos,
1736 1777 1793 1844 sed

438 1903 499 1965 pro
515 1883 594 1965 ipsis
610 1881 700 1945 dicit.
717 1881 855 1948 Creator
870 1883 959 1948 enim
977 1893 1028 1948 est
1043 1894 1077 1948 et
1088 1883 1220 1948 illorum
1237 1891 1271 1947 et
1288 1895 1414 1948 noster:
1431 1903 1497 1946 non
1509 1901 1567 1945 eos
1577 1881 1716 1946 omnino
1726 1901 1795 1946 era-

438 1987 568 2052 dicavit.
592 1985 704 2050 Vultis
721 1985 832 2050 scire?
856 1986 973 2053 Petrus
988 2009 1033 2052 ex
1050 1987 1130 2071 ipsis
1146 1999 1225 2066 erat,
1243 1987 1366 2051 Paulus
1382 2007 1426 2050 ex
1443 1987 1522 2070 ipsis
1538 1995 1618 2064 erat,
1629 1994 1663 2050 et
1679 2003 1796 2050 omnes

438 2089 581 2173 apostoli
598 2109 642 2154 ex
659 2090 739 2172 ipsis
755 2098 858 2155 erant.
874 2091 946 2154 Nos
963 2091 995 2153 in
1020 2090 1164 2155 radicem
1182 2091 1328 2173 ipsorum
1353 2091 1466 2154 inserti
1484 2109 1615 2168 sumus;
1632 2108 1692 2153 nos
1713 2089 1794 2154 rami
1817 2110 1847 2163 ις

439 2215 562 2273 sumus,
577 2195 624 2258 illi
648 2194 753 2258 radix.
770 2193 847 2258 Non
865 2194 1025 2259 debemus
1048 2194 1246 2260 maledicere
1262 2194 1436 2274 radicibus,
1451 2197 1509 2260 sed
1526 2193 1688 2260 debemus
1702 2215 1796 2262 orare

439 2322 500 2384 pro
528 2299 693 2364 radicibus
718 2299 848 2364 nostris.
872 2296 939 2380 Qui
964 2299 1077 2363 inserti
1105 2318 1220 2364 sumus
1245 2301 1279 2363 in
1305 2300 1461 2378 radicem,
1486 2301 1703 2384 deprecemur
1726 2300 1796 2365 Do-

440 2405 578 2480 minum,
605 2412 641 2466 ut
668 2403 763 2466 sicuti
791 2404 873 2467 rami
901 2402 982 2467 salvi
1008 2413 1094 2481 sunt,
1118 2403 1164 2468 sic
1189 2413 1222 2468 et
1249 2404 1346 2468 radix
1371 2405 1523 2469 salvetur.
1548 2404 1649 2470 Forte
1677 2404 1797 2490 aliquis

440 2507 551 2571 dicat:
578 2508 630 2570 Tu
656 2527 716 2589 pro
747 2507 878 2571 Iudaeis
894 2527 978 2586 oras,
993 2528 1054 2590 pro
1081 2506 1307 2590 blasphemis?
1324 2508 1394 2573 Oro
1412 2508 1595 2573 Dominum
1620 2528 1681 2590 pro
1697 2506 1797 2592 ipsis:

441 2613 467 2676 si
496 2612 583 2676 enim
612 2613 684 2694 ipse
710 2621 957 2694 persecutorum
986 2631 1121 2676 suorum
1146 2611 1327 2689 miseretur,
1342 2621 1469 2695 quanto
1495 2611 1601 2697 magis
1618 2612 1683 2677 mei
1699 2612 1796 2677 mise·
1815 2637 1850 2674 ιο

441 2722 553 2780 retur?

487 2819 665 2904 Corrfitebor
677 2819 820 2884 Domino
836 2818 936 2884 nimis
952 2820 1052 2885 inore
1064 2841 1137 2884 meo.
1157 2821 1233 2884 Hoc
1251 2831 1327 2903 post
1337 2821 1610 2885 resurrectionem
1623 2817 1753 2896 dicitur,
1764 2829 1799 2885 et

440 2927 483 2990 de
500 2926 610 2990 lutura
625 2923 764 2989 ecclesia
774 2932 935 3016 cantatur.
952 2923 1000 2988 Et
1014 2925 1048 2987 r‘rr
1065 2923 1168 2988 medio
1181 2924 1356 2988 multorum
1371 2922 1601 2989 laudaboeum.
1618 2923 1696 2988 Non
1708 2923 1796 2988 enim

441 3032 473 3094 in
493 3030 618 3095 Iudaea
634 3030 752 3106 solum,
767 3029 825 3092 sed
843 3029 874 3091 in
894 3029 1047 3093 universo
1063 3029 1152 3107 orbe,
1168 3030 1200 3092 in
1217 3029 1355 3094 ecclesia
1380 3028 1524 3094 laudabo
1540 3039 1582 3094 te.

487 3133 575 3212 Quia
599 3134 708 3196 astitit
731 3153 753 3196 a
776 3131 900 3196 dextris
915 3133 1079 3215 pauperis.
1104 3132 1266 3197 Diabolus
1291 3133 1332 3196 ad
1358 3133 1534 3197 dexteram
1564 3132 1668 3198 Iudae
1694 3132 1798 3197 stetit:
1816 3158 1849 3210 ις

440 3248 586 3302 ceterum
604 3237 684 3300 mihi
702 3237 869 3301 Dominus
884 3237 977 3301 stetit
993 3238 1034 3300 ad
1046 3237 1230 3301 dexteram.
1253 3236 1299 3301 Ut
1311 3235 1798 3319 salvnrnfaceretapersequen·

441 3340 527 3405 tibus
541 3340 689 3404 animam
706 3361 818 3406 meam.
835 3341 1007 3418 Animam,
1023 3341 1139 3425 inquit,
1154 3341 1304 3405 salvabit.
1322 3341 1366 3404 Et
1382 3340 1461 3404 alibi
1482 3339 1577 3404 dicit:
1593 3339 1732 3405 ‘Tristis
1748 3349 1799 3405 est

441 3448 553 3511 anima
571 3467 644 3510 mea
662 3466 766 3530 usque
781 3447 823 3511 ad
842 3445 1011 3511 mortem’
1027 3445 1095 3529 Qui
1112 3446 1214 3510 tristis
1229 3456 1288 3524 est,
1300 3463 1434 3509 sensum
1450 3443 1576 3509 habuit.
1594 3444 1799 3510 Insensibilis

441 3553 529 3616 enim
547 3552 658 3615 anima
668 3571 802 3616 sensum
816 3571 882 3616 non
896 3551 1006 3630 habet,
1017 3550 1215 3614 insensibilis
1231 3551 1343 3615 anima
1354 3567 1421 3612 non
1432 3547 1534 3612 habet
1543 3566 1678 3612 sensum
1692 3567 1800 3632 neque

441 3656 604 3722 dolorem:
622 3655 678 3721 ubi
701 3655 790 3719 enirn
814 3655 910 3719 dolor
932 3665 982 3718 est
1006 3664 1039 3719 et
1062 3653 1204 3731 tristitia,
1227 3653 1272 3717 ibi
1300 3672 1416 3717 sensus
1439 3662 1497 3718 est.
1519 3652 1555 3718 Si
1579 3673 1659 3736 ergo
1680 3652 1799 3718 habuit
1818 3681 1852 3733 3⁰

443 3761 622 3836 tristitiam,
637 3761 664 3822 si
681 3758 796 3822 habuit
813 3758 972 3836 dolorem,
984 3757 1190 3840 ergohabuit
1201 3767 1234 3821 et
1245 3776 1394 3821 sensum:
1410 3776 1487 3821 nam
1504 3776 1620 3822 sensus
1635 3755 1732 3822 dolor
1740 3767 1799 3822 est.

475 3963 491 4008 4
502 3947 633 4012 diploidem
645 3946 811 4011 confusionem
823 3946 905 4009 suom]
917 3945 959 3996 SG
974 3957 1029 3994 Lxx
1041 3961 1049 4004 ;
1060 3945 1166 4008 diploide
1176 3944 1318 4008 confusione
1328 3960 1375 3992 suo
1386 3941 1434 4010 βΑ.
1512 3953 1524 4006 5
1537 3944 1633 4006 MAIL]
1645 3944 1716 3994 maid
1724 3944 1798 3994 codd.

444 4045 460 4093 9
471 4031 547 4080 Nudi
556 4025 626 4087 sunl]
637 4029 800 4079 nudaverunt
811 4045 849 4078 me
862 4027 885 4096 β,
901 4030 923 4078 G
937 4041 951 4078 a
964 4044 997 4077 m.
1011 4043 1066 4092 sup.
1080 4027 1123 4078 lin.
1206 4039 1236 4075 10
1246 4027 1360 4075 tunicam
1373 4026 1463 4087 orcam]
1479 4027 1567 4075 tunica
1579 4042 1632 4076 mea
1646 4025 1670 4094 β.
1742 4033 1799 4091 per·

442 4112 770 4176 dideruntletsrrampcrd.
786 4110 809 4178 β.
915 4110 1016 4173 r3non]
1034 4117 1119 4158 ernon
1132 4109 1148 4158 S
1161 4127 1168 4167 ;
1181 4109 1309 4156 nonenim
1324 4105 1348 4173 β.
1454 4120 1482 4169 14
1497 4108 1593 4158 Paulus
1609 4125 1640 4158 ex
1660 4108 1721 4174 ipsis
1736 4109 1800 4170 erat]

445 4209 495 4244 orn.
511 4191 535 4261 β.
629 4203 656 4254 17
669 4193 699 4242 r'n
710 4189 828 4250 radicem]
840 4191 870 4240 in
880 4192 963 4240 radice
975 4191 1004 4240 C.
1100 4186 1628 4257 18rr'mrr']C;sr'cu!SG;sr'cuthifiAll.
1720 4191 1801 4252 salvi]

447 4275 631 4343 [liusensaclr'.
718 4287 747 4336 19
754 4283 803 4339 pro
813 4271 1060 4340 blasphenrr'qssom.
1069 4272 1238 4337 pr03Badd.
1252 4287 1316 4320 oras.
1403 4271 1463 4333 Oro]
1479 4287 1524 4321 oro
1538 4272 1595 4322 AG.
1681 4279 1801 4337 nuperu-

444 4366 557 4409 cutorum
569 4356 682 4419 summ]
689 4365 865 4423 persecutorem
877 4373 951 4405 suum
964 4357 996 4405 Α.
1081 4355 1215 4416 nrei1meis
1228 4353 1272 4402 BG
1284 4370 1291 4412 ;
1304 4353 1422 4402 incon.
1514 4365 1544 4418 ις
1560 4351 1801 4420 Qur'aotirr'r]qur'a

445 4438 886 4504 adstelr'tCcorr5qur'adsletr'lSG.
972 4435 1003 4486 28
1014 4437 1113 4498 habuit]
1127 4435 1310 4503 βΑΒὸςΙιαὸιί
1321 4435 1377 4485 CG.
1464 4447 1491 4498 31
1506 4450 1663 4486 rrorrrsensrrs
1678 4435 1801 4498 dolorcrl]

445 4525 551 4590 scripsi;
563 4541 614 4574 non
624 4539 709 4574 semus
719 4521 810 4572 doloris
821 4519 887 4570 codd
898 4537 905 4580 ;
917 4519 1008 4569 doloris
1021 4517 1036 4586 β
1050 4520 1110 4580 (orn.
1124 4535 1151 4568 n.
1165 4519 1269 4578 semus).

486 4715 512 4767 4.
531 4690 667 4774 uestram]
684 4695 792 4771 Ephes
810 4713 837 4765 4,
856 4695 899 4750 26.
1190 4682 1435 4766 ruodmanno]
1453 4683 1561 4744 Matth.
1580 4685 1626 4756 26,
1643 4685 1690 4759 38.
