4060 5498
490 426 517 504 8
870 435 898 494 s.
931 431 1186 492 uranouvrn
1217 429 1483 489 Pausav‘rnar

488 647 522 703 et
538 637 629 721 quod
645 635 740 718 impii
767 634 936 698 iudicandi
959 642 1047 710 sunt,
1062 632 1094 694 in
1123 650 1163 695 eo
1189 630 1278 713 quod
1300 628 1443 712 diligant
1467 631 1689 714 iniquitatem,
1715 635 1845 699 oderint

488 741 636 806 animam
652 759 758 805 suam.
775 739 820 803 Et
842 735 1095 821 quodammodo
1109 734 1296 818 syllogismi
1311 744 1466 806 extrema
1493 755 1570 818 pars
1593 737 1745 816 nectitur,
1759 757 1846 822 quae

488 858 627 912 vocatur
641 843 819 909 conclusio.
838 843 934 907 Licet
949 840 1039 904 enim
1057 851 1157 923 neget
1173 860 1209 902 se
1225 839 1299 922 quis
1319 840 1430 903 odisse
1446 840 1593 904 animam
1611 861 1717 920 suam,
1731 851 1844 907 tamen

488 971 533 1016 ex
555 971 596 1015 eo
621 949 709 1032 quod
738 947 847 1031 diligit
875 946 1097 1029 iniquitatem,
1124 964 1198 1007 eam
1224 944 1335 1007 odisse
1360 943 1578 1009 convincitur.
1607 945 1656 1011 Ut
1683 946 1844 1012 Salomon

487 1073 623 1138 quoque
639 1055 672 1117 in
690 1051 878 1118 Proverbiis
894 1049 1060 1134 loquitur:
1085 1048 1172 1132 ‘Qui
1191 1047 1322 1130 repellit
1337 1048 1560 1130 disciplinam,
1576 1050 1649 1114 odit
1672 1051 1818 1135 seipsum
1830 1052 1846 1114 ’.
1864 1069 1876 1122 5

490 1161 527 1226 Si
543 1168 656 1224 autem
673 1157 730 1241 qui
742 1156 851 1239 diligit
865 1154 1077 1238 iniquitatem
1090 1153 1162 1217 odit
1176 1153 1325 1216 animam
1338 1171 1473 1231 suamc
1486 1156 1655 1220 contrario
1667 1156 1724 1239 qui
1737 1155 1846 1239 diligit

488 1264 652 1329 iustitiam
668 1271 760 1326 amat
777 1261 925 1325 animam
942 1277 1049 1335 suam,
1072 1259 1169 1322 iuxta
1200 1256 1302 1321 illud:
1330 1255 1418 1340 ‘Qui
1446 1257 1595 1341 possidet
1623 1262 1847 1342 prudentiam,

489 1369 600 1450 diligit
612 1368 760 1449 seipsum
774 1365 789 1430 ’.
807 1365 910 1430 Unde
925 1373 958 1428 et
988 1362 1144 1428 Salvator
1167 1361 1235 1426 ait:
1260 1361 1348 1445 ‘Qui
1372 1362 1483 1445 diligit
1506 1383 1570 1441 me,
1587 1367 1748 1431 mandata
1772 1385 1846 1430 mea

490 1471 638 1538 custodit
650 1471 667 1536 '.
681 1471 759 1553 lpse
775 1477 826 1533 est
842 1469 968 1552 quippe
985 1467 1122 1532 iustitia.
1139 1466 1211 1530 Nec
1234 1486 1313 1530 vero
1338 1469 1525 1548 putandum
1549 1469 1735 1535 secundum
1763 1471 1846 1554 Sep·

490 1578 646 1660 tuaginta
659 1575 857 1657 interpretes
870 1573 958 1654 quod
970 1571 1173 1636 contrarium
1185 1570 1310 1654 aliquid
1323 1591 1411 1635 nunc
1423 1572 1734 1648 dicatur‚Dominus
1747 1574 1845 1640 inter·
1866 1597 1891 1632 ιο

492 1690 588 1762 rogat
604 1679 729 1743 iustum
742 1689 777 1742 et
796 1678 947 1759 impium,
960 1676 1006 1740 illi
1020 1677 1109 1760 quod
1128 1676 1160 1738 in
1190 1675 1299 1758 primo
1320 1675 1452 1758 psalmo
1478 1677 1652 1742 scribitur‘
1678 1679 1761 1744 ideo
1779 1700 1846 1743 non

491 1793 664 1866 resurgent
675 1783 768 1865 impii
783 1782 815 1845 in
827 1781 970 1846 iudicio’
987 1807 993 1847 :
1009 1781 1088 1864 quia
1104 1781 1276 1863 quomodo
1291 1778 1378 1845 inter
1394 1781 1499 1846 iustos
1516 1783 1562 1845 sic
1579 1791 1613 1847 et
1630 1783 1847 1867 interimpios

491 1889 667 1954 diversitas
683 1897 743 1964 est,
758 1896 791 1950 et
807 1887 893 1951 sicut
909 1885 986 1950 iusti
1002 1883 1196 1948 differentes
1213 1885 1388 1967 possident
1414 1886 1614 1963 mansiones,
1630 1887 1677 1950 sic
1702 1898 1736 1953 et
1750 1887 1846 1971 impii

492 1991 630 2078 perlecti
647 1991 680 2056 in
700 1991 826 2055 malitia
843 2001 877 2054 et
893 1989 1072 2073 iniquitate
1087 2000 1121 2053 et
1137 1996 1210 2052 tota
1223 1989 1383 2053 adversus
1410 1989 1595 2055 Dominum
1624 2001 1737 2056 mente
1761 2012 1843 2075 pug-

495 2107 615 2162 nantes
631 2095 665 2160 in
682 2095 806 2159 iudicio
823 2114 888 2158 non
906 2102 1102 2176 resurgent;
1124 2093 1180 2156 alii
1208 2113 1286 2158 vero
1311 2093 1418 2175 impii,
1443 2093 1500 2177 qui
1527 2114 1589 2177 pro
1613 2096 1889 2177 peccatoribus15

493 2219 745 2283 nonnumquam
762 2199 1012 2282 intelleguntur,
1028 2199 1106 2281 quia
1117 2199 1254 2262 minoris
1268 2198 1416 2262 malitiae
1428 2208 1515 2277 sunt,
1530 2199 1594 2264 Dei
1607 2201 1733 2265 iudicio
1746 2221 1846 2266 reser-

493 2315 622 2370 ventur.
720 2301 724 2318 ¹

536 2407 636 2473 Pluer
650 2417 746 2488 snper
753 2417 933 2489 peccatores
947 2408 1083 2490 laqueos.
1103 2407 1205 2472 Haud
1222 2407 1363 2472 dubium
1388 2406 1469 2491 quin
1489 2408 1677 2474 Dominus:
1694 2431 1755 2494 pro
1768 2410 1848 2495 ipsis

493 2535 628 2598 quoque
653 2513 884 2597 peccatoribus
915 2513 1048 2591 faciens,
1078 2524 1116 2578 ut
1143 2515 1200 2597 qui
1229 2513 1316 2579 male
1344 2513 1498 2579 libertate
1525 2535 1586 2578 sua
1613 2515 1848 2591 abutebantur,

495 2617 632 2683 Domini
649 2617 776 2700 laqueis
793 2617 919 2704 irretiti,
935 2618 997 2682 sub
1013 2619 1084 2682 eius
1100 2620 1195 2702 quasi
1213 2618 1307 2684 freno
1330 2627 1423 2683 recto
1448 2619 1565 2684 itinere
1592 2620 1801 2702 gradiantur,
1816 2629 1849 2682 et
1865 2642 1892 2678 20

492 2721 623 2806 possint
639 2742 698 2806 per
709 2741 786 2786 eum
804 2722 957 2786 incedere
973 2722 1030 2806 qui
1051 2723 1132 2786 dicit
1149 2727 1155 2754 ‘
1175 2723 1249 2806 Ego
1265 2743 1339 2788 sum
1368 2723 1422 2787 via
1432 2725 1447 2788 ¹.
1476 2723 1579 2790 Unde
1606 2736 1639 2789 et
1666 2725 1846 2808 piscatores

494 2829 671 2893 mittuntur
686 2837 721 2892 et
746 2837 922 2891 venatores
949 2827 982 2890 in
1011 2827 1193 2905 Hieremia,
1220 2837 1257 2893 ut
1282 2829 1391 2910 pisces
1418 2848 1521 2910 vagos
1546 2837 1580 2893 et
1604 2830 1637 2893 in
1660 2830 1846 2914 gurgitibus

492 2932 766 2998 fluctuantessuis
779 2932 904 2996 retibus
918 2940 1064 3010 teneant,
1077 2942 1111 2997 et
1124 2933 1157 2996 in
1169 2933 1328 2997 omnibus
1341 2932 1513 2997 montibus
1526 2943 1560 2996 et
1572 2932 1714 2998 collibus
1725 2936 1847 3000 bestias

491 3037 684 3102 oberrantes
701 3036 838 3120 capiant
853 3036 887 3100 in
904 3035 1057 3101 salutem.
1076 3037 1152 3101 Non
1170 3036 1281 3120 igitur,
1308 3046 1345 3102 ut
1371 3037 1467 3101 multi
1494 3037 1684 3118 aestimant,
1708 3059 1756 3104 ex
1784 3039 1846 3104 boc

492 3140 655 3207 versiculo
667 3150 701 3205 et
715 3161 760 3204 ex
776 3139 994 3224 sequentibus
1011 3141 1176 3224 supplicia
1200 3141 1433 3224 peccatoribus
1460 3143 1518 3206 sed
1546 3143 1693 3207 remedia
1710 3144 1844 3227 promit·
1862 3155 1887 3208 ²5

493 3253 618 3309 tuntur.
633 3244 729 3327 Ignis
744 3243 883 3326 sulphur
891 3253 923 3308 et
936 3244 1073 3329 spiritus
1091 3245 1311 3327 procellarum
1329 3255 1414 3328 pars
1435 3245 1548 3310 calicis
1573 3267 1692 3314 comm.
1713 3247 1846 3312 Dicitur

492 3349 534 3415 ad
551 3348 760 3433 Babylonem
778 3373 784 3412 :
800 3348 937 3414 ‘Habes
960 3350 1122 3415 carbones
1142 3351 1239 3434 ignis,
1255 3351 1388 3416 sedebis
1404 3371 1503 3435 super
1519 3371 1588 3429 eos,
1603 3362 1637 3418 et
1663 3363 1763 3420 erunt
1788 3351 1845 3417 tibi

527 3531 537 3570 t
550 3518 803 3581 admoneremur
815 3519 872 3580 OV,
886 3520 946 3570 item
960 3523 987 3572 M
1001 3531 1093 3587 poster.
1109 3537 1192 3582 menn,
1206 3524 1250 3572 sed
1268 3522 1424 3574 constructio
1443 3525 1577 3573 iudicandi
1592 3533 1681 3575 sunt...
1701 3526 1801 3576 oderint
1818 3541 1845 3574 ex

491 3609 610 3652 contentu
633 3600 735 3652 retineri
746 3617 819 3666 posse
832 3602 947 3654 videtur:
971 3605 1003 3655 cl.
1018 3604 1091 3663 inira,
1106 3605 1190 3656 Trect.
1205 3606 1237 3655 de
1251 3605 1292 3656 Ps.
1311 3606 1477 3656 Lxxxvut
1500 3607 1670 3658 ‘credimur...
1682 3607 1846 3664 redeamus’3

493 3685 578 3734 Tract.
592 3683 624 3733 de
637 3683 677 3734 Ps.
690 3683 829 3734 LXXXIX
844 3685 951 3752 'Sisque
963 3686 1021 3737 lit...
1035 3687 1156 3738 inseretur
1167 3687 1180 3739 ’.
1288 3701 1303 3736 2
1314 3689 1462 3752 syllogismi]
1472 3690 1607 3752 sillogr'srnr'
1616 3690 1640 3741 0
1652 3709 1658 3750 ;
1670 3690 1806 3755 sollogr'snrr'
1815 3690 1843 3746 V,

492 3783 556 3818 corr.
579 3782 609 3816 ex
625 3767 708 3832 rollig.
802 3768 877 3832 pars]
899 3768 930 3827 V,
952 3768 1078 3835 Osuppl.
1099 3770 1125 3820 in
1149 3787 1237 3835 magr
1252 3778 1317 3835 pras
1340 3771 1377 3822 M.
1479 3772 1590 3834 yomat]
1614 3773 1659 3832 M;
1681 3773 1770 3838 diligit
1790 3773 1842 3825 ov.

493 3847 862 3914 pputandum10Vedd.ert.
967 3853 1277 3918 rrcrimpr·um]M;om.
1292 3853 1349 3903 OV.
1453 3867 1481 3914 14
1499 3855 1652 3917 Dominum]
1670 3855 1733 3917 MV,
1748 3857 1842 3908 Oeorr.

493 3933 518 3981 in
531 3947 608 3997 marg.
623 3948 654 3980 ex
664 3931 788 3982 omnirrm.
892 3943 920 3996 15
935 3934 994 3998 pro]
1015 3935 1076 3994 MV,
1099 3936 1123 3984 Ο
1143 3937 1227 4000 suppl.
1246 3951 1301 4000 sup.
1316 3935 1359 3986 lin.
1464 3935 1493 3984 16
1506 3935 1566 3999 Der]
1579 3937 1640 3997 MV,
1653 3953 1718 3989 corr.
1730 3938 1757 3989 in
1770 3953 1842 4003 marg.

492 4030 523 4064 ex
534 4015 595 4064 dum
608 4014 640 4064 0.
740 4015 912 4076 reserventur]
924 4015 959 4065 ita
976 4017 1081 4066 omnino
1093 4019 1169 4068 codd.
1183 4019 1260 4068 modo
1271 4018 1441 4069 coniunctivo.
1542 4031 1575 4068 20
1594 4020 1711 4083 Domine]
1727 4021 1774 4083 M;
1787 4023 1844 4070 durs

494 4095 604 4147 0v2ct.
618 4097 721 4162 suprel.
739 4095 776 4144 16.
862 4097 1102 4157 r'rrctr'tr]0Vadd.
1116 4107 1184 4150 sunt.
1270 4113 1301 4164 23
1313 4099 1418 4161 rariter]
1430 4101 1536 4150 rrelr'bus
1545 4101 1576 4151 0.
1662 4101 1844 4164 24aertr'rrant]

493 4179 540 4230 OV
551 4179 694 4238 unimam
702 4179 739 4228 M.
841 4191 870 4240 27
881 4179 975 4240 Habes]
988 4180 1026 4239 M,
1039 4195 1076 4246 gr.
1092 4173 1162 4250 ἔχεις
1174 4179 1304 4250 ἄνθρακας
1316 4201 1323 4242 3
1335 4182 1426 4232 habens
1438 4185 1494 4234 Ol'.

536 4347 560 4403 5.
577 4329 639 4388 odit
651 4324 785 4409 serpsum]
799 4330 883 4388 Prov.
902 4349 945 4407 15,
964 4349 1009 4406 32.
1198 4333 1298 4393 Tract.
1316 4333 1354 4394 de
1367 4353 1409 4411 ps.
1426 4335 1527 4394 LXVI
1538 4354 1627 4412 33,13
1641 4340 1648 4367 ‘
1657 4349 1762 4415 gentes
1772 4354 1844 4416 quae

536 4413 562 4467 8.
575 4406 820 4490 dr'lr'gritserpsum]
837 4412 922 4471 Prov.
943 4432 988 4487 19,
1006 4415 1032 4471 8.
1198 4427 1268 4476 ante
1290 4433 1350 4475 non
1367 4429 1450 4477 recto
1475 4416 1581 4478 itinere
1605 4417 1817 4495 gradiebantur
1827 4420 1840 4476 '.

535 4511 561 4566 9.
577 4491 699 4550 corrodet
724 4491 772 4552 Ci.
788 4493 835 4551 Ιο.
854 4513 899 4566 14,
917 4513 961 4553 21.
1241 4517 1286 4556 2r.
1303 4493 1365 4578 via]
1382 4498 1428 4557 Io.
1450 4519 1493 4572 ¹4·
1510 4503 1535 4558 6.

540 4591 584 4633 ra.
602 4574 707 4632 rirdr'cr'o
736 4574 782 4633 Ps.
804 4592 828 4644 1,
846 4591 872 4649 5.
1242 4577 1514 4662 22.r'nHr'eremr‘a]
1533 4583 1577 4652 16,
1602 4585 1645 4640 rn.

538 4673 585 4714 20.
609 4663 680 4714 recto
694 4655 797 4714 itinere
811 4653 1007 4738 medebatur]
1018 4659 1144 4720 Hieron.
