4202 5492
463 432 540 514 150
824 431 851 491 S.
879 429 1132 491 HIERONYMI
1156 429 1421 489 PRESBYTERI

461 648 525 712 Dei
550 654 652 712 sunt?
669 649 791 711 Postea
814 647 886 729 ipse
904 647 996 710 Deus
1018 646 1164 728 loquitur
1183 646 1224 710 ad
1245 646 1450 709 Hieremiam
1466 669 1473 708 :
1488 649 1496 676 ‘
1513 644 1607 710 Sicut
1628 653 1675 722 tu,
1697 643 1813 725 inquit,

461 751 599 835 posuisti
626 751 775 814 lumbare
801 751 889 815 istud
917 751 959 814 ad
988 750 1119 814 lumbos
1145 759 1230 827 tuos,
1255 751 1301 814 ita
1328 758 1362 814 et
1386 769 1449 831 ego
1465 745 1628 830 adplicari
1651 747 1811 831 populum

462 876 573 920 meum
590 857 632 920 ad
651 875 704 920 me
720 856 735 919 ¹.
752 855 935 938 Quomodo
951 874 1031 936 ergo
1046 855 1283 918 vestimentum
1301 853 1387 916 circa
1403 853 1584 931 hominem,
1599 851 1646 915 sic
1669 851 1812 934 populus

460 961 547 1024 circa
561 959 682 1026 Deum.
698 959 825 1023 Verum
836 959 915 1042 quia
931 958 994 1021 hoc
1011 957 1188 1040 perizoma,
1200 977 1312 1020 verum
1325 957 1402 1039 quia
1426 955 1480 1021 hic
1496 957 1595 1021 decor
1611 971 1678 1040 quo
1695 954 1811 1017 Domi-

463 1083 525 1127 nus
542 1063 647 1128 iuerat
673 1063 820 1140 indutus,
835 1073 927 1127 trans
945 1061 1106 1126 Eufraten
1123 1063 1298 1145 expositus
1319 1073 1370 1126 est
1394 1061 1427 1124 in
1453 1060 1615 1126 foramine
1640 1065 1762 1142 petrae,
1778 1064 1812 1120 et
1849 1077 1863 1128 ς

463 1167 507 1231 ibi
524 1169 726 1250 conputruit,
747 1177 781 1231 et
797 1167 840 1230 ab
861 1164 1010 1247 Assyriis
1026 1164 1147 1228 ductus
1163 1175 1214 1228 est
1238 1166 1270 1230 in
1287 1164 1527 1246 captiuitatem,
1549 1164 1716 1228 Dominus
1731 1161 1810 1246 quid

462 1269 565 1334 facit?
582 1271 660 1334 Non
683 1280 733 1334 est
751 1270 869 1346 nudus,
885 1287 951 1331 non
969 1277 1081 1351 potest
1099 1287 1171 1332 esse
1188 1269 1260 1332 sine
1276 1268 1428 1345 lumbari,
1445 1287 1510 1332 non
1528 1276 1638 1351 potest
1655 1281 1727 1332 esse
1744 1268 1813 1329 sine

409 1435 414 1447 ,
465 1383 575 1437 veste:
600 1374 701 1456 priori
718 1372 844 1456 populo
865 1372 1006 1455 perdito,
1023 1371 1100 1435 iacit
1121 1373 1183 1436 sibi
1211 1383 1337 1438 vestem
1355 1373 1398 1436 de
1419 1371 1544 1455 populo
1565 1370 1750 1454 gentilium.
1771 1370 1815 1432 Et

463 1477 543 1560 quid
569 1478 716 1543 dicitur?
740 1477 907 1540 Dominus
932 1477 1090 1560 regnavit,
1115 1478 1245 1541 exultet
1269 1489 1362 1540 terra.
1390 1476 1534 1540 Exuttet
1548 1485 1644 1555 terra,
1667 1469 1817 1538 uniuersa

466 1589 562 1656 terra,
587 1581 650 1644 hoc
666 1591 726 1657 est,
744 1580 853 1643 omnis
870 1579 1075 1642 credentium
1101 1580 1252 1661 populus.
1270 1580 1425 1662 Denique
1440 1577 1540 1644 vultis
1561 1580 1643 1643 scire
1659 1577 1817 1661 quoniam
1841 1599 1874 1636 ro

467 1686 650 1748 secundum
667 1684 816 1747 lumbare
829 1683 871 1744 de
885 1683 1034 1764 gentium
1047 1682 1172 1765 populo
1185 1684 1306 1747 dicitur
1317 1689 1331 1748 i
1344 1683 1521 1761 Dominus,
1534 1684 1650 1766 inquit,
1661 1679 1821 1765 regnavit,

469 1786 598 1850 exuitet
629 1797 735 1851 terra:
767 1787 932 1851 laetentur
959 1761 1085 1888 insdlae
1107 1787 1241 1851 multae.
1268 1788 1345 1850 Non
1378 1807 1444 1850 una
1473 1787 1580 1851 insula
1604 1787 1737 1862 Iudaea,
1763 1783 1820 1846 sed

469 1892 597 1955 insulae
623 1893 757 1970 multae,
784 1893 848 1956 hoc
872 1901 932 1970 est,
958 1899 1049 1956 totus
1075 1889 1228 1956 mundus.
1255 1891 1355 1955 Dicat
1386 1891 1467 1954 mihi
1492 1890 1632 1974 aliquis:
1657 1889 1712 1954 Da
1743 1885 1823 1951 mihi

471 1996 664 2081 exemplum
681 1998 724 2063 de
740 1997 919 2082 scripturis,
931 1995 987 2060 ubi
1008 1996 1132 2060 Iudaea
1148 1996 1219 2058 sola
1236 2015 1301 2059 una
1317 1981 1424 2060 insula
1436 1995 1526 2059 dicta
1543 1996 1593 2058 sit.
1610 1992 1722 2059 Omne
1733 1989 1822 2073 quod

470 2099 646 2183 loquimur,
661 2101 822 2166 debemus
841 2100 1017 2165 adfirmare
1030 2086 1260 2183 descriptoris
1272 2099 1404 2164 sanctis.
1422 2106 1428 2133 ‘
1449 2102 1487 2164 In
1504 2120 1562 2164 ore
1577 2099 1665 2164 enim
1682 2097 1824 2162 duorum
1848 2119 1879 2172 15

471 2215 505 2269 et
521 2205 620 2269 trium
638 2207 773 2270 testium
791 2205 895 2269 stabit
910 2223 1011 2267 omne
1036 2203 1172 2267 verbum
1191 2203 1206 2269 ’.
1224 2203 1301 2268 Non
1318 2203 1419 2268 habet
1444 2214 1576 2268 tantum
1592 2203 1824 2267 auctoritatem

473 2329 582 2372 sermo
611 2310 763 2387 dicentis,
793 2319 957 2392 quantum
991 2309 1128 2372 Domini
1160 2317 1383 2392 praeceptum.
1417 2309 1577 2392 Legimus
1604 2308 1638 2371 in
1664 2301 1828 2389 propheta

477 2412 637 2476 iezechiel
652 2418 678 2477 :⁴
693 2415 738 2477 Et
748 2424 793 2490 tu,
805 2413 922 2497 inquit,
934 2411 979 2476 fili
993 2414 1147 2490 hominis,
1157 2414 1344 2496 loqueread
1356 2414 1561 2477 habitatores
1575 2411 1703 2475 insulae
1713 2405 1827 2474 huius’

475 2518 539 2580 hoc
563 2527 624 2595 est,
650 2518 803 2582 Iudaeae.
822 2515 991 2600 Quoniam
1020 2537 1099 2599 ergo
1116 2538 1182 2581 una
1201 2518 1309 2581 insuia
1332 2517 1469 2581 dimissa
1492 2525 1552 2592 est,
1574 2535 1662 2580 nunc
1687 2515 1828 2580 dicitur:

477 2621 659 2685 Laetentur
679 2621 807 2684 insulae
835 2622 968 2686 multae.
995 2621 1087 2704 Ergo
1116 2622 1159 2684 de
1180 2621 1321 2686 lumbari
1346 2621 1467 2686 dicitur
1494 2622 1526 2685 in
1559 2621 1660 2705 priori
1687 2615 1830 2705 populo:
1849 2644 1885 2680 ιο

476 2726 643 2789 Dominus
660 2726 820 2808 regnavit,
836 2727 991 2790 decorem
1008 2726 1145 2792 indutus
1161 2737 1221 2790 est.
1238 2725 1277 2789 In
1295 2727 1442 2791 secundo
1464 2726 1591 2810 populo
1607 2727 1650 2791 de
1672 2719 1830 2810 gentibus

475 2840 699 2912 congregato:
718 2829 885 2895 Dominus
909 2831 1069 2912 regnavit,
1095 2832 1227 2896 exultet
1243 2841 1338 2909 terra,
1361 2832 1528 2896 laetentur
1545 2830 1674 2895 insulae
1697 2823 1830 2895 multae.

478 2935 576 2997 Nunc
604 2936 635 2997 in
664 2936 762 2999 tertio
789 2936 928 3000 dicitur:
952 2934 1118 3000 Dominus
1146 2936 1306 3018 regnavit,
1332 2936 1516 3000 irascantur
1540 2934 1666 3020 populi.
1695 2935 1773 3002 Sive
1788 2934 1831 2998 de

479 3037 611 3102 ludaeis
627 3040 793 3117 sunt,sive
804 3041 1022 3122 degentibus,
1034 3041 1235 3124 quicumque
1248 3061 1313 3105 non
1331 3044 1480 3121 credunt,
1493 3043 1684 3107 irascantur.
1701 3041 1832 3126 ‘Quare

477 3141 684 3207 fremuerunt
700 3152 827 3225 gentes,
839 3154 871 3208 et
889 3144 1003 3228 popuii
1022 3146 1174 3209 meditati
1185 3154 1262 3209 sunt
1280 3145 1392 3210 inania
1404 3147 1438 3208 i’
1851 3167 1884 3219 ²5

520 3255 684 3318 Dominus
706 3257 865 3337 regnauit,
889 3257 1077 3321 irascantur
1091 3258 1212 3338 populi.
1234 3258 1400 3321 Dominus
1436 3278 1553 3340 passus
1579 3267 1639 3334 est,
1667 3253 1833 3322 Dominus

477 3357 655 3422 crucifixus
683 3369 741 3437 est,
758 3360 924 3423 Dominus
951 3371 1101 3425 mortuus
1128 3371 1188 3438 est,
1204 3361 1370 3426 Dominus
1386 3362 1575 3440 resurrexit,
1600 3362 1767 3426 Dominus
1789 3363 1832 3426 ad

478 3463 606 3527 caelum
633 3465 738 3528 victor
763 3467 921 3530 ascendit.
949 3465 1113 3528 Dominus
1138 3465 1295 3548 regnauit,
1311 3465 1498 3530 irascantur
1516 3465 1639 3548 populi.
1667 3465 1733 3549 Qui
1757 3477 1835 3531 runt

479 3567 531 3630 isti
558 3567 696 3649 populi?
713 3567 873 3632 Dicamus
901 3566 1094 3650 exemplum
1121 3568 1163 3631 de
1188 3567 1370 3650 evangelio.
1395 3569 1572 3652 ‘Quidam
1588 3569 1706 3653 inquit,
1727 3577 1834 3652 pater·

514 3785 523 3821 1
540 3773 636 3834 Postea]
645 3779 773 3837 propterea
787 3771 809 3839 β.
887 3787 903 3833 4
914 3774 957 3821 hoc
964 3771 1100 3836 perizoma]
1112 3772 1151 3820 hic
1160 3772 1301 3836 perriiroma
1314 3772 1350 3830 ls;
1362 3771 1403 3820 lrr'c
1410 3772 1563 3834 perizomata
1576 3772 1608 3822 G.
1685 3771 1701 3820 6
1713 3773 1837 3837 Assyriis]

479 3857 581 3905 Asarr'ir
594 3855 621 3904 B.
724 3857 805 3916 ysr'nc
822 3855 947 3916 lambini]
959 3872 977 3903 s.
993 3855 1104 3904 lumbare
1122 3855 1173 3904 SG.
1275 3852 1454 3916 8gentilr'um]
1467 3855 1583 3917 gentium
1596 3854 1628 3903 G.
1732 3856 1836 3918 truria]

479 3953 528 3986 om.
545 3936 568 4002 β.
674 3937 702 3986 16
722 3943 823 3985 tuntum
903 3937 1039 4001 quantum]
1058 3944 1155 3986 tantam
1235 3942 1360 4000 quarelam
1379 3935 1411 4004 β;
1430 3943 1528 3985 tantam
1603 3943 1726 4002 quantam
1738 3937 1762 3987 A
1775 3951 1789 3987 2
1801 3955 1837 3989 m.

480 4033 511 4068 20
521 4021 550 4067 dr
562 4017 686 4078 lumbari]
698 4019 726 4067 dr
737 4019 850 4068 lumbare
861 4021 974 4070 ABPSG
986 4038 992 4078 ;
1011 4021 1123 4070 luniburc
1136 4018 1150 4087 β
1163 4019 1255 4069 omisso
1267 4019 1302 4068 dc.
1405 4019 1436 4068 26
1453 4019 1598 4067 irascantur
1609 4017 1713 4083 populi]
1724 4017 1745 4070 C
1756 4029 1834 4085 repet.

480 4102 606 4164 Regnavit
617 4101 754 4159 Dominus,
768 4102 914 4150 irascantur
918 4103 1015 4167 populi.
1116 4115 1148 4164 ²9
1160 4101 1255 4166 inquit]
1267 4117 1316 4150 om.
1333 4098 1382 4168 βΑ.

521 4309 546 4363 3.
563 4289 605 4346 od
616 4285 670 4368 mc]
688 4290 791 4347 Ierem.
815 4308 858 4364 13,
878 4307 921 4347 11.
1185 4283 1315 4362 pretibus
1330 4303 1391 4344 non
1407 4284 1532 4345 habetur
1546 4285 1659 4344 Inrulr's
1679 4285 1763 4345 tricem
1778 4287 1837 4345 red-

526 4373 567 4429 1⁶.
592 4366 718 4449 auruum]
737 4371 825 4429 Deut.
847 4389 888 4440 ro,
909 4386 952 4446 15·
1184 4367 1239 4437 det,
1258 4366 1344 4425 urbes
1361 4367 1492 4426 Iudaeae
1516 4365 1672 4444 significat,
1689 4385 1763 4444 quas
1778 4369 1837 4428 Ro·

525 4455 568 4510 18.
593 4452 704 4510 insulae
731 4447 831 4530 huius]
862 4452 899 4510 Is,
933 4471 978 4523 20,
1009 4451 1055 4508 6?
1086 4449 1131 4508 cf.
1187 4466 1292 4507 manus
1307 4447 1431 4507 vastavit
1446 4447 1600 4508 exercitus.
1617 4449 1696 4507 Nam
1712 4459 1837 4528 etsupm

484 4533 589 4591 Erech.
611 4551 654 4606 27,
675 4554 688 4590 2
706 4552 748 4608 sq.
766 4544 794 4590 et
810 4551 898 4608 supra
919 4551 946 4608 p.
968 4552 1031 4604 140,
1048 4532 1064 4588 l.
1085 4532 1130 4588 28.
1185 4527 1400 4588 habitatoribus
1416 4528 1537 4602 insulae,
1554 4527 1643 4588 idest
1666 4530 1835 4602 Ierusalem,

527 4633 568 4688 ¹9·
586 4614 637 4671 boc
648 4609 837 4692 rstludarae]
853 4612 975 4672 Hieron.
988 4613 1017 4671 in
1031 4615 1069 4669 Is.
1085 4629 1131 4687 59,
1187 4609 1335 4670 Dominus
1350 4610 1481 4685 loquitur
1496 4629 1547 4687 per
1561 4611 1737 4687 prophetam
1753 4613 1766 4672 ².

485 4699 519 4754 16
535 4713 577 4771 sq.
596 4695 771 4771 ‘Quodque
796 4693 826 4753 in
841 4694 1034 4771 Septuaginta
1049 4693 1134 4753 inter·
1228 4714 1242 4750 2
1248 4710 1273 4769 5.
1290 4689 1406 4772 inania]
1425 4695 1469 4752 Ps.
1489 4713 1513 4763 a,
1530 4711 1553 4750 1.
