4158 5492
496 377 553 461 66
952 398 1106 460 sanem
1137 398 1392 460 HIERONYMI
1705 391 1851 480 [rxxxvn

499 612 765 725 interpretari
782 625 933 724 potest,
947 623 1000 711 et,
1020 612 1056 694 si
1077 636 1235 723 permu
1250 611 1433 698 litteram
1452 612 1852 713 scribatur,‘sames’

499 755 774 866 intellegitur,
810 765 1033 863 propterea
1053 751 1276 835 sciendum
1314 751 1452 836 isdem
1488 751 1643 836 litteris
1673 749 1742 832 hic
1761 777 1856 834 esse

499 919 656 975 nomen
681 889 814 992 Raab,
838 889 998 999 quibus
1017 889 1225 1000 scriptum
1255 902 1321 974 est
1341 899 1383 974 et
1406 889 1449 973 in
1485 891 1585 973 lesu
1623 889 1770 971 Nave:
1807 900 1856 971 ut

497 1031 551 1114 de
571 1030 794 1114 vocatione
816 1029 960 1138 potius
980 1027 1175 1138 gentium
1194 1054 1269 1137 per
1281 1027 1515 1112 meretricis
1538 1055 1706 1129 nomen,
1724 1055 1855 1139 quam

495 1170 551 1251 de
576 1168 812 1278 Babylonis
834 1166 1034 1276 superbia
1054 1178 1096 1248 et
1119 1165 1378 1248 Iudaeorum
1410 1167 1656 1276 captivitate
1691 1165 1891 1249 dictums

498 1335 592 1390 esse
628 1306 863 1389 credamus.
887 1305 1001 1388 Ecce
1032 1304 1309 1412 alienigenae,
1342 1310 1387 1386 et
1424 1306 1578 1411 Tyrus,
1599 1311 1643 1388 et
1666 1306 1858 1416 populus

498 1444 804 1553 Aethiopum:
825 1442 904 1524 e'ste'
915 1441 1121 1551 generati
1138 1448 1243 1524 sunt
1263 1441 1331 1525 ibi.
1360 1444 1442 1525 Per
1462 1471 1619 1554 paucas
1638 1456 1790 1555 gentes
1803 1443 1858 1525 de

499 1582 705 1667 omnibus
726 1582 953 1694 significat,
977 1608 1087 1691 quae
1107 1581 1192 1665 fide
1214 1607 1292 1663 sua
1314 1581 1357 1662 in
1378 1581 1556 1665 ecclesia
1576 1594 1859 1693 congregatae

500 1737 612 1807 sunt.
637 1723 792 1804 Mater
817 1720 934 1820 Sion,
967 1719 1081 1802 dicet
1109 1719 1242 1802 honen.
1270 1718 1354 1801 Pro
1377 1727 1385 1758 ⁴
1409 1731 1544 1802 mater
1575 1719 1682 1802 Sion
1706 1719 1726 1818 ’,
1751 1720 1860 1829 Sep-

500 1861 697 1972 tuaginta
711 1859 962 1967 interpretes
977 1857 1305 1940 transtulerunt:
1331 1864 1339 1894 ⁴
1366 1856 1593 1968 Numquid
1616 1857 1724 1940 Sion
1746 1858 1860 1940 dicet
1882 1890 1912 1926 ιο

500 1999 655 2083 homo?
676 1999 684 2027 '
707 1995 836 2105 Quod
858 1994 990 2078 homo
1012 1995 1199 2104 Xpistus
1221 2008 1349 2077 natus
1376 1993 1432 2077 sit
1454 1993 1497 2077 in
1518 2021 1583 2077 ea:
1607 1994 1681 2077 sed
1703 1995 1862 2078 vitiose

501 2163 560 2221 Ro
581 2137 722 2219 littera
740 2161 892 2246 graeca
921 2132 1069 2215 addita
1100 2131 1197 2216 iecit
1227 2158 1423 2216 errorem.
1447 2133 1517 2214 Et
1542 2132 1862 2242 epsefundovit

500 2304 596 2360 eom
617 2273 895 2356 Altisse‘mus
922 2269 1177 2354 Notandum
1203 2268 1319 2380 quod
1350 2281 1393 2352 et
1427 2269 1566 2352 Filius
1601 2269 1861 2354 Altissimus

501 2412 749 2525 appellatur.

1037 2618 1319 2701 LXXXVII.
1882 2644 1909 2697 rs

558 2897 614 2978 ln
613 2895 756 3003 finem
760 2899 847 3004 pro
859 2895 1015 2977 meleth
1029 2894 1093 2976 od
1100 2893 1449 3005 respondendum,
1459 2892 1702 2976 intellectus
1711 2894 1860 2976 Eman

503 3033 801 3116 Eeroleele'toe.
842 3033 1044 3118 Psalmus
1081 3033 1161 3116 iste
1201 3031 1379 3116 refertur
1412 3032 1466 3115 ad
1503 3031 1645 3131 finem,
1680 3043 1722 3114 et
1757 3031 1862 3114 tiliis

504 3174 614 3256 Core
636 3170 981 3282 praecinentibus
1000 3169 1145 3253 omnis
1166 3169 1211 3251 in
1232 3167 1413 3254 eandem
1445 3194 1595 3252 vocem
1630 3168 1863 3279 respondet
1915 3220 1924 3226 -

536 3421 551 3456 2
564 3406 652 3467 isderrr]
663 3403 767 3471 seripsi;
801 3405 895 3455 hisdem
906 3403 980 3454 codd.
992 3403 1034 3464 (In
1047 3403 1104 3454 cod.
1116 3405 1140 3453 A
1149 3403 1233 3454 littera
1244 3401 1260 3451 k
1273 3410 1367 3452 mutate
1379 3409 1416 3462 est
1428 3402 1453 3452 in
1465 3405 1495 3464 e).
1597 3417 1612 3468 3
1624 3405 1706 3468 Roob]
1718 3405 1820 3456 Rachab
1831 3405 1860 3456 E.

503 3488 519 3537 8
530 3488 666 3554 significae]
683 3487 770 3552 scripsi
780 3505 787 3547 ς
799 3487 1025 3552 sipiificationibus
1038 3487 1124 3547 EAM,
1137 3501 1203 3551 quae
1216 3502 1262 3535 vox
1275 3485 1301 3536 in
1313 3485 1399 3535 codice
1417 3487 1563 3536 Amandino
1581 3495 1668 3551 postea
1680 3497 1775 3538 mutata
1786 3497 1825 3538 est
1837 3489 1863 3538 in

502 3571 682 3636 segnificamus.
697 3570 810 3634 Scriptor
821 3568 915 3618 codicis
926 3569 1025 3628 Carth„
1038 3567 1131 3618 omisso
1148 3570 1225 3618 verbo
1237 3566 1374 3632 significat,
1396 3568 1479 3631 posuit
1496 3571 1707 3631 generationibus.
1725 3570 1776 3618 Erit
1798 3569 1863 3621 iorte

502 3653 544 3716 qui
557 3652 664 3716 pressius
676 3651 830 3700 inhaerendo
841 3649 942 3700 lectioni
955 3649 1028 3698 trium
1041 3649 1165 3710 codicum,
1179 3652 1222 3716 qui
1235 3651 1284 3702 fide
1296 3651 1365 3700 imus
1377 3667 1406 3700 ac
1418 3661 1541 3702 vetustate
1553 3662 1689 3716 praestant,
1702 3654 1862 3704 scribendum

501 3741 572 3800 putet
589 3733 716 3798 significat
735 3732 870 3782 Sr'onr'bur:
889 3747 936 3795 ego
956 3740 1040 3780 tamen
1061 3747 1111 3780 non
1131 3731 1219 3784 nusim.
1324 3746 1352 3782 12
1365 3749 1398 3782 no
1414 3734 1510 3797 littero]
1523 3735 1561 3796 (ῖς
1579 3735 1656 3785 EAM
1678 3737 1798 3786 mendose
1815 3745 1864 3800 pro

501 3819 596 3866 littero.
677 3827 705 3878 13
718 3815 787 3864 Inter
800 3813 885 3862 Filius
895 3821 921 3862 et
934 3813 1082 3863 Altirrr'nrrrr
1091 3815 1148 3864 cod.
1163 3816 1184 3865 C
1196 3815 1398 3866 coniunctionem
1409 3824 1434 3864 et
1445 3815 1533 3866 vitiose
1545 3815 1690 3882 interponit.
1773 3817 1801 3866 16
1813 3833 1862 3866 me·

502 3897 562 3958 leth]
576 3897 652 3946 EAM
664 3913 670 3954 ;
704 3895 792 3944 melech
805 3896 826 3946 C
838 3896 905 3954 (cum
918 3895 944 3944 S.
960 3895 1101 3959 Augustino
1113 3905 1137 3946 et
1151 3897 1273 3948 Psnlterio
1284 3898 1432 3959 Veronensi,
1446 3899 1478 3948 de
1489 3915 1540 3964 quo
1551 3900 1577 3948 in
1592 3908 1652 3950 nota
1663 3917 1704 3966 ap.
1719 3899 1806 3964 Migne
1819 3913 1860 3962 29.

502 3979 580 4042 296);
614 3977 749 4027 Mokolath
763 3974 786 4044 β.
891 3977 1176 4039 17Errohelr'tae1EC3
1211 3981 1429 4032 AceroelitaeAM
1443 3981 1479 4041 (in
1497 3981 1552 4030 cod.
1569 3983 1600 4040 Α,
1614 3982 1708 4048 primus
1725 3983 1824 4032 litterae
1838 3985 1861 4031 A

502 4063 591 4111 ductus
604 4069 691 4125 postea
702 4075 785 4108 erasus
797 4067 844 4118 est,
858 4067 884 4107 ut
896 4059 1019 4124 legeretur
1037 4061 1208 4120 lezroelr'tae);
1242 4063 1372 4112 lsraelr'toe
1385 4061 1410 4128 β.

547 4272 569 4310 r.
578 4249 674 4327 sames
685 4244 874 4328 intellegitur]
888 4247 1015 4308 Hieron.
1030 4246 1095 4307 Lib.
1113 4247 1151 4307 de
1203 4245 1262 4310 alio
1277 4265 1416 4310 sermone
1429 4251 1510 4326 apud
1527 4250 1682 4311 Hebraeos
1694 4252 1860 4329 appellatur

503 4353 583 4393 nom.
601 4332 680 4392 hebr.
698 4330 817 4408 (Migne
842 4349 888 4405 23,
905 4331 996 4407 85r):
1014 4336 1021 4361 ⁸
1037 4329 1154 4401 Rahab‚
1209 4345 1313 4402 berou,
1330 4329 1359 4391 in
1375 4331 1560 4408 octogesimo
1571 4345 1655 4394 sexto
1666 4335 1780 4410 psalmo
1791 4330 1861 4410 iegi-

503 4413 638 4486 latitudo‚
655 4415 700 4473 vel
717 4413 818 4485 fames,
834 4409 895 4470 sive
910 4411 1039 4487 impetus
1054 4413 1069 4471 '.
1208 4431 1292 4472 mus:
1307 4413 1465 4489 Numqur'd
1477 4413 1548 4474 Sion
1561 4415 1862 4488 determinandum

548 4515 592 4566 ¹4·
616 4494 784 4554 Altr'rsr'mus
818 4489 997 4572 appellatur]
1028 4491 1153 4552 Hieron.
1207 4500 1295 4552 reatus
1320 4495 1414 4553 estin
1434 4513 1491 4564 ea,·
1510 4503 1539 4554 et
1560 4495 1777 4573 ritsefundarn'r
1798 4513 1860 4554 eom

504 4579 622 4638 Comm.
650 4579 679 4634 in
705 4577 745 4635 Is.
771 4595 796 4647 2,
825 4594 881 4633 20:
913 4573 1026 4649 ‘Quod
1054 4585 1154 4633 autem
1208 4575 1418 4634 Altissr'mus?'

504 4658 641 4720 Christus
651 4658 793 4716 Exceisus
802 4655 839 4716 sit
854 4657 900 4715 vel
912 4655 1092 4730 tutissimus,
1103 4653 1154 4731 qui
