4092 5502
482 449 565 532 300
850 447 877 506 S.
904 447 1157 507 HIERONYMI
1181 446 1445 506 PRESBYTERI

484 667 708 733 misericordia
735 666 813 747 eius,
830 666 901 732 sola
916 665 1056 731 salvatio
1072 673 1130 730 est.
1147 664 1211 731 Cui
1234 673 1285 730 est
1300 665 1405 749 gloria
1421 665 1454 730 in
1471 665 1603 732 saecula
1618 665 1836 734 saeculorum„

485 772 606 839 Amen.

884 927 959 1003 DE
992 928 1217 1006 PSALMO
1245 929 1449 1008 CXLVII.

527 1153 646 1220 Lauda
663 1153 872 1219 Hierusalem
888 1153 1077 1234 Dominum,
1089 1155 1190 1220 lauda
1205 1155 1417 1220 Deumtuum
1428 1153 1519 1220 Sion.
1533 1156 1639 1222 Modo
1649 1158 1836 1223 audivimus

484 1269 636 1325 sanctum
659 1259 887 1343 presbyterum
905 1262 1163 1343 praedicantem,
1179 1271 1314 1345 propter
1338 1264 1655 1345 praevaricationem
1682 1263 1764 1346 legis
1780 1284 1837 1347 po
1870 1279 1882 1334 5

485 1365 600 1446 pulum
620 1366 792 1430 Iudaicum
809 1385 881 1429 esse
897 1366 1085 1432 desertum:
1100 1376 1133 1431 et
1149 1369 1320 1450 quomodo
1336 1387 1423 1430 nunc
1439 1368 1567 1444 dicitur,
1581 1368 1699 1432 Lauda
1717 1369 1837 1433 Hieru-

484 1467 586 1534 salem
605 1469 800 1547 Dominum,
815 1469 915 1534 lauda
932 1471 1041 1535 Deum
1056 1480 1150 1536 tuum
1168 1471 1274 1538 Sion?
1291 1472 1423 1536 Deinde
1438 1473 1518 1555 quid
1535 1472 1708 1555 sequitur?

530 1574 694 1652 Quoniam
708 1575 905 1657 confortavit
928 1597 1019 1639 seras
1026 1586 1203 1658 portarum
1219 1587 1362 1642 tuarum.
1380 1577 1471 1659 Ergo
1487 1578 1530 1641 de
1545 1575 1608 1640 ista
1626 1576 1836 1640 Hierusalem

484 1677 656 1762 loquitur?
671 1680 713 1744 de
730 1679 792 1743 ista
810 1679 917 1745 Sion?
934 1679 1053 1745 Lauda
1063 1682 1174 1746 Deum
1185 1690 1289 1748 tuum.
1302 1680 1415 1764 Quare
1429 1681 1441 1745 ἓ
1457 1679 1626 1764 Quoniam
1636 1679 1838 1746 confortavit

484 1804 573 1848 seras
590 1793 758 1867 portarum
776 1793 917 1849 tuarum.
933 1785 1011 1849 Non
1026 1794 1106 1850 sunt
1121 1795 1237 1868 portae
1252 1809 1260 1849 :
1274 1795 1308 1850 et
1324 1787 1495 1868 quomodo
1511 1803 1603 1848 serae
1613 1784 1726 1848 salvae
1735 1789 1837 1849 sunt?
1857 1805 1884 1842 ιο

483 1887 755 1971 Benedixitfilios
778 1897 850 1952 tuos
866 1887 901 1952 iu
928 1899 964 1954 te.
982 1889 1164 1972 Quomodo
1191 1889 1375 1968 benedixit,
1402 1890 1458 1973 qui
1483 1890 1571 1955 dixit
1595 1889 1840 1974 ‘Relinquetur

483 1993 578 2056 vobis
593 1993 715 2056 domus
730 2002 840 2058 vestra
855 1993 988 2057 deserta
1004 1993 1037 2056 ’?

529 2097 599 2176 Qui
607 2097 810 2180 posuitfiues
826 2106 897 2161 tuos
917 2109 1037 2180 pacem.
1055 2099 1123 2164 Ubi
1140 2120 1209 2181 pax
1237 2100 1345 2182 posita
1373 2109 1432 2173 est,
1458 2119 1543 2182 quae
1567 2099 1655 2163 bello
1682 2099 1839 2164 subversa

484 2207 560 2267 est?
576 2202 623 2280 Et
637 2202 732 2284 adipe
738 2203 909 2283 fmmenti
932 2202 1061 2267 satians
1083 2213 1121 2268 te.
1137 2203 1356 2267 Frumentum
1382 2203 1497 2285 adipes
1522 2203 1624 2268 habet
1638 2203 1650 2268 i
1666 2202 1698 2268 O
1717 2204 1839 2268 ludaee

484 2309 657 2390 responde,
667 2307 871 2371 frumentum
888 2307 1004 2391 adipes
1020 2307 1146 2372 habet?
1163 2307 1200 2372 Si
1214 2327 1293 2391 ergo
1307 2307 1508 2373 frumentum
1521 2310 1637 2390 adipes
1650 2328 1716 2372 oon
1730 2308 1839 2385 habet,
1857 2325 1883 2379 ις

484 2419 517 2475 et
548 2410 742 2494 conpelleris
770 2410 970 2476 necessitate
1001 2411 1194 2495 spiritaliter
1220 2412 1419 2494 intellegere,
1443 2412 1626 2476 secundum
1644 2413 1744 2476 istum
1769 2431 1838 2475 ver·

484 2514 623 2579 siculum
665 2525 698 2580 et
731 2525 841 2581 cetera
867 2515 1092 2599 intellegenda
1128 2525 1214 2582 sunt.
1250 2516 1368 2580 Lauda
1401 2516 1611 2580 Hierusalem
1644 2517 1838 2580 Dominum.

486 2619 707 2698 Hierusalem,
722 2621 806 2686 visio
830 2619 931 2704 pacis.
947 2621 1065 2686 Lauda
1082 2622 1192 2685 Deum
1210 2630 1304 2685 tuum
1323 2621 1414 2686 Sion.
1431 2619 1512 2686 Sion
1528 2621 1663 2702 specula
1679 2620 1837 2702 interpre-

483 2730 580 2787 tatur.
596 2723 729 2788 Videtis
756 2743 835 2806 ergo
859 2725 939 2806 quid
963 2726 1063 2801 dicat,
1079 2725 1198 2790 Lauda
1225 2725 1435 2789 Hierusalem
1466 2725 1659 2790 Dominum.
1676 2726 1837 2792 Ubicum-

483 2844 548 2906 que
572 2825 657 2891 visio
673 2827 764 2909 pacis
780 2835 840 2903 est,
855 2828 1057 2911 ubicumque
1072 2829 1313 2913 contemplatio
1330 2829 1404 2906 Dei,
1421 2829 1465 2892 ibi
1482 2829 1554 2893 laus
1571 2829 1634 2894 Dei
1651 2829 1703 2893 sit.
1720 2827 1837 2892 Lauda
1856 2846 1885 2884 20

483 2949 563 3013 ergo
586 2929 726 2994 ecclesia
754 2931 949 3010 Dominum,
976 2933 1113 3015 quando
1139 2934 1287 3016 coeperis
1311 2934 1344 2996 in
1373 2932 1465 2997 illum
1497 2934 1629 2998 credere
1656 2943 1690 2998 et
1717 2933 1838 2998 habere

483 3056 612 3118 pacem,
627 3046 659 3099 et
676 3037 825 3118 coeperis
851 3036 965 3100 videre
990 3056 1106 3118 pacem
1123 3061 1130 3102 ι
1150 3037 1213 3100 hoc
1236 3045 1287 3101 est
1316 3036 1538 3115 Hierusalem,
1554 3037 1637 3102 visio
1653 3036 1754 3121 pacis.
1770 3035 1836 3121 Qui

483 3139 574 3221 prius
584 3159 657 3204 eras
669 3139 844 3216 idolorum,
858 3139 964 3204 iactus
977 3161 1012 3203 es
1023 3160 1136 3204 servus
1147 3141 1211 3204 Dei
1226 3166 1233 3206 ς
1247 3139 1346 3204 lauda
1358 3161 1437 3230 ergo
1451 3140 1561 3205 Deum
1574 3151 1678 3204 tuum.
1692 3138 1837 3223 Quando

483 3265 562 3308 vero
577 3245 725 3326 coeperis
741 3244 806 3308 iam
824 3244 946 3308 habere
962 3245 1145 3323 scientiam,
1161 3254 1194 3310 et
1221 3265 1293 3308 esse
1308 3245 1574 3328 speculatorium,
1590 3244 1654 3308 hoc
1668 3254 1719 3309 est
1747 3244 1838 3322 Sion,

484 3347 584 3413 lauda
601 3347 785 3412 Dominum
803 3371 810 3412 ε
825 3346 889 3412 hoc
915 3357 975 3425 est,
991 3357 1027 3412 tu
1053 3347 1153 3413 lauda
1171 3347 1391 3424 Hierusalem,
1407 3359 1442 3412 tu
1460 3349 1558 3412 lauda
1576 3349 1667 3425 Sion,
1682 3358 1718 3413 tu
1735 3348 1837 3413 eccle·
1855 3363 1883 3418 25

483 3451 616 3516 siastica
633 3453 756 3528 anima,
771 3461 807 3516 tu
824 3451 971 3518 ecclesia.
988 3453 1064 3516 Non
1089 3452 1227 3518 laudent
1253 3451 1420 3530 haeretici,
1436 3473 1501 3517 oon
1528 3452 1641 3518 laudet
1656 3473 1838 3536 synagoga,

483 3557 540 3620 sed
570 3565 605 3621 tu
638 3556 747 3621 lauda.
779 3555 917 3640 Quare?
946 3557 1113 3640 Quoniam
1146 3556 1346 3621 confortavit
1376 3577 1465 3622 seras
1495 3567 1664 3640 portarum
1696 3567 1837 3622 tuarum.

482 3660 627 3744 ‘Diligit
645 3660 811 3724 Dominus
830 3670 943 3743 portas
966 3662 1047 3728 Sion
1074 3682 1172 3746 super
1190 3661 1303 3726 omnia
1327 3661 1541 3726 tabernacula
1571 3662 1672 3726 Iacob
1688 3661 1702 3724 '.
1722 3661 1837 3725 Portas

484 3766 564 3832 Sion
582 3765 731 3832 diximus
747 3765 936 3848 prophetas.
950 3763 1119 3849 Quoniam
1136 3785 1215 3847 ergo
1232 3773 1344 3846 portas
1370 3762 1452 3829 Sion
1478 3764 1631 3828 novimus
1655 3763 1836 3846 prophetas

516 3953 526 3992 1
556 3941 662 3992 salvatio
689 3947 733 4008 est]
760 3940 897 3990 saluatione
923 3945 1052 3990 sanantur
1079 3935 1117 4005 β;
1145 3937 1183 3986 Gi
1211 3936 1271 3987 add.
1296 3937 1325 3987 iu
1352 3937 1442 3998 secula,
1466 3944 1490 3987 et
1518 3935 1637 3986 omittunt
1666 3935 1834 4000 doxologiam.

482 4038 496 4090 3
520 4031 566 4072 DE
583 4031 713 4072 PSALMO
731 4025 859 4086 CXLVII]
879 4025 952 4074 Brev.
970 4021 1018 4072 col.
1039 4032 1109 4084 1333.
1228 4028 1241 4082 5
1263 4025 1377 4068 sanetum
1397 4019 1565 4084 presbyterum
1582 4019 1779 4084 praede'canrem]
1800 4015 1835 4066 Ci

481 4107 626 4172 (presbit.l;
646 4123 683 4157 sra
697 4108 837 4172 presiytera
851 4105 1012 4170 praedicante
1031 4103 1077 4152 ΑΒ
1097 4101 1154 4151 cod.
1168 4099 1315 4164 Gratianop.
1331 4100 1398 4162 218;
1414 4114 1451 4150 sea
1465 4101 1602 4166 prespitero
1613 4100 1783 4164 predicantem
1795 4098 1835 4157 G;

480 4207 499 4241 r.
510 4191 655 4256 prophetam
661 4198 690 4256 p.
706 4189 721 4258 β
733 4209 741 4252 ;
753 4207 791 4240 sca
800 4198 846 4255 spu
856 4187 1015 4254 praedicante
1028 4185 1055 4236 S.
1137 4196 1168 4233 ιο
1177 4183 1259 4232 saluae
1268 4186 1338 4248 sunt]
1351 4184 1363 4232 1
1374 4199 1425 4232 om.
1434 4189 1501 4234 sunt.
1584 4195 1610 4232 11
1616 4181 1689 4248 filias
1700 4183 1836 4248 tuas]fitiis

480 4273 533 4323 tuis
546 4274 597 4324 BC.
700 4284 731 4334 14
741 4274 849 4340 satians]
866 4271 951 4330 CSG;
967 4269 1046 4318 satiat
1058 4265 1209 4334 ilB‚Csup.
1223 4265 1267 4315 lin.
1372 4265 1649 4332 19Videti11uidetei.
1751 4261 1835 4324 aosit]

481 4355 543 4416 BC;
552 4353 636 4423 fitp3
652 4355 766 4406 estISG.
867 4367 895 4404 21
909 4369 947 4419 sq.
961 4351 1076 4415 coeperis]
1092 4348 1196 4412 caeperit
1208 4346 1232 4415 β.
1333 4347 1482 4410 22ui5i01C
1498 4361 1507 4397 1
1522 4365 1564 4408 ηις
1581 4345 1835 4415 υἰεὶοηιηιβοῖοεῑς

480 4437 502 4487 C
513 4452 568 4501 sup.
583 4437 627 4488 lio.
729 4451 759 4500 23
772 4435 837 4497 eras]
850 4433 866 4503 β
879 4435 952 4486 inser.
961 4450 1055 4494 servus,
1064 4432 1125 4482 item
1138 4431 1155 4481 S
1168 4437 1223 4494 post
1238 4428 1377 4479 ‘idolorum
1387 4427 1402 4480 '.
1503 4441 1535 4490 24
1544 4429 1747 4493 speculatorium]
1757 4436 1834 4494 spetu-

479 4521 588 4572 Iatarum
601 4522 789 4589 B;specuiater
798 4521 822 4570 Α
834 4537 841 4580 ;
852 4519 949 4586 sperula
962 4517 987 4586 β.
1088 4512 1119 4563 26
1132 4528 1157 4562 n.
1172 4511 1256 4561 laudet
1266 4517 1399 4580 synagoga]
1410 4527 1436 4561 u.
1448 4511 1552 4560 iaudent
1562 4525 1697 4574 synagogae
1710 4509 1734 4578 β.

523 4673 567 4714 12.
583 4653 705 4738 deserta]
722 4657 794 4716 Luc.
810 4673 855 4730 13,
872 4670 919 4730 35.
1185 4661 1272 4721 supra
1286 4663 1313 4720 p.
1332 4661 1347 4719 7
1353 4663 1379 4719 3,
1391 4645 1408 4703 l.
1427 4661 1472 4718 29.

523 4757 566 4812 14.
592 4739 782 4798 Frumentum
797 4735 895 4816 adipes
908 4735 993 4794 halet
1002 4729 1027 4816 t]
1043 4730 1131 4792 Coni.
1227 4727 1274 4786 28.
1289 4721 1385 4808 Iacob]
1398 4727 1445 4785 Ps.
1462 4727 1510 4798 86,
1527 4743 1553 4785 e.
