<?xml version="1.0" encoding="UTF-8"?>
<!DOCTYPE html PUBLIC "-//W3C//DTD XHTML 1.0 Transitional//EN"
    "http://www.w3.org/TR/xhtml1/DTD/xhtml1-transitional.dtd">
<html xmlns="http://www.w3.org/1999/xhtml" xml:lang="en" lang="en">
 <head>
  <title>
</title>
<meta http-equiv="Content-Type" content="text/html;charset=utf-8" />
  <meta name='ocr-system' content='tesseract 3.04.00' />
  <meta name='ocr-capabilities' content='ocr_page ocr_carea ocr_par ocr_line ocrx_word'/>
</head>
<body>
  <div class='ocr_page' id='page_1' title='image "./commentarioliin00morigoog/commentarioliin00morigoog_0622.png"; bbox 0 0 4060 5498; ppageno 0'>
   <div class='ocr_carea' id='block_1_1' title="bbox 569 421 1586 490">
    <p class='ocr_par' dir='ltr' id='par_1_1' title="bbox 569 421 1586 490">
     <span class='ocr_line' id='line_1_1' title="bbox 569 421 1586 490; baseline 0.008 -8"><span class='ocrx_word' id='word_1_1' title='bbox 569 421 827 484; x_wconf 88' lang='lat' dir='ltr'>TRACTATUS</span> <span class='ocrx_word' id='word_1_2' title='bbox 858 421 915 480; x_wconf 84' lang='lat' dir='ltr'>DE</span> <span class='ocrx_word' id='word_1_3' title='bbox 945 422 1115 484; x_wconf 90' lang='lat' dir='ltr'>PSALMO</span> <span class='ocrx_word' id='word_1_4' title='bbox 1145 425 1210 482; x_wconf 89' lang='lat' dir='ltr'>XV.</span> <span class='ocrx_word' id='word_1_5' title='bbox 1545 433 1586 490; x_wconf 91' lang='lat'>11</span> 
     </span>
    </p>
   </div>
   <div class='ocr_carea' id='block_1_2' title="bbox 173 621 1591 3115">
    <p class='ocr_par' dir='ltr' id='par_1_2' title="bbox 173 621 1591 3115">
     <span class='ocr_line' id='line_1_2' title="bbox 235 621 1591 708; baseline 0 -20"><span class='ocrx_word' id='word_1_6' title='bbox 235 622 391 701; x_wconf 82' lang='lat' dir='ltr'>fallimur,</span> <span class='ocrx_word' id='word_1_7' title='bbox 403 624 459 707; x_wconf 91' lang='lat' dir='ltr'>qui</span> <span class='ocrx_word' id='word_1_8' title='bbox 473 623 536 688; x_wconf 91' lang='lat' dir='ltr'>hoc</span> <span class='ocrx_word' id='word_1_9' title='bbox 553 621 653 689; x_wconf 90' lang='lat' dir='ltr'>titulo</span> <span class='ocrx_word' id='word_1_10' title='bbox 669 631 911 705; x_wconf 82' lang='lat' dir='ltr'>praenotantur</span> <span class='ocrx_word' id='word_1_11' title='bbox 931 647 937 686; x_wconf 94' lang='lat'>:</span> <span class='ocrx_word' id='word_1_12' title='bbox 954 622 1091 705; x_wconf 88' lang='lat' dir='ltr'>quintus</span> <span class='ocrx_word' id='word_1_13' title='bbox 1107 624 1259 688; x_wconf 91' lang='lat' dir='ltr'>decimus</span> <span class='ocrx_word' id='word_1_14' title='bbox 1277 624 1436 706; x_wconf 90' lang='lat' dir='ltr'>psalmus,</span> <span class='ocrx_word' id='word_1_15' title='bbox 1452 632 1485 688; x_wconf 91' lang='lat' dir='ltr'>et</span> <span class='ocrx_word' id='word_1_16' title='bbox 1496 625 1591 708; x_wconf 90' lang='lat' dir='ltr'>quin·</span> 
     </span>
     <span class='ocr_line' id='line_1_3' title="bbox 233 727 1587 812; baseline 0.001 -22"><span class='ocrx_word' id='word_1_17' title='bbox 233 729 450 811; x_wconf 88' lang='lat' dir='ltr'>quagesimus</span> <span class='ocrx_word' id='word_1_18' title='bbox 467 729 613 811; x_wconf 91' lang='lat' dir='ltr'>quintus,</span> <span class='ocrx_word' id='word_1_19' title='bbox 635 738 669 792; x_wconf 91' lang='lat' dir='ltr'>et</span> <span class='ocrx_word' id='word_1_20' title='bbox 685 727 985 811; x_wconf 89' lang='lat' dir='ltr'>quinquagesimus</span> <span class='ocrx_word' id='word_1_21' title='bbox 1001 739 1129 806; x_wconf 88' lang='lat' dir='ltr'>sextus,</span> <span class='ocrx_word' id='word_1_22' title='bbox 1144 738 1179 792; x_wconf 92' lang='lat' dir='ltr'>et</span> <span class='ocrx_word' id='word_1_23' title='bbox 1194 729 1495 812; x_wconf 90' lang='lat' dir='ltr'>quinquagesimus</span> <span class='ocrx_word' id='word_1_24' title='bbox 1516 749 1587 812; x_wconf 86' lang='lat' dir='ltr'>sep-</span> 
     </span>
     <span class='ocr_line' id='line_1_4' title="bbox 233 831 1589 917; baseline 0.002 -24"><span class='ocrx_word' id='word_1_25' title='bbox 233 831 348 912; x_wconf 90' lang='lat' dir='ltr'>timus,</span> <span class='ocrx_word' id='word_1_26' title='bbox 364 841 398 897; x_wconf 93' lang='lat' dir='ltr'>et</span> <span class='ocrx_word' id='word_1_27' title='bbox 413 831 714 916; x_wconf 86' lang='lat' dir='ltr'>quinquagesimus</span> <span class='ocrx_word' id='word_1_28' title='bbox 729 843 877 910; x_wconf 88' lang='lat' dir='ltr'>octavus,</span> <span class='ocrx_word' id='word_1_29' title='bbox 888 840 922 896; x_wconf 91' lang='lat' dir='ltr'>et</span> <span class='ocrx_word' id='word_1_30' title='bbox 934 831 1235 914; x_wconf 90' lang='lat' dir='ltr'>quinquagesimus</span> <span class='ocrx_word' id='word_1_31' title='bbox 1252 852 1370 899; x_wconf 92' lang='lat' dir='ltr'>nonus.</span> <span class='ocrx_word' id='word_1_32' title='bbox 1387 833 1454 917; x_wconf 85' lang='lat' dir='ltr'>Qui</span> <span class='ocrx_word' id='word_1_33' title='bbox 1471 853 1589 896; x_wconf 90' lang='lat' dir='ltr'>omnes</span> 
     </span>
     <span class='ocr_line' id='line_1_5' title="bbox 233 935 1588 1020; baseline 0.001 -20"><span class='ocrx_word' id='word_1_34' title='bbox 233 935 423 1000; x_wconf 80' lang='lat' dir='ltr'>reseruntur</span> <span class='ocrx_word' id='word_1_35' title='bbox 438 937 480 1001; x_wconf 88' lang='lat' dir='ltr'>ad</span> <span class='ocrx_word' id='word_1_36' title='bbox 498 936 785 1020; x_wconf 80' lang='lat' dir='ltr'>dispensationem</span> <span class='ocrx_word' id='word_1_37' title='bbox 802 947 836 1000; x_wconf 88' lang='lat' dir='ltr'>et</span> <span class='ocrx_word' id='word_1_38' title='bbox 853 936 1045 1017; x_wconf 85' lang='lat' dir='ltr'>passionem</span> <span class='ocrx_word' id='word_1_39' title='bbox 1077 937 1215 1001; x_wconf 87' lang='lat' dir='ltr'>Domini</span> <span class='ocrx_word' id='word_1_40' title='bbox 1241 938 1345 1001; x_wconf 85' lang='lat' dir='ltr'>nostri</span> <span class='ocrx_word' id='word_1_41' title='bbox 1378 936 1588 1002; x_wconf 90' lang='lat' dir='ltr'>Salvatoris:</span> 
     </span>
     <span class='ocr_line' id='line_1_6' title="bbox 198 1039 1589 1124; baseline -0.004 -14"><span class='ocrx_word' id='word_1_42' title='bbox 198 1053 214 1110; x_wconf 83' lang='grc'><strong><em>5</em></strong></span> <span class='ocrx_word' id='word_1_43' title='bbox 234 1049 267 1105; x_wconf 86' lang='lat' dir='ltr'>et</span> <span class='ocrx_word' id='word_1_44' title='bbox 283 1061 358 1105; x_wconf 88' lang='lat' dir='ltr'>curn</span> <span class='ocrx_word' id='word_1_45' title='bbox 375 1039 493 1105; x_wconf 90' lang='lat' dir='ltr'>addita</span> <span class='ocrx_word' id='word_1_46' title='bbox 508 1041 675 1124; x_wconf 85' lang='lat' dir='ltr'>quaedam</span> <span class='ocrx_word' id='word_1_47' title='bbox 694 1041 779 1106; x_wconf 90' lang='lat' dir='ltr'>inter</span> <span class='ocrx_word' id='word_1_48' title='bbox 795 1060 831 1104; x_wconf 88' lang='lat' dir='ltr'>se</span> <span class='ocrx_word' id='word_1_49' title='bbox 858 1041 890 1103; x_wconf 92' lang='lat' dir='ltr'>in</span> <span class='ocrx_word' id='word_1_50' title='bbox 918 1041 1238 1123; x_wconf 82' lang='lat' dir='ltr'>praescriptionibus</span> <span class='ocrx_word' id='word_1_51' title='bbox 1263 1041 1331 1105; x_wconf 88' lang='lat' dir='ltr'>suis</span> <span class='ocrx_word' id='word_1_52' title='bbox 1359 1041 1508 1106; x_wconf 86' lang='lat' dir='ltr'>habeant</span> <span class='ocrx_word' id='word_1_53' title='bbox 1536 1041 1589 1106; x_wconf 88' lang='lat' dir='ltr'>vel</span> 
     </span>
     <span class='ocr_line' id='line_1_7' title="bbox 232 1144 1587 1224; baseline 0 -16"><span class='ocrx_word' id='word_1_54' title='bbox 232 1144 383 1209; x_wconf 87' lang='lat' dir='ltr'>detracta</span> <span class='ocrx_word' id='word_1_55' title='bbox 400 1147 470 1209; x_wconf 86' lang='lat' dir='ltr'>sive</span> <span class='ocrx_word' id='word_1_56' title='bbox 485 1146 622 1222; x_wconf 88' lang='lat' dir='ltr'>variata,</span> <span class='ocrx_word' id='word_1_57' title='bbox 638 1146 671 1208; x_wconf 89' lang='lat' dir='ltr'>in</span> <span class='ocrx_word' id='word_1_58' title='bbox 685 1145 749 1208; x_wconf 93' lang='lat' dir='ltr'>hoc</span> <span class='ocrx_word' id='word_1_59' title='bbox 766 1156 878 1210; x_wconf 89' lang='lat' dir='ltr'>tamen</span> <span class='ocrx_word' id='word_1_60' title='bbox 898 1164 966 1208; x_wconf 90' lang='lat' dir='ltr'>uno</span> <span class='ocrx_word' id='word_1_61' title='bbox 988 1165 1143 1209; x_wconf 88' lang='lat' dir='ltr'>sermone</span> <span class='ocrx_word' id='word_1_62' title='bbox 1169 1147 1394 1224; x_wconf 91' lang='lat' dir='ltr'>consentiunt,</span> <span class='ocrx_word' id='word_1_63' title='bbox 1409 1146 1442 1212; x_wconf 91' lang='lat' dir='ltr'>id</span> <span class='ocrx_word' id='word_1_64' title='bbox 1472 1155 1533 1223; x_wconf 89' lang='lat' dir='ltr'>est,</span> <span class='ocrx_word' id='word_1_65' title='bbox 1555 1147 1587 1208; x_wconf 88' lang='lat' dir='ltr'>in</span> 
     </span>
     <span class='ocr_line' id='line_1_8' title="bbox 233 1248 1586 1333; baseline 0.001 -20"><span class='ocrx_word' id='word_1_66' title='bbox 233 1249 320 1314; x_wconf 91' lang='lat' dir='ltr'>tituli</span> <span class='ocrx_word' id='word_1_67' title='bbox 337 1249 566 1332; x_wconf 85' lang='lat' dir='ltr'>inscriptione,</span> <span class='ocrx_word' id='word_1_68' title='bbox 582 1249 673 1332; x_wconf 94' lang='lat' dir='ltr'>quod</span> <span class='ocrx_word' id='word_1_69' title='bbox 692 1270 780 1314; x_wconf 91' lang='lat' dir='ltr'>nunc</span> <span class='ocrx_word' id='word_1_70' title='bbox 796 1248 906 1312; x_wconf 89' lang='lat' dir='ltr'>solum</span> <span class='ocrx_word' id='word_1_71' title='bbox 924 1250 956 1312; x_wconf 91' lang='lat' dir='ltr'>in</span> <span class='ocrx_word' id='word_1_72' title='bbox 970 1251 1089 1332; x_wconf 92' lang='lat' dir='ltr'>quinto</span> <span class='ocrx_word' id='word_1_73' title='bbox 1105 1250 1239 1314; x_wconf 90' lang='lat' dir='ltr'>decimo</span> <span class='ocrx_word' id='word_1_74' title='bbox 1252 1250 1383 1333; x_wconf 90' lang='lat' dir='ltr'>psalmo</span> <span class='ocrx_word' id='word_1_75' title='bbox 1394 1250 1586 1332; x_wconf 91' lang='lat' dir='ltr'>ponitur.ln</span> 
     </span>
     <span class='ocr_line' id='line_1_9' title="bbox 231 1353 1585 1438; baseline 0.001 -21"><span class='ocrx_word' id='word_1_76' title='bbox 231 1354 367 1438; x_wconf 86' lang='lat' dir='ltr'>reliquis</span> <span class='ocrx_word' id='word_1_77' title='bbox 383 1354 473 1419; x_wconf 91' lang='lat' dir='ltr'>enim</span> <span class='ocrx_word' id='word_1_78' title='bbox 489 1355 638 1437; x_wconf 92' lang='lat' dir='ltr'>quinque</span> <span class='ocrx_word' id='word_1_79' title='bbox 655 1356 822 1437; x_wconf 85' lang='lat' dir='ltr'>quaedam</span> <span class='ocrx_word' id='word_1_80' title='bbox 839 1363 873 1419; x_wconf 93' lang='lat' dir='ltr'>et</span> <span class='ocrx_word' id='word_1_81' title='bbox 889 1353 1049 1418; x_wconf 91' lang='lat' dir='ltr'>historiae</span> <span class='ocrx_word' id='word_1_82' title='bbox 1075 1365 1338 1437; x_wconf 86' lang='lat' dir='ltr'>praeponuntur,</span> <span class='ocrx_word' id='word_1_83' title='bbox 1354 1364 1390 1419; x_wconf 90' lang='lat' dir='ltr'>ut</span> <span class='ocrx_word' id='word_1_84' title='bbox 1407 1355 1585 1437; x_wconf 86' lang='lat' dir='ltr'>prophetia</span> 
     </span>
     <span class='ocr_line' id='line_1_10' title="bbox 232 1457 1587 1545; baseline 0 -23"><span class='ocrx_word' id='word_1_85' title='bbox 232 1477 331 1541; x_wconf 88' lang='lat' dir='ltr'>super</span> <span class='ocrx_word' id='word_1_86' title='bbox 348 1460 497 1523; x_wconf 92' lang='lat' dir='ltr'>Domino</span> <span class='ocrx_word' id='word_1_87' title='bbox 521 1457 696 1545; x_wconf 86' lang='lat' dir='ltr'>Salvatore</span> <span class='ocrx_word' id='word_1_88' title='bbox 722 1478 788 1522; x_wconf 92' lang='lat' dir='ltr'>non</span> <span class='ocrx_word' id='word_1_89' title='bbox 814 1457 923 1522; x_wconf 92' lang='lat' dir='ltr'>solum</span> <span class='ocrx_word' id='word_1_90' title='bbox 951 1457 1054 1522; x_wconf 91' lang='lat' dir='ltr'>verbo</span> <span class='ocrx_word' id='word_1_91' title='bbox 1081 1459 1139 1522; x_wconf 91' lang='lat' dir='ltr'>sed</span> <span class='ocrx_word' id='word_1_92' title='bbox 1165 1459 1266 1522; x_wconf 89' lang='lat' dir='ltr'>etiam</span> <span class='ocrx_word' id='word_1_93' title='bbox 1295 1478 1396 1541; x_wconf 91' lang='lat' dir='ltr'>opere</span> <span class='ocrx_word' id='word_1_94' title='bbox 1423 1468 1587 1523; x_wconf 89' lang='lat' dir='ltr'>monstra·</span> 
     </span>
     <span class='ocr_line' id='line_1_11' title="bbox 182 1562 1585 1646; baseline 0.001 -19"><span class='ocrx_word' id='word_1_95' title='bbox 182 1589 215 1628; x_wconf 88' lang='lat' dir='ltr'>ro</span> <span class='ocrx_word' id='word_1_96' title='bbox 233 1573 329 1628; x_wconf 88' lang='lat' dir='ltr'>retur.</span> <span class='ocrx_word' id='word_1_97' title='bbox 348 1563 419 1630; x_wconf 88' lang='lat' dir='ltr'>Sex</span> <span class='ocrx_word' id='word_1_98' title='bbox 435 1572 549 1628; x_wconf 88' lang='lat' dir='ltr'>autern</span> <span class='ocrx_word' id='word_1_99' title='bbox 566 1563 610 1626; x_wconf 91' lang='lat' dir='ltr'>ob</span> <span class='ocrx_word' id='word_1_100' title='bbox 625 1563 712 1627; x_wconf 90' lang='lat' dir='ltr'>hanc</span> <span class='ocrx_word' id='word_1_101' title='bbox 729 1583 864 1626; x_wconf 85' lang='lat' dir='ltr'>causam</span> <span class='ocrx_word' id='word_1_102' title='bbox 883 1571 967 1645; x_wconf 92' lang='lat' dir='ltr'>puto</span> <span class='ocrx_word' id='word_1_103' title='bbox 983 1583 1056 1626; x_wconf 90' lang='lat' dir='ltr'>esse</span> <span class='ocrx_word' id='word_1_104' title='bbox 1069 1562 1217 1645; x_wconf 90' lang='lat' dir='ltr'>psalmos</span> <span class='ocrx_word' id='word_1_105' title='bbox 1234 1563 1289 1646; x_wconf 90' lang='lat' dir='ltr'>qui</span> <span class='ocrx_word' id='word_1_106' title='bbox 1308 1563 1371 1627; x_wconf 93' lang='lat' dir='ltr'>hoc</span> <span class='ocrx_word' id='word_1_107' title='bbox 1389 1565 1585 1646; x_wconf 89' lang='lat' dir='ltr'>mysterium</span> 
     </span>
     <span class='ocr_line' id='line_1_12' title="bbox 230 1665 1587 1750; baseline -0.001 -18"><span class='ocrx_word' id='word_1_108' title='bbox 230 1669 427 1733; x_wconf 86' lang='lat' dir='ltr'>contineant</span> <span class='ocrx_word' id='word_1_109' title='bbox 443 1678 476 1731; x_wconf 91' lang='lat' dir='ltr'>et</span> <span class='ocrx_word' id='word_1_110' title='bbox 492 1668 551 1732; x_wconf 84' lang='lat' dir='ltr'>tali</span> <span class='ocrx_word' id='word_1_111' title='bbox 568 1667 668 1732; x_wconf 91' lang='lat' dir='ltr'>titulo</span> <span class='ocrx_word' id='word_1_112' title='bbox 684 1676 934 1750; x_wconf 87' lang='lat' dir='ltr'>praenotentur,</span> <span class='ocrx_word' id='word_1_113' title='bbox 951 1668 1029 1749; x_wconf 91' lang='lat' dir='ltr'>quia</span> <span class='ocrx_word' id='word_1_114' title='bbox 1046 1665 1204 1732; x_wconf 88' lang='lat' dir='ltr'>Salvator</span> <span class='ocrx_word' id='word_1_115' title='bbox 1227 1668 1259 1730; x_wconf 93' lang='lat' dir='ltr'>in</span> <span class='ocrx_word' id='word_1_116' title='bbox 1285 1677 1383 1733; x_wconf 89' lang='lat' dir='ltr'>sexta</span> <span class='ocrx_word' id='word_1_117' title='bbox 1400 1667 1454 1732; x_wconf 90' lang='lat' dir='ltr'>die</span> <span class='ocrx_word' id='word_1_118' title='bbox 1471 1669 1587 1732; x_wconf 90' lang='lat' dir='ltr'>mundi</span> 
     </span>
     <span class='ocr_line' id='line_1_13' title="bbox 231 1771 1585 1857; baseline -0.001 -20"><span class='ocrx_word' id='word_1_119' title='bbox 231 1793 291 1857; x_wconf 91' lang='lat' dir='ltr'>pro</span> <span class='ocrx_word' id='word_1_120' title='bbox 303 1773 460 1837; x_wconf 89' lang='lat' dir='ltr'>omnibus</span> <span class='ocrx_word' id='word_1_121' title='bbox 477 1771 657 1837; x_wconf 89' lang='lat' dir='ltr'>crucifixus</span> <span class='ocrx_word' id='word_1_122' title='bbox 675 1771 820 1835; x_wconf 88' lang='lat' dir='ltr'>moriens</span> <span class='ocrx_word' id='word_1_123' title='bbox 836 1781 868 1834; x_wconf 92' lang='lat' dir='ltr'>et</span> <span class='ocrx_word' id='word_1_124' title='bbox 886 1791 1061 1854; x_wconf 86' lang='lat' dir='ltr'>resurgens</span> <span class='ocrx_word' id='word_1_125' title='bbox 1088 1772 1175 1834; x_wconf 91' lang='lat' dir='ltr'>hunc</span> <span class='ocrx_word' id='word_1_126' title='bbox 1200 1772 1297 1836; x_wconf 90' lang='lat' dir='ltr'>nobis</span> <span class='ocrx_word' id='word_1_127' title='bbox 1314 1773 1409 1854; x_wconf 87' lang='lat' dir='ltr'>quasi</span> <span class='ocrx_word' id='word_1_128' title='bbox 1427 1772 1585 1837; x_wconf 90' lang='lat' dir='ltr'>victoriae</span> 
     </span>
     <span class='ocr_line' id='line_1_14' title="bbox 229 1875 1585 1960; baseline 0 -20"><span class='ocrx_word' id='word_1_129' title='bbox 229 1897 309 1942; x_wconf 90' lang='lat' dir='ltr'>suae</span> <span class='ocrx_word' id='word_1_130' title='bbox 325 1877 459 1942; x_wconf 90' lang='lat' dir='ltr'>titulum</span> <span class='ocrx_word' id='word_1_131' title='bbox 477 1876 669 1960; x_wconf 90' lang='lat' dir='ltr'>dereliquit;</span> <span class='ocrx_word' id='word_1_132' title='bbox 686 1885 722 1940; x_wconf 91' lang='lat' dir='ltr'>ut</span> <span class='ocrx_word' id='word_1_133' title='bbox 739 1875 887 1958; x_wconf 86' lang='lat' dir='ltr'>psalmos</span> <span class='ocrx_word' id='word_1_134' title='bbox 903 1875 984 1940; x_wconf 91' lang='lat' dir='ltr'>istos</span> <span class='ocrx_word' id='word_1_135' title='bbox 1001 1878 1056 1959; x_wconf 91' lang='lat' dir='ltr'>qui</span> <span class='ocrx_word' id='word_1_136' title='bbox 1070 1875 1121 1939; x_wconf 93' lang='lat' dir='ltr'>his</span> <span class='ocrx_word' id='word_1_137' title='bbox 1138 1875 1458 1958; x_wconf 83' lang='lat' dir='ltr'>praescriptionibus</span> <span class='ocrx_word' id='word_1_138' title='bbox 1482 1877 1585 1942; x_wconf 87' lang='lat' dir='ltr'>adno-</span> 
     </span>
     <span class='ocr_line' id='line_1_15' title="bbox 230 1979 1587 2063; baseline -0.003 -17"><span class='ocrx_word' id='word_1_139' title='bbox 230 1991 344 2046; x_wconf 88' lang='lat' dir='ltr'>tantur</span> <span class='ocrx_word' id='word_1_140' title='bbox 356 1982 585 2046; x_wconf 88' lang='lat' dir='ltr'>describamus</span> <span class='ocrx_word' id='word_1_141' title='bbox 597 1981 630 2044; x_wconf 92' lang='lat' dir='ltr'>in</span> <span class='ocrx_word' id='word_1_142' title='bbox 647 1981 802 2044; x_wconf 87' lang='lat' dir='ltr'>cordibus</span> <span class='ocrx_word' id='word_1_143' title='bbox 818 1981 952 2057; x_wconf 88' lang='lat' dir='ltr'>nostris,</span> <span class='ocrx_word' id='word_1_144' title='bbox 968 1990 1000 2044; x_wconf 92' lang='lat' dir='ltr'>et</span> <span class='ocrx_word' id='word_1_145' title='bbox 1017 1982 1210 2062; x_wconf 83' lang='lat' dir='ltr'>ingeramus</span> <span class='ocrx_word' id='word_1_146' title='bbox 1227 1981 1259 2044; x_wconf 92' lang='lat' dir='ltr'>in</span> <span class='ocrx_word' id='word_1_147' title='bbox 1278 1979 1343 2042; x_wconf 87' lang='lat' dir='ltr'>illis</span> <span class='ocrx_word' id='word_1_148' title='bbox 1360 1979 1495 2063; x_wconf 88' lang='lat' dir='ltr'>eloquia</span> <span class='ocrx_word' id='word_1_149' title='bbox 1512 1981 1587 2054; x_wconf 82' lang='lat' dir='ltr'>Dei,</span> 
     </span>
     <span class='ocr_line' id='line_1_16' title="bbox 180 2084 1586 2168; baseline -0.003 -16"><span class='ocrx_word' id='word_1_150' title='bbox 180 2113 211 2168; x_wconf 72' lang='grc' dir='ltr'>ις</span> <span class='ocrx_word' id='word_1_151' title='bbox 229 2097 263 2150; x_wconf 92' lang='lat' dir='ltr'>ct</span> <span class='ocrx_word' id='word_1_152' title='bbox 280 2096 409 2150; x_wconf 88' lang='lat' dir='ltr'>mentes</span> <span class='ocrx_word' id='word_1_153' title='bbox 426 2097 559 2150; x_wconf 89' lang='lat' dir='ltr'>nostrae</span> <span class='ocrx_word' id='word_1_154' title='bbox 577 2085 693 2149; x_wconf 89' lang='lat' dir='ltr'>mortis</span> <span class='ocrx_word' id='word_1_155' title='bbox 708 2084 898 2147; x_wconf 87' lang='lat' dir='ltr'>dominicae</span> <span class='ocrx_word' id='word_1_156' title='bbox 915 2104 1081 2148; x_wconf 92' lang='lat' dir='ltr'>memores</span> <span class='ocrx_word' id='word_1_157' title='bbox 1108 2084 1198 2161; x_wconf 86' lang='lat' dir='ltr'>sint;</span> <span class='ocrx_word' id='word_1_158' title='bbox 1225 2094 1261 2148; x_wconf 91' lang='lat' dir='ltr'>ut</span> <span class='ocrx_word' id='word_1_159' title='bbox 1288 2086 1460 2167; x_wconf 91' lang='lat' dir='ltr'>quomodo</span> <span class='ocrx_word' id='word_1_160' title='bbox 1485 2085 1586 2148; x_wconf 91' lang='lat' dir='ltr'>lacob</span> 
     </span>
     <span class='ocr_line' id='line_1_17' title="bbox 231 2188 1587 2272; baseline -0.001 -18"><span class='ocrx_word' id='word_1_161' title='bbox 231 2189 307 2255; x_wconf 89' lang='lat' dir='ltr'>iecit</span> <span class='ocrx_word' id='word_1_162' title='bbox 325 2189 464 2255; x_wconf 85' lang='lat' dir='ltr'>Racheli</span> <span class='ocrx_word' id='word_1_163' title='bbox 481 2189 617 2254; x_wconf 89' lang='lat' dir='ltr'>titulum</span> <span class='ocrx_word' id='word_1_164' title='bbox 633 2202 666 2252; x_wconf 86' lang='lat' dir='ltr'>et</span> <span class='ocrx_word' id='word_1_165' title='bbox 683 2208 788 2271; x_wconf 91' lang='lat' dir='ltr'>usque</span> <span class='ocrx_word' id='word_1_166' title='bbox 805 2188 906 2252; x_wconf 91' lang='lat' dir='ltr'>hodie</span> <span class='ocrx_word' id='word_1_167' title='bbox 933 2198 1117 2271; x_wconf 88' lang='lat' dir='ltr'>permanet,</span> <span class='ocrx_word' id='word_1_168' title='bbox 1145 2190 1191 2252; x_wconf 88' lang='lat' dir='ltr'>ita</span> <span class='ocrx_word' id='word_1_169' title='bbox 1219 2208 1281 2252; x_wconf 88' lang='lat' dir='ltr'>nos</span> <span class='ocrx_word' id='word_1_170' title='bbox 1306 2189 1470 2272; x_wconf 89' lang='lat' dir='ltr'>passionis</span> <span class='ocrx_word' id='word_1_171' title='bbox 1498 2189 1587 2253; x_wconf 90' lang='lat' dir='ltr'>illius</span> 
     </span>
     <span class='ocr_line' id='line_1_18' title="bbox 230 2293 1584 2376; baseline -0.003 -16"><span class='ocrx_word' id='word_1_172' title='bbox 230 2295 363 2360; x_wconf 90' lang='lat' dir='ltr'>titulum</span> <span class='ocrx_word' id='word_1_173' title='bbox 381 2306 414 2359; x_wconf 89' lang='lat' dir='ltr'>et</span> <span class='ocrx_word' id='word_1_174' title='bbox 431 2295 626 2359; x_wconf 87' lang='lat' dir='ltr'>memoriam</span> <span class='ocrx_word' id='word_1_175' title='bbox 643 2295 677 2356; x_wconf 92' lang='lat' dir='ltr'>in</span> <span class='ocrx_word' id='word_1_176' title='bbox 694 2304 809 2357; x_wconf 90' lang='lat' dir='ltr'>nostro</span> <span class='ocrx_word' id='word_1_177' title='bbox 825 2293 1116 2376; x_wconf 87' lang='lat' dir='ltr'>cordesignemus.</span> <span class='ocrx_word' id='word_1_178' title='bbox 1132 2293 1250 2376; x_wconf 89' lang='lat' dir='ltr'>Neque</span> <span class='ocrx_word' id='word_1_179' title='bbox 1264 2313 1343 2358; x_wconf 90' lang='lat' dir='ltr'>vero</span> <span class='ocrx_word' id='word_1_180' title='bbox 1355 2293 1436 2357; x_wconf 92' lang='lat' dir='ltr'>illud</span> <span class='ocrx_word' id='word_1_181' title='bbox 1449 2294 1584 2376; x_wconf 88' lang='lat' dir='ltr'>exposi-</span> 
     </span>
     <span class='ocr_line' id='line_1_19' title="bbox 228 2397 1584 2481; baseline -0.002 -17"><span class='ocrx_word' id='word_1_182' title='bbox 228 2400 313 2464; x_wconf 93' lang='lat' dir='ltr'>tioni</span> <span class='ocrx_word' id='word_1_183' title='bbox 330 2411 463 2464; x_wconf 88' lang='lat' dir='ltr'>nostrae</span> <span class='ocrx_word' id='word_1_184' title='bbox 480 2408 614 2481; x_wconf 92' lang='lat' dir='ltr'>putetur</span> <span class='ocrx_word' id='word_1_185' title='bbox 629 2400 818 2472; x_wconf 88' lang='lat' dir='ltr'>adversum,</span> <span class='ocrx_word' id='word_1_186' title='bbox 836 2398 925 2480; x_wconf 92' lang='lat' dir='ltr'>quod</span> <span class='ocrx_word' id='word_1_187' title='bbox 945 2397 1114 2462; x_wconf 91' lang='lat' dir='ltr'>Dominus</span> <span class='ocrx_word' id='word_1_188' title='bbox 1130 2397 1164 2460; x_wconf 93' lang='lat' dir='ltr'>in</span> <span class='ocrx_word' id='word_1_189' title='bbox 1189 2400 1264 2479; x_wconf 92' lang='lat' dir='ltr'>lege</span> <span class='ocrx_word' id='word_1_190' title='bbox 1280 2399 1452 2481; x_wconf 89' lang='lat' dir='ltr'>praecepit</span> <span class='ocrx_word' id='word_1_191' title='bbox 1465 2403 1491 2463; x_wconf 79' lang='lat'>:⁸</span> <span class='ocrx_word' id='word_1_192' title='bbox 1508 2398 1584 2462; x_wconf 92' lang='lat' dir='ltr'>Non</span> 
     </span>
     <span class='ocr_line' id='line_1_20' title="bbox 229 2501 1583 2586; baseline 0.001 -19"><span class='ocrx_word' id='word_1_193' title='bbox 229 2503 329 2568; x_wconf 87' lang='lat' dir='ltr'>iacies</span> <span class='ocrx_word' id='word_1_194' title='bbox 346 2504 406 2568; x_wconf 92' lang='lat' dir='ltr'>tibi</span> <span class='ocrx_word' id='word_1_195' title='bbox 421 2503 565 2582; x_wconf 92' lang='lat' dir='ltr'>titulum,</span> <span class='ocrx_word' id='word_1_196' title='bbox 576 2524 660 2585; x_wconf 91' lang='lat' dir='ltr'>quae</span> <span class='ocrx_word' id='word_1_197' title='bbox 670 2503 742 2567; x_wconf 88' lang='lat' dir='ltr'>odit</span> <span class='ocrx_word' id='word_1_198' title='bbox 758 2503 925 2567; x_wconf 89' lang='lat' dir='ltr'>Dominus</span> <span class='ocrx_word' id='word_1_199' title='bbox 937 2502 1031 2566; x_wconf 92' lang='lat' dir='ltr'>Deus</span> <span class='ocrx_word' id='word_1_200' title='bbox 1041 2501 1136 2565; x_wconf 88' lang='lat' dir='ltr'>tuus&#39;</span> <span class='ocrx_word' id='word_1_201' title='bbox 1152 2503 1230 2582; x_wconf 89' lang='lat' dir='ltr'>;sed</span> <span class='ocrx_word' id='word_1_202' title='bbox 1248 2503 1291 2566; x_wconf 91' lang='lat' dir='ltr'>ad</span> <span class='ocrx_word' id='word_1_203' title='bbox 1305 2503 1510 2586; x_wconf 85' lang='lat' dir='ltr'>singularem</span> <span class='ocrx_word' id='word_1_204' title='bbox 1527 2524 1583 2568; x_wconf 90' lang='lat' dir='ltr'>nu·</span> 
     </span>
     <span class='ocr_line' id='line_1_21' title="bbox 173 2605 1585 2690; baseline -0.005 -13"><span class='ocrx_word' id='word_1_205' title='bbox 173 2640 208 2677; x_wconf 74' lang='grc' dir='ltr'>ιο</span> <span class='ocrx_word' id='word_1_206' title='bbox 228 2628 355 2673; x_wconf 90' lang='lat' dir='ltr'>merum</span> <span class='ocrx_word' id='word_1_207' title='bbox 372 2607 460 2672; x_wconf 90' lang='lat' dir='ltr'>tituli</span> <span class='ocrx_word' id='word_1_208' title='bbox 472 2609 633 2688; x_wconf 84' lang='lat' dir='ltr'>pluralem</span> <span class='ocrx_word' id='word_1_209' title='bbox 645 2608 777 2690; x_wconf 88' lang='lat' dir='ltr'>generis</span> <span class='ocrx_word' id='word_1_210' title='bbox 792 2607 951 2670; x_wconf 88' lang='lat' dir='ltr'>neutralis</span> <span class='ocrx_word' id='word_1_211' title='bbox 963 2607 1074 2670; x_wconf 87' lang='lat' dir='ltr'>iunxit</span> <span class='ocrx_word' id='word_1_212' title='bbox 1085 2605 1315 2690; x_wconf 84' lang='lat' dir='ltr'>dicens,Quae</span> <span class='ocrx_word' id='word_1_213' title='bbox 1328 2608 1400 2672; x_wconf 92' lang='lat' dir='ltr'>odit</span> <span class='ocrx_word' id='word_1_214' title='bbox 1415 2607 1585 2672; x_wconf 88' lang='lat' dir='ltr'>Dominus</span> 
     </span>
     <span class='ocr_line' id='line_1_22' title="bbox 230 2711 1583 2794; baseline -0.001 -17"><span class='ocrx_word' id='word_1_215' title='bbox 230 2714 320 2777; x_wconf 89' lang='lat' dir='ltr'>Deus</span> <span class='ocrx_word' id='word_1_216' title='bbox 335 2724 421 2789; x_wconf 91' lang='lat' dir='ltr'>tuus,</span> <span class='ocrx_word' id='word_1_217' title='bbox 438 2711 471 2776; x_wconf 93' lang='lat' dir='ltr'>id</span> <span class='ocrx_word' id='word_1_218' title='bbox 488 2722 549 2784; x_wconf 85' lang='lat' dir='ltr'>est,</span> <span class='ocrx_word' id='word_1_219' title='bbox 565 2732 632 2775; x_wconf 89' lang='lat' dir='ltr'>non</span> <span class='ocrx_word' id='word_1_220' title='bbox 651 2711 751 2775; x_wconf 84' lang='lat' dir='ltr'>iacies</span> <span class='ocrx_word' id='word_1_221' title='bbox 768 2713 848 2775; x_wconf 87' lang='lat' dir='ltr'>talia</span> <span class='ocrx_word' id='word_1_222' title='bbox 864 2731 976 2793; x_wconf 90' lang='lat' dir='ltr'>opera,</span> <span class='ocrx_word' id='word_1_223' title='bbox 992 2731 1078 2794; x_wconf 88' lang='lat' dir='ltr'>quae</span> <span class='ocrx_word' id='word_1_224' title='bbox 1095 2712 1128 2774; x_wconf 94' lang='lat' dir='ltr'>in</span> <span class='ocrx_word' id='word_1_225' title='bbox 1146 2713 1464 2776; x_wconf 90' lang='lat' dir='ltr'>condemnationem</span> <span class='ocrx_word' id='word_1_226' title='bbox 1489 2722 1583 2775; x_wconf 88' lang='lat' dir='ltr'>tuam</span> 
     </span>
     <span class='ocr_line' id='line_1_23' title="bbox 226 2814 1585 2881; baseline -0.003 0"><span class='ocrx_word' id='word_1_227' title='bbox 226 2829 383 2881; x_wconf 89' lang='lat' dir='ltr'>maneant</span> <span class='ocrx_word' id='word_1_228' title='bbox 400 2817 432 2878; x_wconf 92' lang='lat' dir='ltr'>in</span> <span class='ocrx_word' id='word_1_229' title='bbox 450 2825 631 2880; x_wconf 87' lang='lat' dir='ltr'>aeternum.</span> <span class='ocrx_word' id='word_1_230' title='bbox 651 2815 745 2878; x_wconf 88' lang='lat' dir='ltr'>Haec</span> <span class='ocrx_word' id='word_1_231' title='bbox 761 2816 850 2879; x_wconf 91' lang='lat' dir='ltr'>enim</span> <span class='ocrx_word' id='word_1_232' title='bbox 868 2816 940 2879; x_wconf 93' lang='lat' dir='ltr'>odit</span> <span class='ocrx_word' id='word_1_233' title='bbox 958 2815 1126 2879; x_wconf 90' lang='lat' dir='ltr'>Dominus</span> <span class='ocrx_word' id='word_1_234' title='bbox 1144 2815 1238 2879; x_wconf 92' lang='lat' dir='ltr'>Deus</span> <span class='ocrx_word' id='word_1_235' title='bbox 1256 2825 1343 2879; x_wconf 90' lang='lat' dir='ltr'>tuus.</span> <span class='ocrx_word' id='word_1_236' title='bbox 1354 2814 1455 2879; x_wconf 90' lang='lat' dir='ltr'>Tales</span> <span class='ocrx_word' id='word_1_237' title='bbox 1468 2816 1585 2880; x_wconf 91' lang='lat' dir='ltr'>titulos</span> 
     </span>
     <span class='ocr_line' id='line_1_24' title="bbox 223 2919 1585 3004; baseline -0.003 -18"><span class='ocrx_word' id='word_1_238' title='bbox 223 2923 250 2986; x_wconf 93' lang='lat' dir='ltr'>si</span> <span class='ocrx_word' id='word_1_239' title='bbox 267 2922 353 2986; x_wconf 82' lang='lat' dir='ltr'>forte</span> <span class='ocrx_word' id='word_1_240' title='bbox 368 2939 428 3004; x_wconf 91' lang='lat' dir='ltr'>per</span> <span class='ocrx_word' id='word_1_241' title='bbox 444 2919 690 3002; x_wconf 89' lang='lat' dir='ltr'>neglegentiam</span> <span class='ocrx_word' id='word_1_242' title='bbox 708 2930 856 2984; x_wconf 87' lang='lat' dir='ltr'>nostram</span> <span class='ocrx_word' id='word_1_243' title='bbox 874 2919 929 2982; x_wconf 91' lang='lat' dir='ltr'>ille</span> <span class='ocrx_word' id='word_1_244' title='bbox 940 2921 995 3003; x_wconf 90' lang='lat' dir='ltr'>qui</span> <span class='ocrx_word' id='word_1_245' title='bbox 1009 2919 1172 2984; x_wconf 89' lang='lat' dir='ltr'>zizaniam</span> <span class='ocrx_word' id='word_1_246' title='bbox 1184 2921 1430 3002; x_wconf 88' lang='lat' dir='ltr'>superseminat</span> <span class='ocrx_word' id='word_1_247' title='bbox 1447 2919 1479 2983; x_wconf 92' lang='lat' dir='ltr'>in</span> <span class='ocrx_word' id='word_1_248' title='bbox 1497 2929 1585 2984; x_wconf 87' lang='lat' dir='ltr'>terra</span> 
     </span>
     <span class='ocr_line' id='line_1_25' title="bbox 224 3021 1583 3115; baseline -0.003 -25"><span class='ocrx_word' id='word_1_249' title='bbox 224 3024 490 3108; x_wconf 91' lang='lat' dir='ltr'>repromissionis</span> <span class='ocrx_word' id='word_1_250' title='bbox 505 3024 707 3099; x_wconf 88' lang='lat' dir='ltr'>extruxerit,</span> <span class='ocrx_word' id='word_1_251' title='bbox 730 3023 844 3087; x_wconf 91' lang='lat' dir='ltr'>iubent</span> <span class='ocrx_word' id='word_1_252' title='bbox 872 3023 946 3087; x_wconf 87' lang='lat' dir='ltr'>filiis</span> <span class='ocrx_word' id='word_1_253' title='bbox 966 3023 1065 3087; x_wconf 90' lang='lat' dir='ltr'>lsrael</span> <span class='ocrx_word' id='word_1_254' title='bbox 1084 3021 1261 3115; x_wconf 74' lang='lat' dir='ltr'>dropzrrrroi,</span> <span class='ocrx_word' id='word_1_255' title='bbox 1290 3024 1446 3088; x_wconf 90' lang='lat' dir='ltr'>videlicet</span> <span class='ocrx_word' id='word_1_256' title='bbox 1479 3025 1583 3107; x_wconf 87' lang='lat' dir='ltr'>magi·</span> 
     </span>
    </p>
   </div>
   <div class='ocr_carea' id='block_1_3' title="bbox 168 3132 1582 3216">
    <p class='ocr_par' dir='ltr' id='par_1_3' title="bbox 168 3132 1582 3216">
     <span class='ocr_line' id='line_1_26' title="bbox 168 3132 1582 3216; baseline -0.002 -16"><span class='ocrx_word' id='word_1_257' title='bbox 168 3161 202 3214; x_wconf 82' lang='lat'>²5</span> <span class='ocrx_word' id='word_1_258' title='bbox 222 3135 290 3210; x_wconf 89' lang='lat' dir='ltr'>stri,</span> <span class='ocrx_word' id='word_1_259' title='bbox 307 3142 344 3198; x_wconf 93' lang='lat' dir='ltr'>ut</span> <span class='ocrx_word' id='word_1_260' title='bbox 361 3142 512 3198; x_wconf 87' lang='lat' dir='ltr'>evertant</span> <span class='ocrx_word' id='word_1_261' title='bbox 528 3134 602 3196; x_wconf 92' lang='lat' dir='ltr'>illos</span> <span class='ocrx_word' id='word_1_262' title='bbox 617 3143 652 3198; x_wconf 90' lang='lat' dir='ltr'>et</span> <span class='ocrx_word' id='word_1_263' title='bbox 668 3132 829 3197; x_wconf 90' lang='lat' dir='ltr'>subruant</span> <span class='ocrx_word' id='word_1_264' title='bbox 846 3143 880 3196; x_wconf 91' lang='lat' dir='ltr'>et</span> <span class='ocrx_word' id='word_1_265' title='bbox 896 3133 938 3195; x_wconf 89' lang='lat' dir='ltr'>de</span> <span class='ocrx_word' id='word_1_266' title='bbox 955 3142 1043 3196; x_wconf 90' lang='lat' dir='ltr'>terra</span> <span class='ocrx_word' id='word_1_267' title='bbox 1059 3152 1145 3216; x_wconf 86' lang='lat' dir='ltr'>quae</span> <span class='ocrx_word' id='word_1_268' title='bbox 1165 3133 1253 3196; x_wconf 87' lang='lat' dir='ltr'>lacte</span> <span class='ocrx_word' id='word_1_269' title='bbox 1269 3141 1303 3197; x_wconf 94' lang='lat' dir='ltr'>et</span> <span class='ocrx_word' id='word_1_270' title='bbox 1320 3132 1419 3198; x_wconf 88' lang='lat' dir='ltr'>melle</span> <span class='ocrx_word' id='word_1_271' title='bbox 1435 3133 1508 3199; x_wconf 87' lang='lat' dir='ltr'>fluit</span> <span class='ocrx_word' id='word_1_272' title='bbox 1524 3153 1582 3197; x_wconf 90' lang='lat' dir='ltr'>ex·</span> 
     </span>
    </p>
   </div>
   <div class='ocr_carea' id='block_1_4' title="bbox 218 3337 1584 4064">
    <p class='ocr_par' dir='ltr' id='par_1_4' title="bbox 218 3337 1584 4064">
     <span class='ocr_line' id='line_1_27' title="bbox 257 3337 1582 3404; baseline 0.002 -16"><span class='ocrx_word' id='word_1_273' title='bbox 257 3351 278 3388; x_wconf 88' lang='lat'>1·</span> <span class='ocrx_word' id='word_1_274' title='bbox 283 3352 298 3403; x_wconf 82' lang='lat'><strong>3</strong></span> <span class='ocrx_word' id='word_1_275' title='bbox 308 3338 415 3404; x_wconf 77' lang='lat' dir='ltr'>quintus</span> <span class='ocrx_word' id='word_1_276' title='bbox 425 3338 565 3388; x_wconf 76' lang='lat' dir='ltr'>decimus...</span> <span class='ocrx_word' id='word_1_277' title='bbox 578 3344 602 3386; x_wconf 84' lang='lat' dir='ltr'>et</span> <span class='ocrx_word' id='word_1_278' title='bbox 611 3338 837 3403; x_wconf 80' lang='lat' dir='ltr'>quinquagesimus</span> <span class='ocrx_word' id='word_1_279' title='bbox 848 3337 941 3397; x_wconf 82' lang='lat' dir='ltr'>nonus]</span> <span class='ocrx_word' id='word_1_280' title='bbox 953 3337 1034 3387; x_wconf 86' lang='lat' dir='ltr'>Locus</span> <span class='ocrx_word' id='word_1_281' title='bbox 1046 3337 1070 3387; x_wconf 90' lang='lat' dir='ltr'>in</span> <span class='ocrx_word' id='word_1_282' title='bbox 1085 3339 1113 3387; x_wconf 89' lang='lat' dir='ltr'>M</span> <span class='ocrx_word' id='word_1_283' title='bbox 1126 3337 1234 3401; x_wconf 84' lang='lat' dir='ltr'>pessime</span> <span class='ocrx_word' id='word_1_284' title='bbox 1245 3337 1347 3388; x_wconf 89' lang='lat' dir='ltr'>habitus</span> <span class='ocrx_word' id='word_1_285' title='bbox 1359 3357 1365 3388; x_wconf 77' lang='grc' dir='ltr'>ι</span> <span class='ocrx_word' id='word_1_286' title='bbox 1377 3339 1473 3400; x_wconf 82' lang='lat' dir='ltr'>Quinto</span> <span class='ocrx_word' id='word_1_287' title='bbox 1482 3339 1582 3392; x_wconf 83' lang='lat' dir='ltr'>decimo.</span> 
     </span>
     <span class='ocr_line' id='line_1_28' title="bbox 224 3419 1584 3488; baseline 0.003 -17"><span class='ocrx_word' id='word_1_288' title='bbox 224 3421 421 3487; x_wconf 77' lang='lat' dir='ltr'>Quinquaginta</span> <span class='ocrx_word' id='word_1_289' title='bbox 429 3421 526 3486; x_wconf 83' lang='lat' dir='ltr'>quinto.</span> <span class='ocrx_word' id='word_1_290' title='bbox 540 3422 736 3486; x_wconf 78' lang='lat' dir='ltr'>Quinquaginta</span> <span class='ocrx_word' id='word_1_291' title='bbox 744 3425 826 3470; x_wconf 81' lang='lat' dir='ltr'>sexto!</span> <span class='ocrx_word' id='word_1_292' title='bbox 925 3419 1044 3482; x_wconf 81' lang='lat' dir='ltr'>4rrostrr]</span> <span class='ocrx_word' id='word_1_293' title='bbox 1057 3421 1187 3479; x_wconf 88' lang='lat' dir='ltr'>OV;om.</span> <span class='ocrx_word' id='word_1_294' title='bbox 1203 3421 1239 3470; x_wconf 88' lang='lat' dir='ltr'>M.</span> <span class='ocrx_word' id='word_1_295' title='bbox 1343 3423 1584 3488; x_wconf 82' lang='lat' dir='ltr'>7inqrrirrto]OV;</span> 
     </span>
     <span class='ocr_line' id='line_1_29' title="bbox 222 3501 1584 3566; baseline 0 -12"><span class='ocrx_word' id='word_1_296' title='bbox 222 3505 249 3554; x_wconf 80' lang='lat' dir='ltr'>M</span> <span class='ocrx_word' id='word_1_297' title='bbox 261 3521 311 3554; x_wconf 93' lang='lat' dir='ltr'>om.</span> <span class='ocrx_word' id='word_1_298' title='bbox 325 3506 363 3553; x_wconf 84' lang='lat' dir='ltr'>irr.</span> <span class='ocrx_word' id='word_1_299' title='bbox 442 3503 490 3553; x_wconf 80' lang='lat' dir='ltr'>Set</span> <span class='ocrx_word' id='word_1_300' title='bbox 498 3503 627 3564; x_wconf 79' lang='lat' dir='ltr'>historiae]</span> <span class='ocrx_word' id='word_1_301' title='bbox 638 3505 667 3562; x_wconf 92' lang='lat' dir='ltr'>V,</span> <span class='ocrx_word' id='word_1_302' title='bbox 681 3520 745 3553; x_wconf 89' lang='lat' dir='ltr'>corr.</span> <span class='ocrx_word' id='word_1_303' title='bbox 759 3519 789 3551; x_wconf 83' lang='lat' dir='ltr'>ex</span> <span class='ocrx_word' id='word_1_304' title='bbox 801 3509 825 3552; x_wconf 79' lang='lat' dir='ltr'>et</span> <span class='ocrx_word' id='word_1_305' title='bbox 835 3502 951 3550; x_wconf 74' lang='lat' dir='ltr'>historice</span> <span class='ocrx_word' id='word_1_306' title='bbox 963 3503 986 3553; x_wconf 94' lang='grc' dir='ltr'>Ο</span> <span class='ocrx_word' id='word_1_307' title='bbox 999 3503 1041 3561; x_wconf 84' lang='lat' dir='ltr'>(ci.</span> <span class='ocrx_word' id='word_1_308' title='bbox 1058 3503 1109 3552; x_wconf 90' lang='lat'>111¹</span> <span class='ocrx_word' id='word_1_309' title='bbox 1123 3513 1163 3566; x_wconf 84' lang='grc'>52,</span> <span class='ocrx_word' id='word_1_310' title='bbox 1177 3501 1220 3563; x_wconf 85' lang='grc'>6);</span> <span class='ocrx_word' id='word_1_311' title='bbox 1235 3503 1263 3552; x_wconf 88' lang='lat' dir='ltr'>M</span> <span class='ocrx_word' id='word_1_312' title='bbox 1275 3519 1324 3552; x_wconf 90' lang='lat' dir='ltr'>orn.</span> <span class='ocrx_word' id='word_1_313' title='bbox 1339 3511 1369 3554; x_wconf 83' lang='lat' dir='ltr'>et.</span> <span class='ocrx_word' id='word_1_314' title='bbox 1447 3519 1462 3566; x_wconf 86' lang='lat'>9</span> <span class='ocrx_word' id='word_1_315' title='bbox 1475 3506 1584 3554; x_wconf 83' lang='lat' dir='ltr'>Domino</span> 
     </span>
     <span class='ocr_line' id='line_1_30' title="bbox 219 3585 1584 3650; baseline -0.001 -13"><span class='ocrx_word' id='word_1_316' title='bbox 219 3586 360 3647; x_wconf 84' lang='lat' dir='ltr'>Salvatore]</span> <span class='ocrx_word' id='word_1_317' title='bbox 374 3585 646 3644; x_wconf 66' lang='lat' dir='ltr'>MraccusativoOV.</span> <span class='ocrx_word' id='word_1_318' title='bbox 740 3585 1083 3648; x_wconf 72' lang='lat' dir='ltr'>13praescriprrom‘tusltt;</span> <span class='ocrx_word' id='word_1_319' title='bbox 1107 3585 1288 3648; x_wconf 78' lang='lat' dir='ltr'>scriptionibus</span> <span class='ocrx_word' id='word_1_320' title='bbox 1310 3586 1367 3636; x_wconf 91' lang='lat' dir='ltr'>OV.</span> <span class='ocrx_word' id='word_1_321' title='bbox 1472 3601 1500 3648; x_wconf 84' lang='lat'>14</span> <span class='ocrx_word' id='word_1_322' title='bbox 1523 3589 1584 3650; x_wconf 80' lang='lat' dir='ltr'>Dei]</span> 
     </span>
     <span class='ocr_line' id='line_1_31' title="bbox 222 3662 1581 3737; baseline 0.002 -19"><span class='ocrx_word' id='word_1_323' title='bbox 222 3671 248 3718; x_wconf 82' lang='lat' dir='ltr'>lt</span> <span class='ocrx_word' id='word_1_324' title='bbox 261 3689 268 3728; x_wconf 86' lang='lat'>;</span> <span class='ocrx_word' id='word_1_325' title='bbox 281 3670 390 3718; x_wconf 80' lang='lat' dir='ltr'>Dorur&#39;ni</span> <span class='ocrx_word' id='word_1_326' title='bbox 400 3667 457 3718; x_wconf 84' lang='lat' dir='ltr'>OV.</span> <span class='ocrx_word' id='word_1_327' title='bbox 561 3667 589 3716; x_wconf 88' lang='lat'>18</span> <span class='ocrx_word' id='word_1_328' title='bbox 602 3668 745 3732; x_wconf 78' lang='lat' dir='ltr'>Nousacier</span> <span class='ocrx_word' id='word_1_329' title='bbox 766 3667 815 3715; x_wconf 79' lang='lat' dir='ltr'>tili</span> <span class='ocrx_word' id='word_1_330' title='bbox 832 3667 936 3714; x_wconf 80' lang='lat' dir='ltr'>titulum</span> <span class='ocrx_word' id='word_1_331' title='bbox 959 3682 1022 3730; x_wconf 81' lang='lat' dir='ltr'>quae</span> <span class='ocrx_word' id='word_1_332' title='bbox 1044 3666 1106 3728; x_wconf 84' lang='lat' dir='ltr'>odit]</span> <span class='ocrx_word' id='word_1_333' title='bbox 1126 3667 1163 3726; x_wconf 85' lang='grc' dir='ltr'>Μ,</span> <span class='ocrx_word' id='word_1_334' title='bbox 1177 3683 1259 3732; x_wconf 86' lang='lat' dir='ltr'>graec.</span> <span class='ocrx_word' id='word_1_335' title='bbox 1274 3662 1305 3716; x_wconf 79' lang='grc' dir='ltr'>οὐ</span> <span class='ocrx_word' id='word_1_336' title='bbox 1317 3663 1435 3731; x_wconf 74' lang='grc' dir='ltr'>ποιήσεις</span> <span class='ocrx_word' id='word_1_337' title='bbox 1448 3673 1581 3737; x_wconf 63' lang='lat' dir='ltr'>uecordi...</span> 
     </span>
     <span class='ocr_line' id='line_1_32' title="bbox 218 3743 1584 3814; baseline 0.001 -13"><span class='ocrx_word' id='word_1_338' title='bbox 218 3748 328 3814; x_wconf 72' lang='grc' dir='ltr'><strong>στήλην,</strong></span> <span class='ocrx_word' id='word_1_339' title='bbox 343 3749 359 3800; x_wconf 68' lang='grc' dir='ltr'>ἃ</span> <span class='ocrx_word' id='word_1_340' title='bbox 372 3743 497 3814; x_wconf 53' lang='lat' dir='ltr'>&amp;pienum</span> <span class='ocrx_word' id='word_1_341' title='bbox 512 3749 677 3814; x_wconf 77' lang='lat' dir='ltr'>Nousacietr&#39;s</span> <span class='ocrx_word' id='word_1_342' title='bbox 688 3767 752 3814; x_wconf 78' lang='lat' dir='ltr'>quac</span> <span class='ocrx_word' id='word_1_343' title='bbox 764 3750 812 3798; x_wconf 89' lang='lat' dir='ltr'>OV</span> <span class='ocrx_word' id='word_1_344' title='bbox 824 3759 951 3812; x_wconf 84' lang='lat' dir='ltr'>corrupte.</span> <span class='ocrx_word' id='word_1_345' title='bbox 1053 3761 1080 3796; x_wconf 81' lang='lat' dir='ltr'>at</span> <span class='ocrx_word' id='word_1_346' title='bbox 1096 3751 1125 3797; x_wconf 86' lang='lat' dir='ltr'>in</span> <span class='ocrx_word' id='word_1_347' title='bbox 1135 3749 1363 3800; x_wconf 78' lang='lat' dir='ltr'>condemnationem</span> <span class='ocrx_word' id='word_1_348' title='bbox 1373 3751 1456 3812; x_wconf 85' lang='lat' dir='ltr'>tuam]</span> <span class='ocrx_word' id='word_1_349' title='bbox 1469 3752 1584 3802; x_wconf 80' lang='lat' dir='ltr'>ablativo</span> 
     </span>
     <span class='ocr_line' id='line_1_33' title="bbox 219 3831 1579 3896; baseline 0.002 -14"><span class='ocrx_word' id='word_1_350' title='bbox 219 3833 277 3883; x_wconf 89' lang='lat' dir='ltr'>OV.</span> <span class='ocrx_word' id='word_1_351' title='bbox 379 3844 410 3880; x_wconf 88' lang='lat'>22</span> <span class='ocrx_word' id='word_1_352' title='bbox 434 3831 513 3893; x_wconf 83' lang='lat' dir='ltr'>Haec]</span> <span class='ocrx_word' id='word_1_353' title='bbox 538 3833 584 3888; x_wconf 81' lang='lat' dir='ltr'>tl;</span> <span class='ocrx_word' id='word_1_354' title='bbox 607 3832 651 3881; x_wconf 83' lang='lat' dir='ltr'>hoc</span> <span class='ocrx_word' id='word_1_355' title='bbox 673 3832 729 3882; x_wconf 92' lang='lat' dir='ltr'>OV.</span> <span class='ocrx_word' id='word_1_356' title='bbox 831 3844 862 3895; x_wconf 83' lang='lat'>23</span> <span class='ocrx_word' id='word_1_357' title='bbox 881 3831 938 3896; x_wconf 89' lang='lat' dir='ltr'>qrri]</span> <span class='ocrx_word' id='word_1_358' title='bbox 958 3847 1008 3880; x_wconf 91' lang='lat' dir='ltr'>om.</span> <span class='ocrx_word' id='word_1_359' title='bbox 1033 3832 1069 3880; x_wconf 87' lang='lat' dir='ltr'>M.</span> <span class='ocrx_word' id='word_1_360' title='bbox 1171 3831 1307 3894; x_wconf 79' lang='lat' dir='ltr'>er&#39;smiam]</span> <span class='ocrx_word' id='word_1_361' title='bbox 1331 3832 1377 3890; x_wconf 84' lang='lat' dir='ltr'>M;</span> <span class='ocrx_word' id='word_1_362' title='bbox 1401 3833 1501 3882; x_wconf 74' lang='lat' dir='ltr'>zizania</span> <span class='ocrx_word' id='word_1_363' title='bbox 1524 3835 1579 3885; x_wconf 94' lang='lat' dir='ltr'>OV.</span> 
     </span>
     <span class='ocr_line' id='line_1_34' title="bbox 219 3913 1579 3981; baseline 0.001 -17"><span class='ocrx_word' id='word_1_364' title='bbox 219 3915 260 3976; x_wconf 86' lang='lat' dir='ltr'>in]</span> <span class='ocrx_word' id='word_1_365' title='bbox 269 3914 316 3964; x_wconf 91' lang='lat' dir='ltr'>OV</span> <span class='ocrx_word' id='word_1_366' title='bbox 327 3933 334 3972; x_wconf 75' lang='grc' dir='ltr'>ς</span> <span class='ocrx_word' id='word_1_367' title='bbox 347 3930 363 3962; x_wconf 82' lang='lat' dir='ltr'>a</span> <span class='ocrx_word' id='word_1_368' title='bbox 377 3914 412 3964; x_wconf 83' lang='lat' dir='ltr'>lt.</span> <span class='ocrx_word' id='word_1_369' title='bbox 514 3927 545 3975; x_wconf 78' lang='lat'>24</span> <span class='ocrx_word' id='word_1_370' title='bbox 555 3915 710 3976; x_wconf 80' lang='lat' dir='ltr'>extmxerr&#39;t]</span> <span class='ocrx_word' id='word_1_371' title='bbox 723 3915 772 3963; x_wconf 91' lang='lat' dir='ltr'>OV</span> <span class='ocrx_word' id='word_1_372' title='bbox 783 3933 789 3972; x_wconf 87' lang='lat'>;</span> <span class='ocrx_word' id='word_1_373' title='bbox 800 3915 943 3963; x_wconf 71' lang='lat' dir='ltr'>extruxerit</span> <span class='ocrx_word' id='word_1_374' title='bbox 956 3914 991 3962; x_wconf 76' lang='lat' dir='ltr'>bl.</span> <span class='ocrx_word' id='word_1_375' title='bbox 1095 3914 1182 3962; x_wconf 79' lang='lat' dir='ltr'>iubent</span> <span class='ocrx_word' id='word_1_376' title='bbox 1183 3913 1264 3978; x_wconf 82' lang='lat' dir='ltr'>filiis]</span> <span class='ocrx_word' id='word_1_377' title='bbox 1277 3914 1325 3965; x_wconf 91' lang='lat' dir='ltr'>OV</span> <span class='ocrx_word' id='word_1_378' title='bbox 1336 3931 1343 3974; x_wconf 85' lang='lat'>;</span> <span class='ocrx_word' id='word_1_379' title='bbox 1356 3915 1535 3981; x_wconf 80' lang='lat' dir='ltr'>iubenturfilir&#39;</span> <span class='ocrx_word' id='word_1_380' title='bbox 1543 3918 1579 3966; x_wconf 90' lang='lat' dir='ltr'>M.</span> 
     </span>
     <span class='ocr_line' id='line_1_35' title="bbox 221 3989 983 4064; baseline -0.003 -18"><span class='ocrx_word' id='word_1_381' title='bbox 221 3989 378 4064; x_wconf 67' lang='lat' dir='ltr'>deopertam]</span> <span class='ocrx_word' id='word_1_382' title='bbox 401 3995 489 4060; x_wconf 85' lang='lat' dir='ltr'>scripsi</span> <span class='ocrx_word' id='word_1_383' title='bbox 501 4013 508 4054; x_wconf 92' lang='lat'>;</span> <span class='ocrx_word' id='word_1_384' title='bbox 520 3995 700 4046; x_wconf 74' lang='lat' dir='ltr'>slounrlnnt</span> <span class='ocrx_word' id='word_1_385' title='bbox 712 3997 787 4045; x_wconf 92' lang='lat' dir='ltr'>codd.</span> <span class='ocrx_word' id='word_1_386' title='bbox 803 3996 854 4046; x_wconf 89' lang='lat' dir='ltr'>MV</span> <span class='ocrx_word' id='word_1_387' title='bbox 868 4013 873 4051; x_wconf 88' lang='lat'>;</span> <span class='ocrx_word' id='word_1_388' title='bbox 886 4011 936 4045; x_wconf 89' lang='lat' dir='ltr'>om.</span> <span class='ocrx_word' id='word_1_389' title='bbox 951 3996 983 4046; x_wconf 95' lang='grc' dir='ltr'>Ο.</span> 
     </span>
    </p>
   </div>
   <div class='ocr_carea' id='block_1_5' title="bbox 221 4178 1584 4740">
    <p class='ocr_par' dir='ltr' id='par_1_5' title="bbox 221 4178 1584 4740">
     <span class='ocr_line' id='line_1_36' title="bbox 268 4178 1580 4259; baseline 0.003 -23"><span class='ocrx_word' id='word_1_390' title='bbox 268 4181 310 4238; x_wconf 87' lang='grc' dir='ltr'>ιό.</span> <span class='ocrx_word' id='word_1_391' title='bbox 349 4199 436 4254; x_wconf 77' lang='lat' dir='ltr'>usque</span> <span class='ocrx_word' id='word_1_392' title='bbox 460 4179 541 4238; x_wconf 78' lang='lat' dir='ltr'>hodr&#39;c</span> <span class='ocrx_word' id='word_1_393' title='bbox 565 4179 728 4259; x_wconf 71' lang='lat' dir='ltr'>permanet]</span> <span class='ocrx_word' id='word_1_394' title='bbox 757 4178 877 4256; x_wconf 87' lang='lat' dir='ltr'>Legesis</span> <span class='ocrx_word' id='word_1_395' title='bbox 929 4198 1020 4256; x_wconf 83' lang='lat' dir='ltr'>nymo</span> <span class='ocrx_word' id='word_1_396' title='bbox 1045 4178 1136 4238; x_wconf 93' lang='lat' dir='ltr'>iidem</span> <span class='ocrx_word' id='word_1_397' title='bbox 1162 4190 1232 4238; x_wconf 90' lang='lat' dir='ltr'>sunt</span> <span class='ocrx_word' id='word_1_398' title='bbox 1258 4197 1293 4237; x_wconf 92' lang='lat' dir='ltr'>ac</span> <span class='ocrx_word' id='word_1_399' title='bbox 1319 4180 1463 4256; x_wconf 76' lang='lat' dir='ltr'>magistri,</span> <span class='ocrx_word' id='word_1_400' title='bbox 1489 4200 1517 4241; x_wconf 86' lang='lat' dir='ltr'>v.</span> <span class='ocrx_word' id='word_1_401' title='bbox 1539 4200 1580 4258; x_wconf 86' lang='lat' dir='ltr'>gr.</span> 
     </span>
     <span class='ocr_line' id='line_1_37' title="bbox 221 4260 1584 4338; baseline 0.002 -18"><span class='ocrx_word' id='word_1_402' title='bbox 221 4261 355 4320; x_wconf 82' lang='lat' dir='ltr'>adnotat.</span> <span class='ocrx_word' id='word_1_403' title='bbox 374 4261 438 4319; x_wconf 64' lang='grc' dir='ltr'>ΙΙΙ*</span> <span class='ocrx_word' id='word_1_404' title='bbox 458 4281 501 4336; x_wconf 85' lang='lat'>19,</span> <span class='ocrx_word' id='word_1_405' title='bbox 521 4281 565 4334; x_wconf 84' lang='lat'>²4·</span> <span class='ocrx_word' id='word_1_406' title='bbox 930 4261 1101 4322; x_wconf 91' lang='lat' dir='ltr'>Comment.</span> <span class='ocrx_word' id='word_1_407' title='bbox 1119 4260 1149 4320; x_wconf 90' lang='lat' dir='ltr'>in</span> <span class='ocrx_word' id='word_1_408' title='bbox 1167 4263 1207 4320; x_wconf 91' lang='lat' dir='ltr'>Is.</span> <span class='ocrx_word' id='word_1_409' title='bbox 1232 4281 1279 4338; x_wconf 88' lang='lat'>30,</span> <span class='ocrx_word' id='word_1_410' title='bbox 1309 4281 1345 4319; x_wconf 90' lang='lat' dir='ltr'>ro</span> <span class='ocrx_word' id='word_1_411' title='bbox 1371 4262 1460 4336; x_wconf 82' lang='lat' dir='ltr'>&#39;Qui</span> <span class='ocrx_word' id='word_1_412' title='bbox 1479 4262 1584 4322; x_wconf 85' lang='lat' dir='ltr'>dicunt</span> 
     </span>
     <span class='ocr_line' id='line_1_38' title="bbox 267 4339 1580 4421; baseline 0.004 -22"><span class='ocrx_word' id='word_1_413' title='bbox 267 4361 312 4416; x_wconf 75' lang='lat' dir='ltr'>ro.</span> <span class='ocrx_word' id='word_1_414' title='bbox 326 4339 409 4421; x_wconf 78' lang='lat' dir='ltr'>tures]</span> <span class='ocrx_word' id='word_1_415' title='bbox 422 4344 510 4402; x_wconf 90' lang='lat' dir='ltr'>Deut.</span> <span class='ocrx_word' id='word_1_416' title='bbox 531 4348 574 4408; x_wconf 83' lang='lat'>16,</span> <span class='ocrx_word' id='word_1_417' title='bbox 594 4362 627 4402; x_wconf 89' lang='lat'>21</span> <span class='ocrx_word' id='word_1_418' title='bbox 641 4361 684 4419; x_wconf 92' lang='lat' dir='ltr'>sq.</span> <span class='ocrx_word' id='word_1_419' title='bbox 935 4342 1109 4414; x_wconf 60' lang='lat' dir='ltr'>Veientibus,</span> <span class='ocrx_word' id='word_1_420' title='bbox 1121 4343 1221 4402; x_wconf 81' lang='lat' dir='ltr'>Nolite</span> <span class='ocrx_word' id='word_1_421' title='bbox 1231 4342 1362 4405; x_wconf 78' lang='lat' dir='ltr'>otiien...</span> <span class='ocrx_word' id='word_1_422' title='bbox 1377 4343 1580 4404; x_wconf 87' lang='lat' dir='ltr'>Ecclesiarum</span> 
     </span>
     <span class='ocr_line' id='line_1_39' title="bbox 267 4422 1582 4505; baseline 0.004 -24"><span class='ocrx_word' id='word_1_423' title='bbox 267 4442 311 4500; x_wconf 86' lang='lat'>²5·</span> <span class='ocrx_word' id='word_1_424' title='bbox 331 4422 536 4505; x_wconf 83' lang='lat' dir='ltr'>exterrrrr&#39;nent]</span> <span class='ocrx_word' id='word_1_425' title='bbox 563 4423 609 4485; x_wconf 91' lang='lat' dir='ltr'>Ci.</span> <span class='ocrx_word' id='word_1_426' title='bbox 641 4423 732 4483; x_wconf 85' lang='lat' dir='ltr'>Num.</span> <span class='ocrx_word' id='word_1_427' title='bbox 757 4443 804 4500; x_wconf 87' lang='lat'>33,</span> <span class='ocrx_word' id='word_1_428' title='bbox 825 4440 872 4499; x_wconf 81' lang='lat'>52.</span> <span class='ocrx_word' id='word_1_429' title='bbox 928 4425 1090 4500; x_wconf 90' lang='lat' dir='ltr'>loquuntur</span> <span class='ocrx_word' id='word_1_430' title='bbox 1108 4425 1279 4501; x_wconf 86' lang='lat' dir='ltr'>magistris:</span> <span class='ocrx_word' id='word_1_431' title='bbox 1302 4425 1405 4486; x_wconf 90' lang='lat' dir='ltr'>Nolite</span> <span class='ocrx_word' id='word_1_432' title='bbox 1431 4426 1518 4486; x_wconf 92' lang='lat' dir='ltr'>nobis</span> <span class='ocrx_word' id='word_1_433' title='bbox 1542 4426 1582 4486; x_wconf 87' lang='lat' dir='ltr'>vi·</span> 
     </span>
     <span class='ocr_line' id='line_1_40' title="bbox 223 4502 1579 4582; baseline 0.001 -18"><span class='ocrx_word' id='word_1_434' title='bbox 223 4505 285 4581; x_wconf 91' lang='lat' dir='ltr'>Qui</span> <span class='ocrx_word' id='word_1_435' title='bbox 313 4517 413 4566; x_wconf 89' lang='lat' dir='ltr'>autem</span> <span class='ocrx_word' id='word_1_436' title='bbox 430 4506 479 4565; x_wconf 86' lang='lat' dir='ltr'>hic</span> <span class='ocrx_word' id='word_1_437' title='bbox 496 4502 876 4582; x_wconf 75' lang='lat' dir='ltr'>troperraolappellantura</span> <span class='ocrx_word' id='word_1_438' title='bbox 928 4507 1000 4566; x_wconf 88' lang='lat' dir='ltr'>dere</span> <span class='ocrx_word' id='word_1_439' title='bbox 1029 4525 1108 4582; x_wconf 91' lang='lat' dir='ltr'>quae</span> <span class='ocrx_word' id='word_1_440' title='bbox 1135 4518 1217 4574; x_wconf 86' lang='lat' dir='ltr'>recta</span> <span class='ocrx_word' id='word_1_441' title='bbox 1246 4519 1353 4566; x_wconf 88' lang='lat' dir='ltr'>sunt...</span> <span class='ocrx_word' id='word_1_442' title='bbox 1378 4505 1403 4566; x_wconf 91' lang='lat' dir='ltr'>si</span> <span class='ocrx_word' id='word_1_443' title='bbox 1428 4519 1579 4568; x_wconf 84' lang='lat' dir='ltr'>aversetur</span> 
     </span>
     <span class='ocr_line' id='line_1_41' title="bbox 224 4585 1376 4665; baseline 0 -19"><span class='ocrx_word' id='word_1_444' title='bbox 224 4597 394 4656; x_wconf 81' lang='lat' dir='ltr'>tractatore,</span> <span class='ocrx_word' id='word_1_445' title='bbox 407 4585 478 4646; x_wconf 89' lang='lat' dir='ltr'>alibi</span> <span class='ocrx_word' id='word_1_446' title='bbox 489 4601 622 4662; x_wconf 88' lang='lat' dir='ltr'>quoque,</span> <span class='ocrx_word' id='word_1_447' title='bbox 648 4606 716 4646; x_wconf 85' lang='lat' dir='ltr'>cunr</span> <span class='ocrx_word' id='word_1_448' title='bbox 733 4586 762 4644; x_wconf 90' lang='lat' dir='ltr'>in</span> <span class='ocrx_word' id='word_1_449' title='bbox 780 4586 877 4661; x_wconf 89' lang='lat' dir='ltr'>Scrip-</span> <span class='ocrx_word' id='word_1_450' title='bbox 929 4588 1131 4648; x_wconf 87' lang='lat' dir='ltr'>austeritatem</span> <span class='ocrx_word' id='word_1_451' title='bbox 1148 4587 1376 4665; x_wconf 87' lang='lat' dir='ltr'>magistrorum’</span> 
     </span>
     <span class='ocr_line' id='line_1_42' title="bbox 224 4667 878 4740; baseline -0.002 -12"><span class='ocrx_word' id='word_1_452' title='bbox 224 4679 290 4729; x_wconf 87' lang='lat' dir='ltr'>tura</span> <span class='ocrx_word' id='word_1_453' title='bbox 311 4669 353 4730; x_wconf 94' lang='lat' dir='ltr'>de</span> <span class='ocrx_word' id='word_1_454' title='bbox 385 4667 550 4728; x_wconf 79' lang='lat' dir='ltr'>Videntibrrs</span> <span class='ocrx_word' id='word_1_455' title='bbox 571 4685 670 4727; x_wconf 88' lang='lat' dir='ltr'>sermo</span> <span class='ocrx_word' id='word_1_456' title='bbox 689 4679 743 4740; x_wconf 90' lang='lat' dir='ltr'>est,</span> <span class='ocrx_word' id='word_1_457' title='bbox 770 4667 878 4727; x_wconf 90' lang='lat' dir='ltr'>Hiero·</span> 
     </span>
    </p>
   </div>
   <div class='ocr_carea' id='block_1_6' title="bbox 0 0 2034 5498">
    <p class='ocr_par' dir='ltr' id='par_1_6' title="bbox 0 0 2034 5498">
     <span class='ocr_line' id='line_1_43' title="bbox 0 0 2034 5498; baseline 0 1"><span class='ocrx_word' id='word_1_458' title='bbox 0 0 2034 5498; x_wconf 95' lang='lat' dir='ltr'> </span> 
     </span>
    </p>
   </div>
  </div>
 </body>
</html>
