4060 5498
486 413 535 494 14
860 409 888 468 S.
921 407 1177 469 HIERONYMI
1206 408 1472 470 PRESBYTERI

479 607 628 674 locutum
645 627 769 672 essese
785 606 889 671 dicit?
906 605 1074 670 Dominus
1087 624 1181 670 meus
1196 623 1233 669 es
1248 615 1284 670 tu
1299 629 1307 670 s
1324 607 1358 670 id
1375 614 1439 678 est,
1454 607 1511 690 qui
1535 607 1687 674 omniurn
1717 612 1827 678 Domi·

480 732 542 778 nus
559 733 603 791 es,
619 713 752 796 proprie
769 730 871 790 meus,
888 711 952 774 hoc
968 719 1029 788 est,
1045 729 1193 774 meorum
1210 709 1318 774 iactus
1330 731 1365 774 es
1379 710 1556 780 Dominus.
1571 713 1652 778 Erat
1668 716 1828 782 Dominus

478 815 629 882 omnium
645 825 678 881 et
696 817 729 880 in
745 815 849 881 veteri
880 824 1092 893 testamento,
1118 814 1244 897 quippe
1269 815 1327 898 qui
1350 816 1504 880 universa
1531 816 1751 898 condiderat;
1774 823 1825 886 sed

480 922 611 1005 proprie
626 931 817 987 sanctorum
835 921 941 985 lactus
957 929 1008 985 est
1032 920 1209 996 Dominus,
1230 920 1346 985 dicens
1361 945 1368 986 :
1385 926 1392 952 ‘
1410 921 1486 1004 Ego
1508 941 1582 986 sum
1608 924 1703 988 Deus
1727 925 1827 992 Abra-

479 1025 557 1091 ham
588 1035 622 1091 et
646 1027 739 1091 Deus
765 1027 860 1090 Isaac
877 1035 910 1090 et
927 1025 1021 1089 Deus
1042 1024 1143 1088 Iacob
1159 1025 1174 1090 ’.
1198 1023 1293 1090 SIcut
1324 1025 1455 1090 illorum
1488 1045 1578 1109 ergo,
1600 1027 1648 1092 ita
1679 1039 1713 1095 et
1741 1048 1852 1102 meuss

480 1149 567 1194 nunc
583 1131 770 1214 specialiter
787 1131 955 1195 Dominus
971 1149 1019 1208 es,
1034 1129 1112 1211 quia
1136 1148 1285 1194 meorum
1315 1130 1481 1194 Dominus
1506 1151 1579 1195 esse
1603 1132 1761 1214 dignaris.
1788 1135 1826 1199 Et

479 1254 591 1314 causa,
606 1255 709 1319 quare
726 1236 768 1300 sit
784 1237 814 1300 ei
832 1235 1010 1312 Dominus,
1025 1233 1188 1298 subicitur
1203 1258 1209 1298 :
1227 1233 1395 1317 Quoniam
1413 1235 1579 1300 bonorum
1597 1255 1749 1304 meorum
1766 1259 1827 1304 non

478 1361 566 1424 eges.
582 1341 660 1405 Non
677 1348 754 1423 eget
771 1341 859 1403 enim
878 1341 971 1404 Deus
995 1338 1211 1420 omnipotens
1236 1342 1400 1404 bonorum
1427 1339 1582 1417 hominis,
1608 1361 1670 1404 nec
1696 1344 1829 1410 virtutes

479 1455 612 1512 nostrae
628 1446 670 1509 ad
687 1445 873 1528 profectum
895 1443 961 1507 Dei
985 1443 1164 1527 pertinent,
1184 1462 1260 1507 cum
1279 1443 1371 1506 Deus
1398 1463 1465 1507 non
1490 1446 1627 1528 recipiat
1650 1446 1829 1516 incremen-

478 1559 574 1615 tum:
597 1549 655 1612 sed
679 1549 837 1632 quicquid
862 1548 1052 1612 laboramus
1074 1556 1110 1611 et
1133 1547 1279 1623 nitimur,
1295 1545 1373 1610 ideo
1395 1547 1477 1611 illud
1500 1569 1520 1612 a
1544 1549 1639 1614 nobis
1663 1554 1830 1636 accipitet
1847 1571 1873 1610 ¹0

478 1653 595 1737 exigit,
611 1665 648 1718 ut
664 1654 760 1718 nobis
776 1653 929 1718 restituat
947 1651 1037 1736 quod
1054 1653 1193 1734 accepit.
1210 1650 1298 1715 Nam
1322 1660 1355 1715 et
1379 1651 1434 1715 ille
1456 1654 1513 1736 qui
1537 1653 1570 1717 in
1595 1659 1772 1740 evangelio
1792 1659 1831 1724 de

480 1777 546 1824 nna
573 1758 663 1822 mina
688 1759 803 1822 decem
828 1758 952 1822 iecerat
976 1757 1095 1833 minas,
1116 1775 1182 1820 non
1207 1755 1314 1820 solum
1339 1755 1429 1838 quod
1453 1757 1594 1823 dederat
1617 1762 1754 1844 recepit,
1775 1764 1829 1828 sed

478 1865 581 1931 etiarn
599 1867 664 1931 alla
680 1866 780 1943 mina,
795 1885 897 1950 quam
915 1865 999 1930 alius
1024 1885 1090 1930 non
1107 1876 1240 1947 poterat
1256 1865 1487 1948 multiplicare,
1503 1867 1650 1931 donatus
1667 1877 1729 1932 est.
1745 1868 1830 1933 Dici·

478 1980 531 2036 tur
557 1979 590 2035 et
618 1971 660 2035 ad
687 1971 768 2037 Iob:
795 1969 910 2054 ‘Quid
937 1971 1073 2054 prodest
1101 1969 1261 2047 Domino,
1285 1971 1312 2033 si
1338 1981 1374 2034 tu
1401 1970 1586 2054 simplicem
1613 1971 1718 2036 iacias
1745 1973 1828 2038 viam

479 2081 598 2141 tuam?
612 2077 619 2103 ’
636 2077 745 2142 Ceteri
765 2077 904 2154 domIni,
919 2077 1073 2160 quamvis
1090 2087 1245 2159 potentes
1261 2076 1339 2152 sint,
1354 2087 1466 2140 tamen
1485 2096 1552 2140 non
1566 2088 1709 2160 possunt
1725 2078 1831 2143 dicere
1848 2103 1870 2154 ις

478 2181 580 2246 servis
596 2182 673 2258 suis,
688 2181 802 2264 Opera
816 2191 926 2244 vestra
940 2200 1006 2244 non
1021 2181 1225 2263 indigemus:
1238 2181 1422 2244 abutuntur
1434 2181 1599 2264 siquidem
1611 2202 1727 2247 eorum
1740 2184 1830 2249 mini-

478 2287 587 2352 sterlo.
605 2287 698 2351 Deus
711 2307 789 2350 vero
804 2286 895 2350 solus
910 2294 961 2349 est
973 2285 1149 2364 Dominus,
1159 2285 1215 2368 qui
1228 2304 1397 2350 servorum
1412 2305 1547 2350 suorum
1564 2286 1607 2351 ad
1625 2287 1690 2353 hoc
1702 2297 1830 2353 tantum

480 2389 630 2472 indigeat
645 2389 766 2467 officio,
781 2400 817 2455 ut
833 2393 1042 2454 occasionem
1059 2389 1181 2454 babeat
1199 2390 1273 2472 plus
1289 2389 1447 2456 donandi.
1464 2389 1642 2472 Simulque
1665 2393 1831 2469 docemur,

479 2496 570 2577 quod
588 2496 614 2558 si
634 2495 789 2561 Salvator
804 2515 864 2578 pro
881 2493 977 2560 nobis
988 2505 1084 2576 rogat
1094 2493 1239 2578 (rogavit
1250 2495 1375 2578 quippe
1390 2505 1424 2560 et
1440 2516 1500 2578 pro
1512 2495 1677 2578 apostolis
1689 2498 1722 2561 iu
1736 2518 1831 2562 evan·

479 2599 578 2684 gelio,
594 2609 626 2665 et
643 2611 819 2683 propterea
835 2618 992 2685 eosquos
1009 2601 1099 2683 prius
1116 2600 1255 2682 vigilare
1270 2599 1479 2681 compulerat
1495 2601 1643 2665 dormire
1660 2605 1832 2685 permisit),
1849 2625 1877 2664 ro

481 2705 596 2788 utique
611 2706 653 2770 de
670 2706 766 2770 nobis
783 2707 891 2788 magis
907 2723 1024 2788 rogare
1038 2706 1221 2770 debemus:
1237 2705 1318 2787 quia
1341 2705 1495 2786 quamvis
1521 2725 1705 2785 curramus,
1724 2717 1832 2772 tamen

479 2808 550 2873 sine
576 2809 634 2874 illo
660 2812 703 2875 ad
729 2812 937 2894 propositum
965 2810 1137 2892 pervenire
1163 2829 1228 2873 non
1254 2829 1441 2891 possumus,
1467 2810 1563 2873 iuxta
1590 2809 1788 2893 Symmachi
1803 2821 1834 2876 et

479 2916 618 2997 quintae
634 2917 791 2980 editionis
808 2917 1128 2999 interpretationem,
1144 2917 1201 2999 qui
1217 2915 1376 2979 dixerunt
1392 2919 1400 2946 ‘
1418 2915 1551 2978 Bonum
1572 2934 1685 2979 meum
1704 2936 1770 2980 non
1787 2925 1834 2981 est

479 3020 551 3084 sine
567 3029 599 3084 te
613 3018 640 3100 ’;
657 3030 692 3084 ut
709 3021 751 3086 ad
770 3020 861 3084 illam
873 3022 936 3085 ista
949 3020 1125 3084 translatio
1141 3020 1344 3085 sententiam
1362 3018 1522 3088 reseratur
1535 3025 1561 3083 :¹
1580 3021 1653 3084 Nisi
1672 3020 1834 3086 Dominus

416 3267 419 3273 .
502 3242 524 3279 ,1
551 3228 690 3289 Dominus]
712 3227 776 3288 ΜΟ,
799 3243 836 3292 gt.
862 3221 956 3296 Κύριός
978 3242 1030 3291 μου
1051 3221 1133 3286 cinth
1148 3226 1358 3276 DominusDeres
1369 3227 1400 3276 V.
1501 3228 1618 3291 3vetrrr]
1632 3229 1770 3289 M;vetere
1781 3231 1832 3282 OV.

479 3309 714 3373 qest]M;esOV.
812 3309 868 3374 5e1]
878 3309 958 3374 primo
969 3310 1026 3358 loco
1038 3325 1088 3358 om.
1104 3309 1140 3358 M.
1242 3321 1257 3370 9
1265 3308 1475 3372 prosectumJM;
1481 3309 1620 3374 perficium
1633 3310 1690 3362 OV.
1783 3321 1834 3378 prr·

479 3393 573 3454 tinent]
579 3393 693 3459 pertinet
703 3393 734 3442 V.
838 3405 865 3441 11
884 3391 959 3457 quod]
979 3393 1025 3451 M;
1043 3391 1107 3456 quid
1123 3391 1179 3442 OV.
1280 3391 1381 3455 accepit]
1394 3391 1571 3455 M0;accipit
1581 3392 1612 3442 V.
1719 3409 1745 3444 11
1759 3411 1796 3460 eq.
1810 3396 1835 3444 de

480 3493 563 3526 reesa...
577 3477 645 3541 quad
652 3475 763 3538 dederat]
774 3476 803 3524 de
815 3491 875 3526 mna
886 3475 964 3525 decem
972 3473 1061 3537 fuerat
1072 3475 1157 3522 minas
1168 3489 1219 3522 non
1226 3475 1308 3522 salum
1315 3473 1443 3537 quoderat
1452 3474 1479 3522 M
1488 3482 1613 3539 corrupte.
1720 3491 1749 3544 13
1758 3479 1835 3540 neira]

480 3558 621 3618 OV3mna
635 3559 672 3608 ll.
775 3559 911 3620 rqessom.
928 3558 963 3607 M.
1062 3557 1171 3621 prodest]
1185 3555 1297 3620 prodeest
1313 3555 1344 3605 Ο.
1446 3557 1595 3620 simplicem]
1614 3557 1651 3618 ll,
1665 3559 1690 3609 Ο
1707 3559 1734 3610 in
1752 3578 1834 3628 marg:

478 3642 628 3707 srlrrplr'citer
638 3642 671 3700 V,
686 3641 709 3692 O
722 3641 748 3691 in
760 3648 838 3692 textu.
939 3639 1020 3700 viam]
1032 3638 1090 3689 Oin
1100 3655 1190 3702 marg.¹
1200 3655 1237 3704 gr.
1249 3635 1296 3701 τὴν
1306 3633 1366 3688 ὀδόν
1376 3653 1424 3688 σου
1435 3639 1531 3697 witam
1541 3639 1602 3689 MV.
1709 3655 1737 3706 15
1746 3646 1835 3708 tam]

481 3725 507 3773 lt
521 3742 527 3783 ;
539 3741 588 3774 om.
603 3723 661 3775 OV.
767 3724 796 3772 16
807 3721 960 3785 abutuntur]
973 3721 996 3772 0
1008 3722 1034 3770 in
1047 3738 1118 3784 marg
1129 3739 1134 3770 :
1148 3721 1297 3784 ‘legendum
1308 3729 1490 3784 putoretrmtur
1500 3721 1506 3742 ’
1518 3722 1576 3779 3sed
1587 3721 1680 3773 videsis
1689 3725 1724 3774 II.
1736 3726 1835 3777 Gnelser

482 3813 488 3834 ⁸
502 3805 612 3858 Latiniti
622 3807 653 3856 de
666 3806 693 3858 S.
706 3803 807 3872 Jirdme
818 3804 824 3827 '
836 3822 860 3869 p.
876 3804 932 3866 267,
947 3815 972 3854 et
984 3806 1069 3854 Tract.
1084 3805 1115 3852 de
1129 3820 1165 3868 ps.
1182 3802 1333 3852 LXXXVII
1345 3801 1418 3862 inira,
1432 3803 1463 3852 ad
1476 3819 1574 3853 versum
1597 3804 1659 3854 Tota
1674 3807 1715 3856 die
1731 3809 1839 3873 expandi

481 3906 572 3939 siranus
584 3906 649 3939 nuos
660 3889 695 3937 ad
703 3896 733 3938 te.
838 3899 867 3948 19
878 3888 1003 3952 apostolis]
1015 3886 1064 3937 OV
1074 3905 1080 3946 3
1093 3887 1154 3936 aliis
1164 3887 1200 3944 lll,
1210 3895 1270 3935 nota
1282 3883 1472 3949 compendiaria
1481 3886 1547 3936 male
1555 3887 1629 3936 lecta.
1731 3898 1836 3954 euprep-

479 3981 546 4024 terea
556 3973 605 4034 eas]
616 3971 713 4037 scripsi,
728 3969 786 4021 licet
798 3987 836 4021 eos
846 3986 877 4020 ex
889 3969 1029 4020 abundanti
1048 3985 1102 4020 esse
1122 3969 1254 4027 videntum
1271 3975 1376 4032 propter
1392 3983 1430 4017 eos
1448 3967 1524 4018 codd.
1625 3970 1746 4034 dormire]
1759 3973 1785 4021 bl
1797 3991 1803 4030 ;
1815 3981 1838 4021 et

478 4057 589 4107 dormire
601 4055 658 4106 OV.
760 4066 788 4103 21
802 4054 907 4104 &nobis
916 4070 949 4102 m.
960 4052 1179 4118 rogaredebemus]
1189 4053 1214 4100 ll
1228 4058 1317 4110 ninas
1326 4066 1358 4100 m.
1370 4051 1577 4114 debemusrogore
1586 4052 1642 4103 OV.
1743 4055 1836 4118 tamen]

479 4143 527 4202 M;
547 4157 598 4192 om.
624 4141 672 4192 OV
693 4150 719 4192 ut
740 4155 815 4206 supra
833 4141 850 4190 l.
880 4150 916 4203 15.
1017 4152 1049 4188 22
1072 4137 1228 4201 Symnreclri]
1251 4136 1356 4200 scripsi;
1374 4135 1488 4198 merarii
1510 4137 1557 4194 M;
1577 4137 1756 4200 Symmachum
1778 4138 1834 4190 OV.

479 4237 511 4290 23
522 4225 637 4291 quintae]
648 4223 736 4290 scripsi
747 4241 754 4284 ;
765 4225 885 4290 quintam
896 4222 971 4274 codd.
1072 4220 1201 4281 editionis]
1214 4219 1340 4270 Edidanis
1352 4219 1376 4269 0
1389 4221 1395 4267 l

523 4429 548 4490 5.
565 4405 662 4490 Iacob]
680 4409 789 4468 Mattb.
808 4427 856 4478 22,
873 4427 918 4484 3²·
1184 4407 1286 4465 Tract.
1304 4403 1343 4463 de
1358 4422 1402 4478 ps.
1424 4403 1516 4465 CVII
1537 4407 1602 4474 180,
1624 4425 1657 4481 ¹7
1674 4425 1740 4486 sqq.

521 4497 547 4553 6.
563 4493 723 4569 specialiter
736 4491 884 4550 Dominus
898 4485 938 4569 es]
961 4487 1006 4550 Cf.
1030 4488 1130 4546 Tract.
1226 4487 1256 4544 in
1271 4481 1428 4565 evangelio]
1447 4487 1517 4546 Luc.
1540 4507 1583 4564 ¹9·
1604 4511 1614 4548 1
1623 4508 1640 4564 3
1655 4509 1720 4566 sqq.

481 4577 520 4636 de
535 4593 578 4652 ps.
598 4572 715 4632 LXVII
738 4591 787 4643 41,
804 4591 847 4648 ¹3·
1228 4585 1272 4648 15.
1288 4565 1405 4651 terami]
1424 4569 1479 4631 Iob
1497 4589 1543 4642 aa,
1561 4590 1578 4648 3
1596 4591 1656 4633 sec.
1682 4574 1765 4634 LXX

526 4677 568 4717 rr.
587 4656 724 4716 restituat
732 4655 811 4730 qaod
815 4645 931 4734 accepit]
946 4650 1033 4711 Idem
1042 4668 1132 4732 supra
