4060 5498
478 315 533 420 38
860 330 890 390 S.
922 328 1476 390 uruaouuM1PRassuTuR1

476 528 571 594 labor
586 530 770 605 servientis,
787 528 872 592 aliae
894 519 1034 592 deliciae
1058 528 1263 610 imperantis.
1287 528 1469 593 Desiderat
1491 529 1604 592 anima
1629 529 1822 592 Dominum:

476 629 554 698 ca'ro
573 634 708 710 ieiunat,
724 652 801 696 caro
817 633 850 695 in
875 641 963 695 terra
977 632 1063 696 iacet
1087 633 1120 694 in
1144 631 1275 712 frigore,
1296 633 1328 694 in
1356 652 1496 710 carcere,
1517 633 1549 694 in
1579 631 1738 713 martyrio
1760 652 1821 694 ver·

476 738 620 814 beratur‚
636 736 796 813 caeditur,
811 737 1000 813 damnatur,
1015 737 1124 798 carnis
1138 735 1257 798 iniuria
1274 744 1333 800 est.
1350 736 1453 799 Dolet
1469 735 1608 817 quidem
1624 735 1756 799 anima:
1770 735 1820 797 sed

476 840 573 904 dolor
589 841 651 903 nisi
669 859 727 921 per
743 859 877 901 carnem
894 841 937 903 ad
955 859 1029 902 eam
1047 858 1112 901 non
1128 839 1286 920 pervenit.
1305 838 1372 904 Sed
1389 838 1481 902 dicat
1497 839 1617 922 aliquis
1632 839 1822 923 :Quomodo

476 944 559 1008 dicit
584 941 767 1026 apostolus,
781 941 883 1023 quia·‘
896 960 974 1004 caro
999 949 1033 1003 et
1059 942 1196 1020 sanguis
1220 960 1360 1022 regnum
1379 942 1443 1004 Dei
1460 961 1527 1004 non
1542 942 1852 1025 consequentur¹lr

478 1047 538 1111 Vis
553 1048 638 1110 scire
653 1046 826 1128 quomodo
843 1044 1003 1125 scriptum
1022 1051 1097 1108 est?
1112 1044 1206 1107 Audi
1224 1044 1416 1126 loquentem
1435 1046 1467 1108 in
1485 1044 1609 1109 Genesi
1627 1047 1821 1110 Dominum:

475 1156 482 1184 ⁸
501 1149 577 1215 Non
606 1149 816 1232 permanebit
837 1149 973 1230 spiritus
991 1168 1085 1212 meus
1102 1149 1134 1211 in
1152 1149 1288 1212 bomine
1309 1151 1342 1213 in
1359 1159 1542 1228 aeternum,
1557 1153 1637 1233 quia
1656 1170 1732 1214 caro
1752 1151 1823 1214 est’.

476 1255 589 1339 Quare
601 1259 615 1316 ἲ
627 1255 707 1336 quid
724 1253 814 1317 enim
832 1258 909 1316 est?
922 1253 973 1315 Tu
992 1273 1126 1316 carnem
1145 1252 1261 1331 iecisti,
1273 1263 1306 1316 et
1320 1274 1453 1317 carnem
1470 1273 1609 1318 accusas
1624 1265 1657 1318 et
1674 1257 1822 1318 damnas?

475 1359 544 1426 Sed
557 1360 647 1441 quod
661 1357 744 1420 dicit
760 1355 854 1419 Deus
870 1355 933 1419 hoc
949 1365 1017 1421 est:
1036 1377 1102 1420 non
1128 1357 1339 1439 permanebit
1362 1357 1497 1439 spiritus
1516 1377 1611 1421 meus
1634 1359 1667 1420 in
1689 1357 1820 1421 bomini·

474 1462 537 1528 bus
554 1463 639 1540 istis,
653 1461 811 1542 quianon
835 1460 952 1523 vivunt
967 1461 1151 1523 secundum
1168 1460 1333 1542 spirirum,
1350 1462 1407 1525 sed
1425 1464 1609 1526 secundum
1627 1465 1735 1527 carnis
1752 1463 1822 1527 vitia
1840 1479 1867 1514 ¹0

474 1579 509 1632 et
524 1568 743 1632 voluntatem.
757 1563 825 1628 Det
841 1571 875 1626 et
891 1564 1066 1645 apostolus
1080 1563 1311 1627 testimonium
1325 1589 1331 1627 :
1344 1564 1576 1647 ‘Quicumque
1592 1568 1625 1630 in
1636 1576 1824 1639 carnesunt,

474 1673 550 1735 Deo
574 1670 705 1754 placere
730 1687 797 1732 non
825 1674 967 1749 possunt
979 1666 996 1731 ’.
1023 1665 1061 1732 Si
1088 1669 1287 1750 omnesqui
1314 1669 1347 1731 in
1373 1688 1474 1732 carne
1500 1679 1579 1734 sunt
1602 1669 1679 1735 Deo
1701 1671 1823 1753 placere

474 1796 540 1839 non
558 1784 708 1858 possunt,
723 1772 896 1855 quomodo
912 1771 985 1854 ipse
1007 1773 1064 1854 qui
1083 1773 1231 1853 loquitur
1247 1772 1370 1836 Paulus
1387 1774 1463 1836 Deo
1486 1772 1636 1854 placuit?
1660 1774 1824 1858 quomodo

476 1883 593 1946 Petrus
623 1878 675 1942 vel
702 1877 803 1942 ceteri
831 1875 977 1957 apostoli
1000 1877 1175 1958 sanctique
1203 1876 1412 1959 placuerunt,
1435 1898 1521 1961 quos
1547 1879 1580 1941 in
1608 1900 1709 1942 carne
1730 1878 1825 1943 fuisse

475 2004 598 2067 negare
625 2002 692 2046 non
720 1985 924 2064 possumus?
950 1978 1046 2043 Sicut
1073 1980 1163 2044 idem
1186 1981 1305 2045 iterum
1328 1981 1410 2044 dicit
1426 2007 1432 2046 :
1448 1982 1538 2047 ‘Vos
1554 1991 1666 2048 autem
1683 1984 1717 2047 in
1733 2003 1824 2047 carne
1843 2003 1866 2054 ις

476 2108 543 2152 non
560 2089 649 2164 estis,
661 2086 720 2150 sed
736 2086 769 2148 in
784 2085 913 2167 spiritu.
928 2083 935 2110 ’
955 2083 992 2146 ln
1010 2103 1109 2147 carne
1121 2093 1235 2148 erant:
1251 2094 1285 2148 et
1300 2086 1472 2167 quomodo
1488 2087 1578 2164 dicit,
1591 2087 1631 2151 In
1648 2107 1747 2152 carne
1761 2107 1823 2152 uon

474 2193 581 2256 estis?
607 2190 697 2274 Quia
724 2210 790 2253 non
818 2188 928 2253 vivitis
953 2189 1138 2253 secundum
1165 2209 1308 2268 carnem,
1324 2191 1402 2271 quia
1419 2195 1552 2255 ‘nostra
1569 2191 1775 2254 conversatio
1792 2191 1822 2252 in

474 2295 575 2360 caelis
597 2295 677 2358 est'.
703 2293 887 2358 Nosenim
908 2294 965 2375 qui
990 2295 1023 2356 in
1049 2293 1116 2357 isto
1142 2293 1301 2357 saeculo‘
1325 2295 1579 2376 peregrinamur
1605 2315 1625 2358 a
1652 2293 1824 2369 Domin0¹‚

473 2401 506 2462 in
530 2399 627 2463 terris
652 2395 787 2480 quidem
823 2395 1045 2473 ambulamus,
1072 2397 1130 2460 sed
1163 2398 1205 2461 ad
1242 2397 1400 2462 caelestia
1427 2398 1645 2462 festinamus:
1672 2400 1749 2480 quia
1774 2399 1823 2460 lric

472 2502 582 2566 locum
599 2501 771 2584 proprium
798 2520 865 2562 non
890 2498 1063 2577 habemus,
1079 2500 1139 2563 sed
1166 2501 1317 2564 advenae
1343 2508 1377 2563 et
1401 2501 1566 2583 peregrini
1593 2523 1719 2578 sumus,
1745 2504 1823 2567 sicut
1839 2521 1867 2560 20

471 2625 589 2668 omnes
609 2613 721 2688 patres
737 2606 850 2668 nostri.

507 2708 642 2773 Etenim
645 2719 765 2791 passer
778 2707 979 2773 r'noenr'tsr'bi
987 2708 1119 2772 domum
1131 2717 1162 2771 et
1176 2719 1293 2772 turtur
1300 2708 1417 2772 nidum
1427 2708 1484 2774 nbi
1493 2721 1627 2794 reponat
1628 2711 1739 2794 pullos
1746 2733 1824 2776 suos.

473 2815 550 2878 Hoc
566 2823 617 2878 est
633 2814 724 2898 quod
741 2813 773 2876 in
791 2811 967 2895 evangelio
983 2812 1066 2876 dicit
1082 2811 1271 2876 Dominus:
1287 2812 1437 2894 ‘Vulpes
1455 2814 1568 2878 soveas
1581 2815 1716 2892 habent,
1728 2826 1760 2880 et
1770 2837 1824 2880 vo·

472 2920 578 2985 lucres
594 2919 677 2982 caeli
691 2920 789 2982 nidos
806 2919 820 2981 '.
840 2919 975 2981 Etenim
993 2937 1108 3000 passer
1124 2918 1252 2982 invenit
1269 2919 1331 2982 sibi
1343 2922 1490 2983 domum.
1504 2918 1687 2984 Cotidiano
1713 2939 1822 2983 exem-

470 3023 528 3104 plo
544 3023 636 3086 dedit
653 3022 917 3086 similitudinem.
943 3022 1033 3106 Quia
1055 3023 1199 3100 dixerat,
1223 3022 1336 3105 Quam
1363 3024 1487 3087 dilecta
1513 3023 1731 3088 tabernacula
1760 3033 1823 3098 tua,
1840 3043 1865 3093 ²5

472 3144 559 3208 quae
574 3125 780 3205 concupiscit
797 3125 910 3188 anima
928 3146 1011 3202 mea,
1028 3139 1060 3188 et
1076 3147 1154 3190 caro
1172 3147 1246 3188 mea
1262 3127 1431 3190 desiderat
1449 3145 1551 3208 regna
1567 3128 1735 3191 caelorum
1745 3149 1752 3204 ;
1767 3128 1824 3190 dat

472 3229 738 3305 similitudinem,
747 3240 781 3294 et
797 3231 878 3293 dicit
893 3253 901 3292 τ
918 3230 1010 3294 Aves
1021 3229 1143 3294 liberae
1153 3241 1241 3307 suut,
1251 3242 1284 3294 et
1297 3231 1449 3313 quamvis
1462 3243 1627 3312 vagentur
1639 3252 1698 3313 per
1710 3252 1826 3309 aerem,

472 3343 586 3398 tamen
599 3332 754 3398 nidorum
770 3353 905 3397 suorum
925 3333 1160 3411 meminerunt,
1177 3344 1209 3396 et
1226 3343 1438 3398 revertuntur
1454 3336 1496 3397 ad
1515 3355 1581 3398 eos.
1597 3334 1634 3400 Si
1651 3355 1732 3417 ergo
1753 3357 1825 3418 pas-

472 3457 560 3500 seres
582 3438 680 3500 nidos
697 3438 877 3518 requirunt‚
892 3458 995 3520 quare
1012 3439 1126 3502 anima
1143 3439 1292 3502 humana
1313 3459 1379 3502 non
1394 3449 1534 3523 quaerat
1557 3437 1750 3504 habitacula
1766 3441 1825 3504 sibi

472 3561 492 3604 a
509 3541 659 3605 Domino
682 3547 904 3624 praeparata?
1841 3563 1867 3613 30

515 3646 654 3710 Altaria
689 3656 758 3722 tuo,
786 3647 929 3709 Domine
963 3647 1137 3711 virtutum.
1173 3646 1265 3729 Quid
1304 3647 1520 3730 intellegitur,
1549 3648 1684 3713 Etenim
1717 3670 1826 3733 passer

473 3749 600 3813 invenit
616 3749 679 3812 sibi
696 3750 845 3825 domum,
861 3760 894 3813 et
911 3761 1019 3815 turtur
1036 3752 1151 3814 nidum
1165 3752 1222 3814 ubi
1235 3760 1376 3834 reponat
1389 3751 1499 3835 pullos
1515 3774 1592 3816 suos
1607 3755 1745 3817 :altaria
1764 3765 1826 3830 tua,

480 3935 483 3942 ¹
505 3930 537 3967 22
549 3919 639 3968 nidum
653 3920 697 3969 ubr‘
707 3922 820 3985 reponat]
834 3923 937 3973 Lmore
948 3939 995 3973 suo
1006 3922 1119 3988 sequitur
1139 3923 1214 3972 Psalt.
1237 3923 1311 3972 Rom.
1413 3934 1444 3984 27
1464 3925 1556 3974 liberae
1574 3924 1646 3987 sunt]
1665 3925 1752 3974 liberes
1771 3929 1827 3974 sunt

474 4000 504 4061 L,
518 4001 620 4065 prioris
631 4010 720 4068 postea
732 4020 810 4054 erasa.
905 4005 1033 4070 quamvis]
1045 4005 1131 4067 scripsi
1143 4003 1238 4069 {quom
1251 4005 1412 4056 solummodo
1426 4007 1454 4056 L.
1528 4015 1577 4071 prr
1586 4006 1680 4068 aerem]
1688 4014 1736 4070 per
1744 4023 1826 4057 aeram

475 4082 504 4132 L.
607 4097 635 4148 31
650 4086 818 4150 r'ntellegr'lnr]
830 4087 939 4152 intellig.
955 4087 984 4137 L.

514 4233 540 4293 5.
559 4237 615 4276 non
630 4218 846 4301 consequentur]
867 4243 877 4280 1
914 4224 982 4286 Cor.
1007 4239 1052 4298 15,
1077 4237 1123 4297 50.
1222 4219 1573 4302 17.r·ncaeosesr]1>hi1.
1590 4241 1616 4297 3,
1635 4243 1681 4282 ao.

473 4299 518 4358 Cl.
536 4317 625 4376 supra
645 4301 710 4360 111²
726 4321 793 4380 279,
812 4323 857 4376 ²4·
1222 4305 1265 4363 18.
1282 4323 1301 4362 o
1316 4302 1459 4386 Domino]
1477 4325 1491 4362 2
1508 4305 1579 4365 Cor.
1593 4322 1619 4381 5,
1637 4307 1663 4364 6.

516 4397 541 4454 7.
557 4400 625 4438 caro
639 4378 693 4462 est]
709 4383 785 4444 Gen.
803 4387 831 4456 ⁶,
849 4403 874 4460 3.
1219 4403 1264 4444 21.
1277 4393 1378 4461 patres
1392 4381 1501 4464 nostri]
1516 4385 1562 4446 Cf.
1580 4387 1627 4444 Ps.
1645 4389 1692 4462 38,
1712 4405 1757 4462 ¹3·

516 4479 563 4519 12.
579 4480 637 4521 non
644 4462 782 4606 possunt}
794 4466 882 4527 Rom.
900 4471 927 4541 8,
945 4470 970 4528 8.
1219 4485 1266 4538 24.
1283 4462 1378 4546 nodos]
1394 4467 1501 4526 Maru.
1518 4470 1545 4540 8,
1564 4486 1610 4526 ao.

518 4544 562 4602 1⁶.
579 4543 611 4602 r'n
625 4541 748 4626 rpr'rr‘tu]
783 4547 888 4624 bidro.
1435 4592 1440 4598 -
