4092 5502
574 462 829 524 reseratus
852 464 910 524 na
931 461 1100 526 rsamo
1121 465 1267 527 cxmn.
1512 441 1595 544 283

239 679 278 742 in
289 679 453 742 inventrice
466 699 537 743 sua.
553 678 607 742 De
623 695 723 746 manu
748 678 889 746 liliorum
915 679 1109 747 alienorum.
1128 681 1382 746 Haereticorum
1399 678 1457 743 lilii
1482 679 1593 743 videa·

240 802 312 848 mus
327 781 442 865 quales
458 784 533 848 sint.
549 782 700 866 Quorum
727 781 787 848 frlii
802 785 890 849 sicut
904 785 1035 851 novella
1051 785 1269 870 plantationis
1286 785 1318 848 in
1336 785 1508 848 iuventute
1524 801 1593 846 sua.

239 885 292 948 De
316 905 418 949 mann
434 885 577 951 filiorum
602 885 794 950 alienorum.
813 887 1002 971 Diligenter
1028 890 1285 956 animadvertite
1309 888 1389 972 quid
1414 888 1535 952 dicitur
1549 887 1593 950 de

237 987 421 1054 haereticis.
582 996 585 1002 '

205 1111 220 1166 5
280 1093 388 1156 Filiae
409 1113 520 1157 eonem
543 1093 728 1176 conpositae,
752 1095 1007 1163 circumornatae
1033 1109 1071 1163 ut
1093 1099 1277 1164 similitudo
1302 1098 1422 1181 templi.
1450 1094 1593 1162 Cellaria

236 1217 344 1260 eorum
355 1195 462 1278 plena,
476 1199 681 1263 crrcctnantia
695 1221 737 1263 ee
748 1201 805 1266 lroc
819 1201 854 1266 in
870 1202 963 1268 illud.
978 1203 1062 1268 Oves
1076 1225 1186 1269 eonem
1193 1205 1330 1285 setosae,
1345 1201 1547 1268 abundantes
1558 1197 1593 1262 iu

235 1299 414 1384 egressibus
427 1300 497 1364 suis
511 1323 523 1366 .·
539 1299 631 1366 lones
644 1324 756 1368 eonem
771 1308 881 1371 crassi.
898 1307 973 1371 Non
989 1319 1037 1372 est
1051 1310 1151 1373 racina
1176 1307 1341 1386 maceriae,
1358 1325 1456 1389 neque
1471 1301 1592 1368 lransi-

236 1414 298 1483 lus,
314 1423 412 1488 neque
422 1404 545 1468 clamor
559 1405 595 1468 in
603 1407 724 1488 plateis
739 1430 857 1474 eorum.
870 1411 1010 1475 Beatum
1025 1411 1181 1475 deicerent
1185 1411 1341 1494 populum
1355 1409 1409 1472 cni
1421 1409 1592 1472 lraecsunt.

239 1509 315 1576 Hoc
339 1509 385 1572 illi
412 1509 579 1573 dixerunt.
598 1510 672 1594 Ego
697 1514 778 1596 quid
805 1515 907 1580 dico?
923 1516 1045 1580 Beatus
1056 1515 1194 1598 populns
1213 1514 1306 1578 cuins
1321 1511 1486 1576 Dominus
1501 1511 1594 1574 Deus

190 1634 221 1672 ro
236 1616 313 1679 eins.
329 1614 470 1698 Singula
486 1615 588 1698 igitur
603 1617 720 1680 vestris
745 1619 952 1683 orationibus
968 1620 1110 1684 breviter
1126 1620 1335 1684 disseremus.
1356 1617 1502 1696 Quartam
1521 1615 1596 1699 filii

235 1721 320 1786 sieut
333 1718 458 1782 nouella
466 1717 686 1801 plantationis
701 1721 736 1785 in
750 1723 916 1787 iuventute
929 1744 998 1788 sua.
1012 1724 1181 1788 Plantatio
1197 1742 1312 1788 eorum
1335 1743 1402 1787 non
1419 1731 1470 1786 est
1484 1729 1592 1799 vetus,

237 1825 294 1888 sed
312 1823 442 1888 novella
458 1834 518 1888 est.
535 1824 613 1889 Non
638 1835 690 1890 est
705 1826 794 1889 enim
822 1827 866 1891 de
890 1829 992 1892 veteri
1009 1827 1092 1911 lege,
1107 1846 1176 1891 non
1199 1837 1250 1892 est
1265 1829 1308 1891 de
1323 1825 1504 1912 prophetis,
1524 1845 1591 1888 non

236 1938 287 1994 est
303 1929 346 1992 de
360 1926 522 2011 apostolis
537 1948 545 2005 ;
560 1926 619 1991 sed
646 1929 690 1994 de
716 1931 812 1994 novis
839 1933 1007 2014 magistris
1034 1941 1093 1997 est.
1107 1930 1183 1995 Filii
1208 1950 1323 1995 eorum
1348 1932 1435 1994 sicut
1461 1927 1593 1994 novella

236 2033 454 2116 plantationis
481 2033 514 2096 in
540 2032 712 2097 inventute
738 2036 864 2098 suain
892 2035 1065 2099 iuventute
1087 2053 1147 2098 sua
1162 2056 1170 2098 ε
1185 2053 1318 2116 semper
1343 2033 1480 2096 iuvenes
1505 2041 1592 2095 sunt.

190 2153 219 2207 ¹5
239 2137 335 2202 Licet
351 2136 477 2202 multae
492 2145 570 2200 sunt
585 2134 739 2202 haereses
755 2148 891 2217 veteres,
902 2150 1014 2203 tamen
1031 2159 1107 2204 curn
1124 2139 1247 2202 cotidie
1264 2145 1445 2214 mutantur,
1457 2146 1490 2202 et
1504 2156 1591 2200 nova

236 2241 359 2309 cotidie
382 2241 566 2318 inveniunt,
581 2261 688 2306 novae
714 2252 792 2307 sunt
816 2243 910 2325 ipsae
925 2243 1087 2310 haereses.
1104 2243 1199 2307 Licet
1223 2251 1351 2306 veteres
1376 2249 1463 2319 sunt,
1478 2248 1591 2304 tamen

237 2366 312 2410 cum
329 2344 452 2410 cotidie
467 2345 637 2408 doctrinas
652 2365 730 2409 suas
746 2346 919 2423 innovant,
931 2365 1037 2410 novae
1052 2353 1140 2410 sunt.
1152 2346 1229 2410 Non
1246 2346 1335 2410 enim
1353 2354 1431 2409 sunt
1442 2354 1591 2407 veterum

238 2450 470 2533 tnagistrorum
487 2469 595 2514 errore
610 2449 769 2527 contenti,
784 2451 843 2513 sed
856 2450 980 2514 cotidie
996 2450 1058 2532 ipsi
1075 2468 1163 2514 nova
1176 2449 1351 2534 reperiunt.
1369 2449 1522 2533 Quorum
1535 2447 1592 2511 lilii

237 2555 321 2620 sicut
333 2553 464 2618 novella
481 2553 698 2637 plantationis
719 2554 753 2616 in
777 2555 948 2620 iuventute
959 2575 1028 2619 sua.
1041 2555 1093 2618 De
1103 2552 1243 2618 ecclesia
1258 2552 1338 2635 quid
1355 2551 1485 2627 dicitur,
1496 2552 1537 2614 de
1552 2551 1592 2615 ti·

187 2685 222 2721 eo
238 2669 350 2724 mente
361 2659 561 2724 Dominum?
577 2657 690 2722 ‘Beati
701 2677 818 2721 omnes
831 2658 888 2741 qui
901 2657 1220 2733 timentDominum‚
1231 2656 1289 2739 qui
1299 2654 1472 2720 ambulant
1486 2655 1519 2717 in
1531 2654 1592 2717 viis

237 2765 308 2828 eius
323 2765 339 2828 ¹.
358 2763 450 2846 Quid
466 2762 586 2828 dicitur
612 2761 654 2825 de
671 2759 759 2824 illis?
774 2765 782 2794 ‘
800 2760 875 2824 Filii
892 2763 939 2825 tui
956 2761 1042 2825 sicut
1058 2760 1189 2826 novella
1204 2760 1367 2824 olivarum
1396 2759 1428 2822 in
1453 2758 1591 2822 circuitu

239 2887 373 2931 mensae
385 2876 464 2930 tuae
480 2867 496 2930 ¹.
513 2865 610 2931 Circa
627 2884 776 2929 mensam
791 2865 904 2948 Xpisti
920 2876 998 2931 sunt
1011 2865 1057 2929 illi
1071 2865 1139 2943 filii,
1152 2885 1218 2928 non
1236 2863 1335 2946 longe
1349 2871 1460 2928 sunta
1477 2881 1593 2926 mensa

239 2971 360 3053 Xpisti.
378 2970 429 3034 lbi
447 2989 512 3034 non
528 2969 685 3032 dicuntur
710 2967 804 3044 filiae,
821 2969 879 3033 sed
907 2970 1145 3034 tantummodo
1172 2966 1238 3032 filii.
1256 2968 1411 3032 Ceterum
1435 2966 1592 3031 haeretici

238 3074 363 3139 habent
378 3082 412 3137 et
427 3072 521 3149 filias
535 3072 661 3137 habent
685 3082 719 3137 et
746 3071 946 3155 fragiliorem
963 3094 1093 3151 sexum,
1115 3072 1298 3155 voluptatis
1324 3072 1470 3136 delicias.
1486 3069 1594 3134 Filiae

187 3194 222 3250 ις
238 3198 347 3240 eorum
362 3175 546 3258 conpositae.
563 3173 683 3239 Sermo
708 3176 901 3257 conpositus
928 3185 987 3252 est,
1003 3184 1036 3239 et
1052 3195 1168 3240 sensus
1183 3177 1346 3240 sordidus.
1364 3176 1404 3238 In
1421 3175 1593 3256 scripturis

239 3281 362 3345 sanctis
378 3278 598 3362 cogitationes
624 3297 756 3360 semper
783 3277 839 3342 filii
867 3279 1022 3344 dicuntur
1038 3304 1046 3344 :
1061 3281 1170 3358 verba,
1186 3278 1282 3344 filiae.
1298 3279 1387 3344 Vide
1411 3296 1492 3361 ergo
1513 3276 1593 3361 quid

240 3385 329 3449 dicit.
345 3381 575 3465 Cogitationes
590 3401 715 3459 eorum,
730 3383 793 3446 hoc
817 3393 876 3461 est,
892 3383 949 3447 filii
966 3385 1043 3447 novi
1060 3393 1147 3449 sunt.
1164 3385 1277 3448 Verba
1292 3404 1370 3449 vero
1386 3403 1513 3460 eorum,
1528 3381 1592 3444 hoc

240 3497 290 3552 est
317 3487 568 3562 haereticorum,
583 3505 670 3568 quae
695 3485 821 3551 habent
848 3488 891 3551 de
917 3490 1082 3572 sapientia
1110 3487 1279 3565 saeculari,
1293 3486 1470 3569 conposita
1496 3492 1595 3548 sunt:

241 3592 365 3657 habent
380 3592 469 3654 enim
483 3590 584 3653 verba
598 3591 783 3673 conposita,
795 3591 923 3656 lautum
935 3613 1135 3661 sermonem.
1147 3593 1251 3658 Filiae
1263 3611 1379 3657 eorum
1390 3590 1596 3673 conpositae.

192 3720 225 3771 ³0
241 3697 409 3761 Videntur
423 3694 559 3776 quidem
586 3713 659 3757 esse
685 3696 902 3777 conpositae:
918 3697 977 3760 sed
993 3697 1073 3780 quia
1089 3696 1176 3761 filiae
1191 3707 1278 3774 sunt,
1294 3705 1328 3760 et
1344 3716 1411 3759 non
1428 3694 1495 3771 lilii,
1511 3692 1596 3757 vires

276 3915 286 3952 1
300 3903 330 3951 in
341 3903 409 3968 iun]
427 3915 444 3948 a
463 3901 516 3949 iuv.
531 3900 561 3950 C.
661 3902 812 3966 alienorum]
832 3918 881 3951 om.
896 3903 927 3954 C.
1028 3915 1042 3966 3
1062 3903 1101 3952 De
1121 3919 1153 3950 m.
1161 3903 1188 3968 f.
1201 3901 1353 3962 alienantem]
1372 3917 1423 3950 om.
1438 3899 1468 3949 C.
1567 3899 1596 3946 de

241 3985 381 4047 haereticis]
392 3985 427 4033 ad
435 3983 549 4034 hereticis
561 3984 582 4033 1.
651 3983 693 4048 5-8
707 3984 817 4034 Cellaria
828 4001 911 4034 eorum
924 4023 982 4034 ......
998 3981 1329 4050 irrplaleiseorurr110m.ll.
1397 3980 1595 4041 6eructnantr'a]

239 4069 380 4119 eructantia
393 4069 423 4128 B,
437 4067 458 4118 C
471 4083 489 4115 u
500 4073 634 4131 expuncto.
735 4067 765 4116 iu
781 4068 860 4129 illud]
878 4069 907 4116 in
925 4069 968 4118 illo
986 4070 1039 4119 BG.
1133 4070 1237 4134 setosae]
1247 4068 1339 4132 saetose
1356 4067 1400 4118 BC
1410 4085 1417 4126 ;
1428 4065 1545 4130 facdosac
1561 4066 1593 4115 G.

240 4155 269 4202 in
279 4151 423 4216 egressibus]
442 4152 470 4199 in
483 4149 608 4213 gressibus
620 4149 642 4206 1.
657 4149 678 4205 C
690 4165 763 4209 corr;
783 4150 812 4198 in
820 4151 937 4213 gregibus
948 4151 980 4201 G.
1082 4163 1096 4213 7
1107 4151 1198 4212 crassi]
1212 4151 1232 4198 B
1242 4169 1249 4210 ;
1261 4165 1336 4199 cresse
1347 4150 1368 4197 C
1380 4164 1435 4199 corr
1445 4166 1452 4207 ς
1466 4163 1550 4212 grasse
1562 4148 1593 4197 G.

242 4249 271 4296 14
281 4235 316 4283 In
327 4234 382 4282 inv.
395 4232 453 4294 sua]
464 4248 514 4282 non
526 4239 604 4297 repet.
619 4232 652 4282 G.
755 4243 783 4295 15
794 4229 861 4291 cunr]
872 4249 922 4283 orn.
938 4231 962 4300 β.
1063 4249 1127 4282 nova
1138 4234 1224 4282 cotidie
1235 4232 1383 4294 inueniunt]
1402 4247 1480 4280 nouae
1489 4231 1597 4294 quotidie

239 4317 411 4367 inveniuntur
422 4313 446 4382 β.
517 4327 547 4376 19
557 4315 587 4364 de
596 4316 707 4379 timente]
719 4314 765 4364 CG
778 4315 946 4370 :detinentes
959 4316 979 4364 B
989 4334 996 4378 ;
1008 4315 1190 4366 detinentibus
1204 4312 1228 4382 β,
1240 4314 1261 4364 C
1273 4329 1327 4378 sup.
1338 4313 1381 4362 lin.
1451 4325 1479 4362 21
1491 4311 1598 4374 nouella]

239 4397 262 4447 G
282 4397 357 4447 inser.
365 4395 501 4460 plantatio.
601 4408 633 4458 23
650 4396 781 4464 dicuntur]
799 4397 896 4446 dicitur
914 4396 961 4464 βΒ.
1061 4411 1093 4458 ²4
1110 4397 1246 4461 voluptatis
1265 4394 1346 4460 d.]1;
1365 4394 1536 4444 uoluntatisd.
1554 4393 1578 4442 G
1589 4411 1596 4450 ;

238 4479 381 4544 uoluptates,
394 4477 494 4529 delicias
507 4473 530 4542 β.
616 4477 646 4527 28
658 4493 722 4541 quoe
732 4479 757 4528 tl.
769 4479 799 4528 de
809 4479 934 4543 sapientia
945 4479 1081 4541 saeculari]
1091 4480 1139 4542 qni
1148 4479 1173 4528 t.
1184 4478 1334 4543 sapientiam
1343 4478 1494 4526 saecularem
1508 4477 1520 4526 1
1531 4493 1539 4535 ;
1551 4477 1598 4540 qni

241 4561 265 4612 li.
278 4560 430 4626 sapientiam
440 4559 549 4608 seculare
560 4559 592 4610 G.
693 4573 726 4621 ²9
737 4561 850 4623 1111411111]
863 4562 884 4620 Ι,
898 4561 1004 4610 laudum
1018 4561 1047 4622 B,
1061 4561 1194 4610 laudatum
1207 4558 1232 4628 β,
1246 4559 1342 4610 Ccorr.

283 4750 327 4788 21.
343 4725 416 4808 eins]
433 4730 478 4786 Ps.
499 4746 564 4802 127,
583 4749 606 4788 1.
986 4745 1030 4785 ee.
1047 4723 1126 4806 tuac]
1141 4725 1211 4786 ibid.
1230 4745 1256 4801 3.
