4154 5494
486 407 567 488 232
863 408 891 466 S.
917 407 1169 474 HIERONYMI
1192 406 1459 485 PRESBYTERI

486 627 595 689 nebat.
615 626 690 689 Hoc
708 627 808 707 igitur
822 626 898 690 dico
915 624 1008 688 vobis
1025 624 1105 706 ipsis
1121 633 1155 688 et
1171 623 1253 688 mihi
1268 645 1276 700 ;
1293 607 1505 706 nequeenim
1523 623 1566 687 ad
1593 622 1657 688 hoc
1674 623 1840 706 praedico,

486 740 522 794 ut
546 731 639 812 quasi
664 749 717 794 me
733 749 885 794 securum
913 727 1040 792 faciam.
1058 727 1201 794 Occasio
1226 728 1320 792 istius
1347 727 1498 791 versiculi
1521 727 1673 809 conpulit
1702 729 1842 792 meista

485 834 603 898 dicere.
614 832 750 898 Grande
763 833 887 896 malurn
901 843 951 898 est
962 833 1083 915 lingua.
1094 832 1236 896 Domine
1246 832 1347 896 libera
1357 831 1506 896 animam
1520 851 1625 896 meeum
1636 854 1658 895 a
1668 832 1768 897 labiis
1778 831 1843 896 ini·

452 933 466 1002 ,‘
484 939 559 1021 quir
573 947 604 1001 et
618 959 640 1000 a
654 937 771 1020 lingua
782 937 909 1002 dolosa:
927 957 992 1000 non
1006 937 1049 1000 ab
1061 936 1197 1000 alterius
1209 936 1332 1018 lingua,
1345 936 1402 1000 sed
1414 955 1434 999 a
1447 955 1521 1000 mea
1533 936 1646 1019 lingua
1658 956 1711 1002 me
1727 936 1842 1001 libera.

488 1144 590 1208 libera
606 1143 751 1206 animam
778 1163 895 1206 meam.
915 1143 1075 1206 Animam
1103 1163 1211 1208 meam
1229 1142 1331 1207 libera
1347 1162 1368 1205 a
1384 1141 1498 1224 lingua
1519 1162 1612 1207 mea:
1629 1142 1743 1226 lingua
1768 1161 1844 1206 mea

487 1249 619 1331 gladius
635 1257 694 1326 est,
706 1245 860 1310 interficit
872 1247 1018 1310 animam
1034 1267 1152 1312 meam.
1164 1248 1250 1312 Puto
1265 1248 1355 1330 quod
1373 1247 1544 1310 inimicum
1563 1265 1674 1311 meum
1692 1265 1842 1322 noceam,

487 1363 520 1417 et
537 1353 649 1417 nescio
672 1353 761 1434 quod
780 1352 942 1434 meipsum
960 1352 1085 1416 occido.
1103 1351 1257 1433 Pugnent
1283 1351 1462 1414 adversarii
1479 1352 1616 1433 quando
1632 1349 1751 1432 loquor
1767 1350 1843 1428 illis,

487 1469 520 1521 et
536 1477 601 1539 ego
616 1453 754 1538 pacifica
770 1454 895 1537 loquar.
914 1453 965 1517 llli
982 1454 1127 1519 habeant
1144 1454 1344 1519 inimicalem
1370 1454 1528 1531 animum,
1544 1473 1605 1518 nos
1621 1473 1699 1518 vero
1722 1453 1845 1518 habea·

491 1579 564 1623 mus
580 1557 784 1642 pacificalem
801 1559 960 1621 animum.
973 1557 1145 1640 Siquidem
1164 1559 1324 1642 scriptum
1341 1557 1441 1621 estin
1460 1557 1740 1640 Paralipomenon
1756 1565 1782 1622 :¹
1798 1557 1845 1621 Et
1867 1582 1897 1620 ro

488 1663 611 1745 egressi
629 1670 716 1738 sunt,
731 1662 847 1744 inquit,
864 1659 920 1724 filii
938 1661 1066 1724 Israhel
1082 1663 1125 1725 ad
1142 1663 1361 1744 pugnandum
1380 1671 1491 1725 mente
1507 1659 1646 1744 pacifica
1661 1661 1677 1725 '.
1709 1661 1847 1744 Aliquis

491 1767 583 1832 vadit
598 1767 641 1829 ad
655 1785 814 1848 pugnarn,
832 1774 865 1828 ct
882 1774 1028 1828 mentem
1046 1763 1218 1847 pacificam
1235 1765 1362 1830 habet?
1380 1764 1446 1830 Sed
1471 1765 1725 1848 Xpistianorum
1743 1786 1847 1844 arma,

492 1893 560 1954 pax
577 1879 635 1934 est.
652 1870 748 1934 ‘Pax
765 1869 888 1952 Xpisti,
904 1889 989 1953 quae
1006 1879 1140 1952 superat
1163 1890 1298 1934 omnem
1315 1889 1449 1932 sensum
1467 1865 1482 1932 '.
1500 1868 1595 1933 Beati
1616 1867 1761 1951 pacifici:
1777 1891 1844 1935 non

491 1975 599 2039 solum
611 1973 672 2058 qui
689 1993 805 2056 pacem
824 1973 948 2038 faciunt
964 1975 1050 2038 inter
1065 1973 1224 2051 rixantes,
1241 1974 1298 2038 sed
1315 1973 1371 2056 qui
1389 1973 1421 2036 in
1438 1971 1557 2055 seipsis
1573 1993 1690 2055 pacem
1709 1973 1848 2042 faciunt.

492 2080 586 2143 Beati
604 2076 741 2162 pacifici.
757 2075 793 2144 Si
810 2077 865 2140 alii
880 2078 991 2141 'rixam
1008 2077 1143 2155 saciant,
1157 2086 1191 2141 et
1207 2097 1270 2160 ego
1288 2078 1416 2142 medius
1434 2077 1650 2155 intercedam,
1664 2089 1698 2142 et
1723 2078 1845 2144 faciam
1869 2103 1897 2155 15

492 2185 578 2248 inter
594 2203 650 2247 eos
666 2201 793 2265 pacem,
809 2191 841 2244 et
858 2182 929 2263 ipse
956 2201 1022 2244 non
1047 2181 1189 2245 habeam
1218 2201 1333 2263 pacem
1363 2181 1396 2245 in
1423 2191 1535 2245 mente
1552 2201 1647 2248 mear
1663 2184 1744 2266 quid
1762 2185 1845 2248 mihi

493 2289 638 2372 prodest,
664 2286 754 2368 quod
786 2285 831 2348 illi
860 2305 976 2368 pacem
1002 2285 1174 2349 lecerunt?
1197 2286 1317 2349 ‘Beati
1341 2284 1481 2368 pacifici,
1507 2286 1668 2369 quoniam
1694 2285 1753 2351 filii
1779 2287 1847 2353 Dei

494 2394 699 2456 vocabuntur
711 2394 727 2456 '.
744 2391 838 2453 Beati
850 2389 988 2472 pacifici,
1003 2390 1059 2474 qui
1078 2389 1259 2473 loquuntur
1274 2390 1410 2472 quidem
1427 2390 1478 2453 his
1494 2391 1550 2473 qui
1566 2391 1709 2457 oderunt
1725 2412 1844 2476 pacem

493 2495 639 2580 pacifica.
657 2495 752 2558 Beati
769 2492 906 2576 pacifici.
923 2493 1064 2576 Xpistus
1091 2514 1161 2576 pax
1178 2502 1236 2558 est.
1255 2493 1291 2561 Si
1320 2495 1408 2558 enim
1430 2493 1591 2559 Salomon
1609 2495 1847 2578 interpretatur

494 2603 527 2664 in
544 2600 678 2680 Xpisto,
690 2597 849 2664 Salomon
864 2609 976 2662 autem
993 2599 1229 2680 interpretatur
1241 2597 1504 2680 pacificus:ergo
1524 2597 1665 2680 Xpistus
1679 2597 1849 2662 Dominus
1868 2619 1899 2656 uo

494 2714 607 2769 noster
633 2724 702 2786 pax
730 2711 789 2768 est.
815 2702 953 2767 Vadens
981 2704 1023 2767 ad
1051 2703 1181 2766 caelum
1217 2702 1315 2767 nobis
1341 2702 1504 2767 vexillum
1540 2701 1668 2766 dimisit
1709 2703 1850 2766 dicens:

494 2809 638 2872 ‘Pacem
668 2827 776 2871 meam
807 2808 852 2870 do
878 2807 982 2882 vobis,
1009 2826 1125 2889 pacem
1152 2827 1260 2870 meam
1293 2807 1445 2891 relinquo
1472 2806 1566 2870 vobis
1582 2806 1598 2872 ’.
1626 2806 1850 2870 Reservemus

494 2914 583 2996 quod
610 2913 752 2994 Xpistus
778 2911 926 2987 donavit,
950 2909 1134 2973 habeamus
1161 2930 1287 2992 pacem,
1310 2928 1479 2974 servemus
1502 2929 1629 2993 pacem,
1645 2920 1679 2974 et
1707 2909 1762 2974 illa
1786 2929 1849 2972 nos

494 3024 603 3081 servat
619 3017 652 3078 in
670 3015 794 3098 Xpisto
814 3015 910 3079 Iesu:
926 3013 977 3076 cui
995 3023 1045 3076 est
1061 3013 1168 3095 gloria
1183 3013 1216 3076 in
1234 3014 1366 3078 saecula
1382 3013 1598 3080 saeculorum.
1617 3013 1739 3078 Arnen.

529 3217 593 3254 2me
604 3197 662 3261 isla]
682 3204 774 3251 uerita
788 3203 835 3266 μδ.
937 3194 1013 3261 qme]
1031 3215 1081 3250 orn.
1098 3217 1125 3262 μ.
1228 3211 1241 3262 7
1262 3203 1396 3252 inimicum
1417 3203 1509 3266 uuurrr]
1529 3202 1613 3262 oodd;
1634 3201 1738 3250 im'rrrice
1756 3216 1807 3250 uteo
1820 3219 1849 3266 μ.
1865 3189 1872 3196 “

495 3285 697 3347 reoceomlrrocral
710 3289 736 3338 S.
804 3283 960 3349 8Pugrrem'l
962 3292 1085 3350 pergerent
1099 3303 1135 3348 μς
1142 3293 1283 3352 pungumr!
1293 3286 1320 3336 S.
1388 3281 1555 3349 loquorllrror
1564 3271 1657 3334 Ccorr.
1725 3283 1851 3350 qloquar]

495 3369 582 3432 loquor
593 3369 636 3432 pl.
739 3381 769 3416 ro
777 3367 939 3432 pacificalem]
953 3385 982 3430 μ,
992 3367 1120 3432 pacificale
1132 3367 1153 3416 C
1163 3385 1170 3427 ;
1181 3367 1313 3433 pacificum
1325 3366 1400 3416 ceteri
1413 3367 1488 3416 codd.
1589 3367 1618 3414 irr
1629 3365 1851 3430 Paralipomenon]

495 3454 524 3500 in
539 3451 738 3516 paralipomenis
755 3451 795 3508 C;
815 3451 844 3498 iu
861 3449 1090 3514 paralipominom's
1102 3449 1134 3499 G.
1238 3462 1267 3512 13
1283 3444 1394 3514 superat]
1413 3455 1534 3512 exuperat
1552 3447 1599 3509 με.
1704 3445 1851 3511 rssucmrrt]

490 3533 594 3597 socium
606 3533 657 3583 BP.
761 3543 788 3593 17
802 3531 878 3580 Beali
885 3559 917 3568 -
925 3529 1090 3590 vocabuntur]
1101 3549 1150 3582 om.
1163 3532 1237 3582 BCP.
1341 3531 1369 3580 18
1378 3525 1527 3595 loquamur]
1536 3530 1654 3578 locuntur
1661 3529 1708 3579 GP
1718 3545 1725 3588 ς
1736 3529 1854 3592 loquitur

496 3615 589 3664 Ccorr.
689 3609 861 3678 qrrirlerrrlom.
877 3630 905 3676 μ.
1005 3612 1119 3674 oderunt]
1133 3614 1152 3663 C
1165 3629 1220 3678 sup.
1235 3612 1470 3675 lin30deruulpet
1481 3611 1566 3662 ceteri.
1667 3611 1739 3661 eoin
1750 3609 1853 3674 Xpislo]

498 3696 615 3746 Christus
629 3713 656 3759 μ.
734 3696 869 3758 Dorrrirmr]
882 3695 944 3754 SG;
960 3696 1029 3744 Deus
1041 3696 1093 3759 pC.
1169 3709 1197 3745 21
1211 3693 1344 3754 uexillum]
1355 3696 1476 3744 vixillum
1488 3695 1510 3744 C
1521 3701 1546 3744 et
1557 3694 1576 3743 P
1588 3709 1643 3744 corr
1652 3710 1660 3753 ;
1670 3693 1803 3743 auxilium
1818 3693 1848 3742 B.

496 3792 528 3828 22
541 3775 711 3838 ll’erervemus]
730 3792 855 3826 servemus
876 3777 924 3839 μδ.
1026 3791 1057 3838 ²4
1076 3773 1168 3836 servat]
1185 3786 1264 3826 servet
1281 3777 1312 3836 C,
1327 3777 1418 3828 Pam.
1432 3793 1488 3841 sup.
1502 3776 1546 3826 lin.
1645 3777 1690 3826 cui
1706 3781 1742 3826 erl
1756 3775 1852 3840 gloria]

496 3877 546 3910 orn.
561 3861 630 3910 GIP.

541 4029 585 4069 11.
596 4017 686 4068 mente
690 4003 825 4088 punfira]
840 4009 952 4067 rParal.
965 4027 1009 4081 12,
1021 4012 1059 4084 38
1069 4008 1149 4068 iuxta
1244 4026 1288 4084 13.
1304 4003 1430 4088 sensum]
1448 4006 1573 4083 Philipp.
1591 4027 1621 4080 4,
1638 4025 1662 4082 7.

496 4113 537 4172 gr.
547 4091 671 4152 Hieron.
682 4109 728 4168 ep.
743 4109 807 4161 112,
820 4109 847 4148 n.
863 4109 877 4148 2
894 4091 951 4149 ‘Bt
960 4089 991 4148 in
1002 4090 1149 4166 Paralipo·
1244 4094 1288 4148 18.
1305 4086 1492 4169 uocaiuulur]
1504 4090 1611 4149 Matth.
1620 4087 1848 4166 5.9.-Hieron.

499 4192 608 4235 menon
634 4171 710 4232 libro
735 4171 868 4248 legimus,
884 4171 967 4246 quod
990 4170 1042 4229 filii
1057 4171 1148 4232 Israel
1200 4169 1230 4230 in
1246 4172 1273 4230 h.
1291 4173 1308 4230 l.
1338 4168 1607 4247 ‘Bealr'pacrfici...
1633 4169 1694 4246 Qui
1720 4169 1849 4247 primunr

497 4257 535 4316 ad
547 4254 741 4332 pugnandum
753 4253 950 4330 processerint
962 4265 1062 4313 niente
1072 4252 1149 4329 paci·
1201 4252 1231 4311 in
1254 4254 1346 4312 corde
1368 4271 1432 4324 suo,
1453 4250 1564 4311 deinde
1587 4263 1616 4312 et
1641 4251 1717 4312 inter
1744 4251 1849 4312 iratres

499 4337 553 4396 fica
567 4357 573 4394 :
588 4336 666 4395 inter
680 4333 759 4411 ipsos
771 4351 892 4410 quoque
907 4334 1023 4411 gladios
1037 4349 1066 4392 et
1078 4334 1149 4393 ellu-
1201 4332 1380 4393 dissidentes
1395 4351 1499 4408 pacem
1525 4331 1643 4392 iaciunt.
1662 4333 1744 4409 Quid
1767 4333 1849 4392 enim

498 4419 597 4478 siones
612 4417 763 4494 sanguinis
778 4427 807 4475 et
822 4417 967 4476 cadavera
993 4426 1150 4492 prostrato·
1202 4415 1323 4491 prodest
1337 4414 1411 4474 alios
1426 4433 1478 4490 per
1500 4428 1529 4474 tc
1544 4413 1652 4490 pacari,
1667 4433 1737 4474 cum
1752 4412 1782 4474 in
1798 4425 1851 4473 tuo

499 4519 573 4569 ruru,
600 4517 660 4556 non
689 4516 782 4569 suam,
809 4499 862 4558 sed
892 4495 972 4574 pacis
998 4496 1151 4556 victoriam
1203 4495 1305 4558 animo
1319 4493 1378 4554 sint
1393 4495 1470 4554 bella
1484 4493 1669 4555 vitiorumi'

498 4580 663 4656 cogitantes
678 4578 692 4637 ’.
1247 4597 1291 4636 22.
1309 4572 1398 4656 rrolr's]
1415 4577 1459 4636 Io.
1479 4595 1524 4648 14,
1543 4593 1588 4649 η.
