4202 5492
487 413 567 498 124
850 413 889 476 s.
911 411 1169 474 urunommr
1188 409 1453 472 pessumum

483 642 552 698 tem
568 653 672 698 suam.
684 630 876 698 consensus
892 649 1006 696 eorum
1024 627 1132 694 malus
1147 627 1230 694 suit:
1244 626 1410 710 dispersio
1420 642 1498 691 vero
1514 625 1640 709 profuit
1651 626 1754 692 etiam
1771 625 1835 691 illis

483 737 564 821 ipsis
579 737 636 821 qui
652 736 794 820 disparsi
810 743 898 800 sunt

527 841 575 906 Et
588 839 789 905 exaltabitur
800 839 885 904 sieut
894 837 1060 903 unicornis
1072 857 1171 901 cornu
1187 835 1448 918 merem.Semper
1462 854 1565 899 cornu
1583 835 1616 898 in
1628 854 1733 918 regno
1742 835 1837 918 poni·

484 953 546 1011 tur.
561 949 569 976 ⁴
589 945 626 1008 ln
643 954 677 1008 te
693 943 845 1008 inimicos
854 951 986 1008 nostros
1002 940 1237 1006 ventilabimus
1246 959 1349 1004 cornu
1365 939 1381 1003 '.
1398 939 1554 1024 Denique
1570 938 1699 1004 nullum
1714 937 1837 1006 animal

485 1049 662 1133 intemplo
688 1047 869 1113 inmolatur
895 1045 1055 1125 Domino,
1070 1046 1132 1110 nisi
1158 1042 1250 1129 quod
1275 1063 1378 1109 cornu
1402 1043 1514 1110 habet
1531 1043 1610 1108 Tria
1636 1042 1839 1108 inmolantur
1867 1047 1887 1108 ‘5

486 1152 635 1218 Domino
651 1152 684 1216 in
700 1151 850 1236 templo:
866 1151 1047 1216 inmolatur
1070 1160 1194 1228 taurus,
1210 1147 1392 1212 inmolatur
1407 1147 1501 1225 aries,
1516 1146 1697 1214 inmolatur
1720 1148 1837 1219 hircus,

486 1255 566 1320 Tria
592 1255 806 1333 inmolantur,
821 1263 854 1320 et
878 1255 1032 1319 universa
1058 1261 1197 1318 cornuta
1224 1261 1311 1318 sunt.
1327 1251 1402 1316 Nisi
1429 1251 1519 1316 enim
1546 1251 1670 1334 aliquis
1687 1250 1840 1316 habuerit

485 1378 588 1425 cornu
605 1361 638 1423 in
654 1378 723 1442 quo
738 1358 889 1424 inimicos
904 1357 1088 1436 ventilaret,
1104 1377 1170 1422 non
1186 1367 1237 1422 est
1253 1357 1375 1439 dignus
1392 1355 1544 1420 inmolari
1556 1355 1641 1420 Deo.
1658 1356 1838 1438 Propterea

487 1475 521 1531 et
537 1464 704 1538 Dominus
719 1484 821 1530 cornu
837 1464 958 1529 dicitur
972 1464 1024 1527 his
1039 1464 1097 1546 qui
1112 1463 1253 1529 credunt
1268 1463 1301 1526 in
1318 1481 1394 1527 eum
1404 1471 1417 1540 ';
1437 1471 1470 1525 et
1492 1461 1524 1524 in
1553 1460 1710 1528 cornibus
1736 1460 1842 1528 crucis

451 1633 458 1650 ‚
487 1587 569 1634 suae
580 1567 754 1633 ventilavit
769 1568 930 1634 inimicos.
941 1566 993 1633 lbi
1009 1566 1159 1632 confudit
1175 1567 1393 1642 diabulum‚et
1408 1585 1543 1629 omnem
1559 1565 1631 1629 eius
1647 1565 1842 1632 exercitum.
1863 1577 1893 1614 ¹⁰

490 1675 632 1759 Xpistus
647 1674 782 1758 quidem
798 1670 976 1738 crucifixus
990 1681 1061 1736 erat
1078 1673 1110 1737 in
1126 1691 1273 1754 corpore,
1288 1670 1346 1734 sed
1371 1689 1448 1734 vere
1462 1667 1677 1752 crucifigebat
1701 1669 1748 1734 ibi
1763 1671 1841 1734 dae·

491 1797 616 1845 mones.
633 1777 711 1843 Non
728 1776 790 1842 suit
806 1796 912 1842 crux:
928 1776 986 1842 sed
1003 1775 1191 1859 triumphus
1216 1774 1288 1850 luit,
1303 1775 1360 1839 sed
1385 1772 1548 1839 vexillum
1576 1775 1647 1842 suit.
1665 1776 1845 1859 Propterea

492 1882 687 1948 conscendit
703 1882 734 1945 in
752 1901 893 1959 crucem,
908 1888 945 1945 ut
968 1901 1029 1946 nos
1043 1880 1088 1944 de
1102 1887 1190 1944 terra
1206 1878 1238 1946 iu
1249 1877 1354 1943 altum
1365 1877 1505 1943 tolleret.
1525 1879 1599 1962 Ego
1615 1887 1700 1961 puto
1715 1899 1844 1944 crucem

494 1985 677 2060 Salvatoris
693 1987 792 2052 istam
812 2005 885 2052 esse
901 1986 1035 2064 scalam,
1049 2004 1152 2069 quam
1168 1983 1253 2048 vidit
1269 1984 1379 2048 Iacob.
1398 1984 1437 2047 In
1461 1982 1526 2048 ista
1549 1980 1639 2047 scala
1665 1983 1846 2051 descende·

495 2093 578 2158 bant
598 2091 718 2176 angeli,
733 2099 766 2155 et
782 2089 1051 2154 conscendebant
1067 2110 1074 2167 ;
1092 2087 1125 2153 in
1150 2087 1214 2152 ista
1240 2088 1339 2165 scala,
1353 2087 1417 2151 hoc
1443 2096 1495 2151 est
1518 2104 1623 2162 cruce,
1638 2086 1847 2150 descendunt
1867 2095 1895 2150 ¹5

498 2197 631 2272 ludaei,⁸
642 2203 677 2260 et
703 2193 933 2258 conscendunt
962 2192 1113 2276 gentiles.
1144 2191 1193 2255 Et
1215 2190 1419 2255 exaltabitur
1445 2191 1532 2254 scrut
1559 2190 1725 2254 unicornis
1750 2209 1847 2253 cornu

495 2320 610 2368 meum.
628 2299 697 2364 Alii
713 2297 859 2368 habeant
876 2295 971 2380 plum
985 2315 1129 2361 cornua:
1146 2315 1210 2376 ego
1226 2314 1329 2359 unum
1345 2293 1453 2359 solum
1479 2314 1581 2359 cornu
1607 2292 1725 2359 habeo.
1743 2293 1847 2356 ‘Mihi

495 2413 608 2471 autem
633 2402 720 2468 absit
744 2399 879 2484 gloriari
896 2400 958 2464 nisi
985 2400 1018 2464 in
1035 2419 1131 2464 cruce
1149 2399 1309 2465 Domini:
1326 2419 1500 2482 perquem
1519 2398 1599 2462 mihi
1616 2399 1761 2462 mundus
1777 2415 1849 2461 cru·

496 2506 619 2574 cifixus
634 2513 743 2583 est‚'et
759 2525 823 2589 ego
838 2504 966 2570 mundo
977 2503 995 2570 '.

518 2627 521 2634 ’
538 2613 587 2678 Et
599 2619 740 2676 senectus
755 2630 826 2673 mea
842 2609 876 2674 in
892 2608 1115 2676 miserisordia
1130 2608 1229 2673 uberi.
1246 2608 1408 2674 Senectus
1421 2616 1535 2672 nostra
1550 2607 1625 2673 oleo
1639 2608 1703 2672 Dei
1715 2608 1851 2691 indiget.
1868 2618 1899 2656 ²⁰

498 2717 680 2803 Quomodo
695 2715 783 2781 enirn
794 2731 933 2798 corpora
946 2724 1059 2780 nostra
1069 2713 1205 2796 quando
1217 2711 1370 2777 laborarit
1381 2710 1514 2795 (loquor
1523 2711 1706 2793 simplicius
1718 2721 1853 2796 propter

498 2823 716 2908 simpliciores
743 2819 869 2898 iratres,
893 2822 950 2903 qui
976 2839 1042 2884 non
1069 2825 1209 2902 possunt
1239 2814 1433 2897 intellegere
1463 2814 1653 2898 sublimius)
1680 2816 1853 2898 quomodo

498 2951 638 3016 corpora
653 2939 767 2995 nostra
782 2925 919 3012 quando
934 2923 1097 3000 laborant,
1113 2940 1180 2985 non
1197 2918 1387 2984 reficiuntur
1404 2918 1466 2982 nisi
1483 2920 1642 2984 unctione
1667 2919 1733 2983 olei
1748 2940 1756 2998 ;
1771 2937 1854 3003 quo·

533 3127 555 3183 3.
570 3128 585 3180 7
602 3117 676 3182 Tria]
687 3124 741 3165 lrea
752 3115 785 3166 G.
855 3122 877 3176 5.
892 3108 1070 3172 dinmolalur]
1081 3104 1259 3154 immolabatur
1271 3100 1317 3170 βΒ.
1392 3099 1616 3163 6lrircu51lyrcus
1629 3099 1703 3151 CSG.
1772 3099 1855 3150 Sven-

500 3200 596 3262 lilarel]
609 3199 658 3250 CH
676 3210 685 3247 ι
701 3214 725 3247 m
738 3215 745 3258 ;
756 3195 891 3247 ventilarit
901 3193 934 3250 G,
949 3191 970 3242 C
982 3204 1037 3252 sup.
1049 3187 1084 3236 liu
1095 3203 1103 3247 ;
1115 3185 1281 3237 ventelarilB
1296 3197 1306 3233 1
1321 3200 1344 3232 m
1355 3201 1363 3242 ;
1374 3183 1537 3232 vmilaueril
1548 3183 1575 3242 S,
1589 3182 1609 3230 B
1621 3197 1676 3248 sup.
1691 3182 1726 3231 lin
1737 3199 1744 3242 ς
1755 3183 1857 3232 venrilet

502 3279 527 3350 β,
542 3281 595 3331 ΗΑ
605 3279 697 3330 litteris
707 3295 741 3328 ar
750 3277 836 3328 erasis.
940 3284 970 3320 10
981 3269 1105 3334 inimicos]
1116 3267 1139 3317 G
1152 3267 1210 3317 add.
1224 3281 1288 3317 suos.
1386 3277 1415 3312 12
1426 3262 1559 3324 vexillum]
1572 3263 1694 3313 vixillum
1707 3263 1736 3323 B,
1750 3263 1771 3314 C
1783 3279 1856 3321 corr;

492 3364 613 3430 fim'llrrm
625 3361 657 3414 G.
754 3371 783 3422 13
794 3357 859 3422 Ego]
871 3357 909 3406 E!
921 3353 946 3422 β
1044 3361 1072 3413 17
1084 3349 1200 3411 labeant]
1211 3348 1332 3397 habebant
1343 3347 1395 3397 BC.
1486 3345 1857 3410 pluracomua]plun'cornua

501 3446 597 3498 Ceorr.
699 3439 860 3502 aosenrclus]
877 3435 1091 3488 senectachorr.
1179 3443 1221 3480 ‘at
1235 3429 1360 3489 laborant]
1380 3429 1402 3478 C
1414 3445 1421 3488 ;
1441 3428 1582 3477 laboramus
1602 3425 1735 3495 perus&
1755 3428 1779 3480 G
1796 3428 1854 3478 edd.

492 3529 684 3598 saligaterunt.
786 3517 1063 3588 loquor]locorCcorr.
1165 3525 1197 3576 23
1208 3513 1332 3576 laborant]
1342 3511 1483 3560 laboramus
1491 3510 1518 3562 S.
1618 3509 1859 3571 unctr'one1unci0ne

501 3617 590 3662 mutat.
604 3608 629 3660 iu
642 3607 758 3658 unccione
770 3604 800 3658 C·

508 3803 513 3810 ·
542 3795 570 3848 4.
585 3769 685 3854 cornu]
702 3773 747 3834 Pe.
765 3789 783 3843 4
805 3771 857 3842 ,6.
1206 3759 1317 3819 animal
1332 3754 1408 3817 inter
1430 3755 1585 3818 immunda
1600 3755 1672 3835 poni
1698 3754 1727 3816 in
1755 3755 1860 3819 Leviti-

545 3875 570 3934 5.
586 3875 675 3915 cornu
700 3790 803 3932 lrulell
823 3847 947 3910 Hieron.
964 3845 994 3906 in
1015 3845 1054 3905 Is.
1083 3861 1110 3921 5,
1141 3863 1152 3901 r
1207 3861 1291 3910 co,...
1309 3851 1338 3900 et
1353 3837 1427 3899 illud
1442 3839 1481 3898 In
1496 3839 1662 3899 teinimicos
1675 3846 1859 3898 nostrosven-

504 3919 629 4000 lCornu
658 3946 758 3995 autem
786 3948 911 4009 regnum
936 3925 1100 4005 significare
1125 3935 1155 3984 et
1207 3922 1456 3982 lilabimuscornu
1471 3921 1486 3980 ’.

504 4017 678 4098 potentiam,
689 4033 777 4092 saepe
792 4011 926 4090 legimus,
939 4021 970 4068 ut
982 4014 1027 4067 est
1042 4005 1153 4066 illud...
1249 4023 1274 4080 9.
1290 4021 1379 4061 cornu
1392 3998 1513 4081 dr'cilur]
1530 4002 1577 4060 Ps.
1597 4017 1642 4074 17,
1660 4020 1686 4078 3.

504 4101 544 4161 In
566 4105 592 4158 le
612 4097 741 4158 inimicos
763 4101 872 4154 nostros
895 4110 984 4150 cornu
1009 4087 1156 4147 ventilabi-
1252 4104 1295 4144 12.
1312 4083 1450 4143 vexillum
1456 4078 1533 4162 full]
1561 4082 1686 4142 Hieron.
1703 4081 1809 4142 iterum
1831 4081 1861 4141 in

505 4178 652 4255 rrrus'3in
675 4177 764 4238 Zach.
793 4195 817 4248 1,
847 4191 880 4248 17
909 4173 971 4230 ‘Et
995 4168 1157 4229 rectissime
1209 4165 1357 4224 Habacuc
1373 4183 1430 4240 3,4
1447 4167 1578 4223 ‘cornua
1593 4161 1773 4223 inmanibus
1788 4164 1860 4235 eius,

506 4281 559 4340 pro
574 4259 671 4338 regnis
685 4276 798 4318 cornua
813 4253 918 4332 posuit,
935 4254 1012 4312 hanc
1028 4249 1157 4310 habente
1208 4247 1313 4307 vexilla
1327 4257 1357 4306 et
1371 4260 1492 4321 tropaea
1506 4243 1601 4304 crucis
1616 4245 1631 4304 ³.

506 4342 650 4420 scriptura
664 4351 766 4400 sancta
787 4331 1045 4404 consuetudinem,
1062 4342 1094 4391 ut
1116 4349 1157 4389 re·
1254 4348 1297 4401 ¹4·
1313 4346 1368 4386 esse
1381 4321 1501 4405 scalam]
1519 4325 1563 4384 Id.
1581 4343 1626 4401 ep.
1644 4327 1693 4402 58,
1708 4344 1736 4385 n.
1756 4346 1771 4384 2
1789 4327 1862 4385 ‘nu-

506 4443 597 4502 gnum
607 4439 724 4499 semper
736 4418 942 4495 interpretetur
951 4413 980 4474 in
991 4411 1131 4473 cornibus
1141 4412 1158 4485 ';
1208 4411 1279 4470 dam
1295 4427 1414 4469 erucem
1430 4408 1529 4467 nudus
1544 4425 1681 4485 sequens,
1697 4406 1861 4484 expeditior

507 4507 537 4566 in
549 4506 695 4566 Habacue
706 4521 758 4580 3,4
769 4504 777 4534 ‘
787 4501 875 4560 moris
885 4509 928 4559 est
938 4498 1156 4574 scripturarum,
1208 4503 1238 4553 et
1252 4489 1344 4552 levior
1358 4487 1478 4548 scandis
1492 4490 1601 4548 scalam
1617 4488 1711 4548 Iacob
1726 4489 1742 4548 ’.

507 4597 539 4647 ut
554 4603 671 4663 semper
684 4601 796 4644 cornua
811 4599 864 4660 pro
884 4577 980 4657 regnis
1004 4585 1155 4654 ponant...
1253 4592 1296 4649 19.
1314 4567 1432 4653 murelo]
1448 4569 1513 4630 Gal.
1531 4571 1558 4643 6,
1578 4589 1622 4642 14.

507 4668 557 4730 Ob
571 4667 650 4726 hanc
664 4677 737 4744 puto
746 4681 866 4723 causam
877 4662 990 4720 nullum
999 4668 1158 4718 cornutum
1582 4695 1586 4704 ,
