4202 5492
603 405 858 467 TRACTATUS
881 407 939 464 DE
961 406 1129 466 PSALMO
1151 405 1299 465 XCVIII.
1559 401 1630 482 151

280 622 423 687 familias
450 621 508 686 ivit
535 630 571 686 ut
594 621 758 703 acciperet
786 619 847 685 sibi
875 611 1014 703 regnum
1041 622 1083 684 de
1105 620 1232 704 longe’
1257 618 1347 702 Quid
1376 618 1507 700 longius
1534 635 1634 700 quam

280 727 408 791 caelum
425 747 445 790 a
460 731 566 791 terra?
579 723 767 810 Dereliquit
782 733 912 802 terram,
926 725 983 788 ivit
1000 725 1042 788 ad
1059 723 1177 800 caelos,
1188 733 1223 787 ut
1234 724 1397 805 acciperet
1408 723 1471 786 sibi
1487 742 1637 804 regnum.

280 827 347 892 ‘Et
362 828 459 902 cives,
485 827 602 909 inquit,
625 826 670 890 illi
695 827 753 911 qui
780 829 919 893 oderant
943 849 1029 905 eum,
1046 829 1204 892 miserunt
1233 828 1445 909 legationem,
1468 826 1650 890 dicentes:

283 929 448 994 Nolumus
464 950 539 994 eum
558 950 669 1013 regem
687 951 785 1014 super
801 932 890 996 nos.’
908 933 1032 996 Verum
1050 932 1105 995 ille
1120 933 1248 1014 accepit
1264 951 1413 1013 regnum,
1429 941 1462 994 et
1480 932 1570 994 venit
1592 931 1635 994 ad

250 1055 264 1107 5
282 1037 369 1100 cives
385 1035 555 1117 pessimos.
572 1034 675 1099 Venit
699 1036 741 1098 ad
759 1035 841 1112 illos,
856 1037 913 1119 qui
931 1057 1041 1119 regem
1069 1057 1144 1100 eum
1163 1036 1321 1101 nolebant
1336 1036 1468 1100 habere.
1486 1036 1531 1100 Et
1548 1054 1635 1100 nunc

282 1141 363 1204 dicit
379 1139 524 1222 Spiritus
539 1149 673 1202 sanctus
690 1139 732 1201 ad
749 1142 836 1203 cives
854 1139 979 1204 malos:
1007 1141 1137 1217 Velitis,
1154 1141 1274 1217 nolitis,
1292 1141 1458 1204 Dominus
1475 1139 1638 1222 regnavit,

283 1243 466 1306 irascantur
492 1241 614 1324 populi.
631 1241 663 1306 Ο
679 1243 856 1306 clementia
885 1243 1027 1326 Spiritus
1054 1245 1183 1307 sancti:
1207 1264 1273 1307 non
1290 1244 1387 1321 dixit,
1404 1253 1551 1325 pereant,
1567 1242 1636 1319 sed,

232 1417 234 1421 ,
283 1345 606 1411 irascantur.Vitium
619 1345 724 1413 voluit
734 1345 998 1428 significare,non
1013 1346 1203 1429 poenasllli
1217 1348 1410 1422 irascuntur,
1423 1357 1456 1411 et
1471 1346 1637 1410 Dominus

283 1449 488 1533 deprecatur.
515 1450 560 1513 Et
584 1449 665 1531 quid
691 1451 796 1514 dicit?
823 1451 964 1515 ‘Venite
991 1454 1033 1516 ad
1069 1472 1131 1529 me,
1155 1471 1272 1516 omnes
1297 1452 1353 1535 qui
1375 1451 1504 1516 onerati
1533 1448 1641 1515 estis.’

238 1577 267 1615 ιο
284 1554 440 1636 Regnum
451 1553 564 1636 accepi
575 1574 596 1616 a
609 1553 714 1630 Patre,
727 1555 831 1620 immo
843 1555 946 1621 bomo
960 1575 1060 1639 quem
1074 1557 1211 1640 suscepi.
1226 1557 1282 1619 Do
1294 1556 1388 1639 quasi
1400 1555 1502 1632 Deus,
1514 1553 1641 1637 accipio

283 1659 378 1740 quasi
395 1657 506 1722 bomo.

331 1759 400 1839 Qui
412 1760 499 1824 sedet
516 1770 615 1842 super
627 1760 798 1841 cherubim,
814 1774 983 1828 moveatur
996 1773 1093 1829 terra.
1106 1763 1275 1848 Quamdiu
1293 1774 1379 1827 terra
1395 1761 1565 1826 inmobilis
1581 1770 1642 1838 est,

285 1865 395 1929 sanari
406 1885 472 1928 non
485 1874 604 1947 potest.
615 1864 693 1928 Non
704 1866 748 1928 de
758 1876 863 1931 terrae
877 1878 969 1934 motu
980 1869 1135 1954 loquitur,
1144 1888 1212 1952 quo
1222 1869 1373 1932 videmus
1387 1877 1490 1931 terras
1500 1866 1643 1942 concuti,

286 1979 319 2033 et
344 1988 443 2033 omne
469 1968 659 2034 mortalium
685 1970 802 2034 timere
825 1992 953 2054 genus;
973 1973 1031 2037 sed
1059 1973 1101 2036 de
1128 1983 1241 2036 nostra
1267 1983 1353 2036 terra
1379 1971 1534 2055 loquitur,
1557 1990 1643 2053 quae

240 2092 268 2144 15
287 2072 447 2157 quamdiu
475 2072 604 2138 inmota
620 2071 728 2151 fuerit,
743 2076 852 2138 sanari
877 2096 943 2140 non
960 2086 1093 2160 potest:
1119 2076 1347 2160 quandovero
1374 2086 1465 2140 mota
1490 2075 1588 2139 fuerit
1611 2083 1645 2138 et

288 2177 504 2254 intremuerit,
531 2186 612 2240 tunc
642 2177 778 2260 recipiet
802 2181 990 2245 sanitatem.
1013 2180 1140 2263 ‘Super
1162 2200 1273 2262 quem,
1297 2179 1413 2263 inquit,
1430 2179 1643 2262 requiescam,

289 2281 351 2344 nisi
367 2299 466 2364 super
481 2279 641 2345 humilem
654 2292 687 2346 et
704 2284 861 2364 quietum,
873 2295 905 2348 et
922 2293 1119 2349 trementem
1137 2304 1306 2348 sermones
1323 2283 1458 2348 meos?
1475 2282 1643 2366 Quoniam

288 2393 375 2448 terra
401 2384 573 2449 trementis
599 2397 769 2451 commota
796 2401 854 2466 est,
871 2399 1046 2472 propterea
1062 2389 1117 2453 ille
1143 2391 1200 2472 qui
1228 2391 1322 2453 sedet
1347 2408 1446 2470 super
1471 2387 1642 2451 cherubim

289 2489 405 2570 incipit
421 2489 536 2552 sedere
563 2489 595 2552 in
613 2497 699 2554 terra
719 2493 889 2604 jementis.
907 2493 1005 2557 Felix
1031 2493 1162 2576 estqui
1195 2491 1313 2558 solium
1332 2492 1394 2555 Dei
1421 2500 1480 2568 est,
1497 2491 1579 2555 felix
1596 2502 1646 2556 est
1688 2537 1692 2554 .

238 2616 272 2653 ιο
290 2595 407 2676 inquo
431 2613 561 2677 semper
578 2593 789 2660 Deus-sedet.
807 2597 947 2661 Diversa
973 2607 1052 2661 sunt
1074 2598 1267 2662 schemata:
1293 2610 1351 2661 aut
1367 2597 1456 2661 enim
1483 2597 1648 2672 sedemus,

290 2708 347 2762 aut
362 2709 499 2775 stamus,
515 2707 572 2762 aut
589 2699 809 2778 ambulamus,
824 2711 881 2765 aut
903 2703 1057 2766 iacemus.
1082 2701 1205 2765 Infelix
1221 2711 1272 2764 est
1287 2700 1342 2764 ille
1365 2701 1417 2763 cui
1434 2702 1519 2764 iacet
1532 2699 1625 2763 Deus
1641 2723 1648 2762 ε

291 2802 375 2867 iacet
390 2803 479 2866 enim
495 2821 571 2865 cum
599 2787 736 2868 iacente.
754 2803 934 2886 Quomodo
950 2805 1079 2888 plangit
1105 2825 1180 2869 eum
1206 2805 1388 2888 plangente
1412 2814 1446 2868 et
1470 2803 1555 2867 ridet
1571 2822 1647 2866 cum

291 2908 427 2985 ridente,
452 2905 499 2968 ita
515 2905 600 2969 iacet
617 2923 692 2970 cum
713 2905 849 2972 iacente.
871 2908 1052 2992 Quomodo
1068 2909 1138 2974 sitit
1154 2929 1230 2973 cum
1248 2908 1389 2985 sitiente,
1405 2917 1438 2970 et
1455 2907 1555 2970 esurit
1572 2925 1647 2969 cum

290 3010 464 3084 esuriente¹
487 3018 521 3072 et
542 3009 651 3073 nudus
681 3019 732 3074 est
759 3031 835 3075 cum
861 3012 960 3090 nudo,
977 3012 1023 3076 sic
1053 3023 1086 3076 et
1112 3013 1198 3077 iacet
1225 3032 1300 3076 cum
1325 3008 1544 3093 iacenteaQui
1568 3029 1649 3091 ergo

242 3136 273 3190 25
291 3115 482 3180 vulneratus
498 3123 548 3178 est
572 3124 605 3177 et
621 3114 717 3190 iacet,
732 3121 766 3176 et
788 3114 859 3197 ipse
873 3116 1124 3198 quodammodo
1152 3117 1258 3179 iacere
1273 3113 1394 3178 dicitur
1409 3133 1485 3178 cum
1507 3131 1555 3176 eo.
1580 3112 1647 3195 Qui

291 3229 403 3282 autem
431 3217 591 3295 ambulat,
608 3225 641 3281 et
666 3215 720 3280 ille
747 3216 898 3281 ambulat
924 3238 999 3282 cum
1016 3218 1152 3301 eo.·Qui
1180 3216 1339 3293 ambulat,
1355 3215 1486 3280 videtur
1507 3215 1643 3298 quidem

293 3323 408 3386 melior
424 3341 495 3386 esse
511 3321 554 3384 ab
570 3341 610 3386 eo
626 3319 682 3402 qui
707 3321 813 3400 iacet;
839 3331 952 3386 tamen
969 3323 1111 3387 necdum
1128 3322 1219 3386 venit
1235 3321 1277 3385 ad
1294 3321 1365 3384 eius
1382 3319 1574 3384 felicitatem
1590 3318 1646 3400 qui

293 3435 368 3490 stat.
385 3425 540 3508 Denique
564 3433 597 3488 et
615 3424 727 3488 Adam
753 3427 889 3508 quando
905 3447 940 3489 se
967 3427 1143 3491 abscondit
1160 3447 1180 3489 a
1195 3425 1279 3489 facie
1304 3425 1378 3500 Dei,
1401 3423 1595 3490 ambulabat
1618 3423 1648 3486 ei

295 3529 386 3592 Deus
403 3537 478 3611 post
495 3527 675 3591 meridiem.
701 3527 801 3591 Dicat
817 3528 955 3612 aliquis:
983 3529 1018 3592 Si
1037 3529 1150 3593 Adam
1167 3528 1361 3605 offenderat,
1377 3539 1409 3591 et
1435 3528 1477 3590 de
1494 3525 1649 3606 paradiso

244 3661 277 3710 30
294 3631 400 3697 fuerat
424 3634 558 3710 eiectus,
578 3652 658 3714 ergo
674 3633 706 3694 in
724 3630 871 3714 perfecta
893 3631 1086 3695 infelicitate
1102 3643 1152 3694 est
1168 3632 1364 3713 cuicumque
1380 3629 1530 3693 ambulat
1548 3628 1648 3692 Deus.

296 3737 341 3800 Et
356 3757 420 3819 ego
435 3738 530 3801 dico:
547 3735 583 3801 Si
595 3735 707 3798 Adam
725 3737 857 3818 penitus
872 3737 1000 3800 occisus
1010 3734 1134 3812 fuisset,
1144 3747 1177 3798 et
1191 3755 1255 3798 non
1270 3734 1299 3797 ei
1316 3737 1413 3797 datus
1430 3731 1545 3796 fuisset
1558 3730 1649 3794 locus

295 3841 528 3922 paenitentiae,
544 3839 698 3902 iacuisset
708 3840 737 3902 ei
751 3839 852 3904 Deus.
865 3839 964 3902 Nunc
975 3859 1053 3903 vero
1068 3844 1146 3921 quia
1159 3838 1296 3902 daturei
1310 3837 1400 3899 locus
1417 3835 1651 3918 paenitentiae,

296 3951 471 4027 propterea
486 3942 637 4007 ambulat
654 3942 683 4005 ei
702 3943 802 4008 Deus.

331 4128 340 4163 ι
353 4122 384 4164 ut
393 4111 520 4178 acciperet]
529 4115 635 4177 aca'perc
647 4110 671 4180 β.
749 4125 764 4174 3
776 4113 813 4162 Er
823 4110 895 4172 cives]
906 4100 981 4160 ec'ives
993 4111 1023 4162 C.
1100 4127 1116 4174 4
1127 4109 1217 4175 regem]
1233 4127 1337 4175 regnare
1350 4108 1398 4175 βΑ.
1467 4109 1483 4159 8
1494 4108 1652 4168 irascuntur]

296 4195 440 4244 irascantur
451 4194 502 4244 SG.
603 4191 688 4258 9qru']
701 4191 716 4259 β
728 4191 803 4242 inser.
816 4193 934 4242 laboratis
944 4201 975 4242 et.
1079 4205 1107 4241 12
1123 4194 1175 4253 Qur'
1185 4190 1258 4251 redet]
1269 4208 1304 4256 gr.
1321 4186 1336 4240 ὁ
1348 4186 1497 4254 καθήμενος
1508 4207 1515 4248 3
1532 4189 1579 4254 qur'
1588 4189 1651 4238 sedes

298 4275 462 4344 fitqur'scdr‘s
474 4275 525 4327 SG.
613 4289 642 4336 14
652 4275 733 4336 onena]
744 4273 858 4323 omnium
871 4273 924 4323 BC.
1012 4271 1466 4335 16intremuerithontrrmuerr'tA;
1479 4271 1611 4319 tremuerit
1623 4271 1649 4321 S.

300 4357 328 4407 18
338 4358 475 4420 trementis]
485 4365 591 4406 frenum
604 4354 652 4424 βΑ.
736 4354 913 4416 t9tremerrrrssr]
925 4361 1042 4404 trrnrenle
1055 4355 1078 4423 β,
1159 4370 1191 4405 20
1202 4355 1335 4416 schemata]
1346 4361 1451 4403 scemata
1463 4356 1494 4403 G.
1581 4355 1653 4417 3or‘rr

294 4439 398 4502 perfecta
410 4439 566 4506 infelicitate]
578 4437 712 4502 inperfecta
723 4437 858 4502 r'nfrlr'cr'lau
869 4436 894 4485 A
905 4454 912 4494 ;
924 4437 1065 4501 imperfecta
1068 4439 1192 4502 feficriale
1205 4443 1229 4505 p.

342 4610 364 4650 1.
380 4592 413 4648 de
426 4586 518 4668 longe]
536 4591 606 4647 Luc.
627 4609 671 4665 19,
691 4607 724 4646 ιι
742 4565 816 4663 sqq:
1046 4607 1089 4663 ¹7·
1107 4585 1215 4668 rueosf]
1232 4589 1270 4658 ls,
1288 4588 1335 4645 66.
1354 4605 1379 4644 2.

340 4692 366 4750 9.
380 4669 459 4750 rstr's]
475 4671 582 4730 Matth.
604 4690 648 4742 ιι,
666 4673 712 4729 28.
753 4692 757 4704 ¹
