4092 5502
583 428 840 493 TRACTATUS
863 429 909 488 IN
932 427 1062 491 MARC.
1086 429 1177 501 vm,
1201 430 1298 490 aoso.
1534 428 1616 517 345

292 650 350 715 ‘Er
363 647 581 732 interrogavit
593 667 666 713 eum
687 645 722 712 u·
740 646 824 730 quid
842 643 974 713 videret.
991 645 1127 712 Sciebat
1143 645 1223 730 quld
1240 645 1377 725 videret,
1400 647 1529 731 etquid
1547 669 1616 720 non

260 756 394 820 videret.
421 754 522 819 Dixit
548 763 670 827 tamen,
694 751 721 816 si
744 751 870 836 aliquid
897 750 1033 817 videret.
1062 749 1209 835 Quando
1225 751 1409 834 interrogat
1434 752 1462 817 si
1489 753 1615 838 aliquid

259 861 395 934 uideret,
409 859 471 924 scit
487 857 577 942 quod
592 856 705 922 adhuc
720 875 787 920 non
803 854 950 939 perfecte
965 855 1181 938 conspiceret
1202 853 1251 920 Et
1258 855 1439 938 'nespiciem
1453 857 1512 924 ait.
1538 858 1616 924 Pul·

259 964 336 1029 cbre
351 963 440 1028 dixit
455 956 641 1050 ἀναβλέψας,
657 959 719 1024 hoc
747 968 797 1025 est
824 958 1017 1042 suspiciens,
1032 958 1088 1041 qui
1113 959 1273 1041 quamdiu
1290 975 1408 1024 caecus
1422 970 1495 1028 erat
1521 962 1616 1027 deor·

228 1087 333 1141 §sum
349 1070 554 1156 aspiciebat:
569 1090 700 1136 sursum
725 1071 868 1155 aspexit,
895 1079 929 1136 ct
951 1080 1088 1136 sanatus
1116 1080 1175 1136 est
1201 1069 1388 1154 Suspicisns
1412 1073 1488 1142 or't:
1519 1072 1618 1140 Video

259 1178 405 1242 munires
423 1176 527 1242 veluti
550 1173 679 1240 arbores
696 1173 908 1240 ambulantes.
938 1174 1011 1239 Nec
1040 1193 1159 1242 caecus
1183 1186 1244 1256 est,
1270 1195 1332 1241 nec
1361 1175 1476 1242 oculos
1506 1177 1618 1244 habet.

261 1279 371 1346 Video
386 1281 538 1344 homines
565 1276 667 1342 veluti
694 1278 829 1344 arbores
855 1277 1076 1344 ambulantes.
1093 1277 1258 1346 Umbram
1282 1281 1392 1346 adbuc
1418 1281 1525 1358 video,
1541 1301 1616 1346 nec·

260 1387 341 1450 dum
367 1385 549 1450 veritatem.
578 1383 679 1468 Quod
706 1382 910 1461 dicit,video
936 1382 1089 1447 homines
1110 1382 1212 1448 veluti
1238 1384 1372 1448 arbores
1396 1385 1617 1464 ambulantes,

261 1485 450 1555 hoc'dicit:
473 1488 585 1553 Video
610 1487 735 1571 aliquid
760 1487 792 1552 in
821 1486 903 1571 lege,
918 1487 976 1552 sed
1000 1486 1125 1551 clarum
1153 1487 1317 1570 evangelii
1334 1488 1444 1554 lumen
1474 1490 1616 1554 necdum

207 1611 245 1650 to
262 1592 395 1677 aspicio.
410 1590 530 1676 Usque
545 1591 645 1656 h'odie
672 1593 787 1657 ludaei
803 1593 918 1658 vident
933 1591 1087 1657 homines
1110 1592 1212 1660 veluti
1228 1594 1362 1658 arbores
1385 1595 1617 1660 ambulantes:

264 1693 377 1760 vident
394 1697 547 1778 Moysen,
568 1704 601 1759 et
619 1715 686 1761 non
712 1698 826 1762 vident
850 1717 925 1761 eum
942 1696 1081 1780 :legunt
1105 1697 1252 1776 Esaiam,
1267 1707 1301 1762 et
1317 1717 1385 1763 non
1409 1698 1618 1781 intellegunt.

264 1799 391 1864 Vident
412 1799 574 1864 ¹lromines
587 1823 595 1864 :
610 1799 713 1864 homo
737 1808 786 1862 est
813 1800 903 1865 enim
932 1799 1060 1866 Esaias.
1077 1801 1272 1878 Hieremias,
1288 1820 1405 1866 omnes
1433 1803 1618 1886 prophetae

263 1903 416 1970 homines
443 1904 588 1968 suntad
615 1904 889 1986 conparationem
918 1903 1153 1970 iumentorum.
1168 1908 1176 1938 ⁸
1194 1906 1310 1972 Homo
1336 1926 1412 1971 cum
1428 1907 1463 1970 in
1491 1907 1618 1972 honore

264 2017 351 2073 esset
376 2027 442 2072 non
470 2005 659 2072 intellexit:
685 2007 896 2072 adsimilatus
911 2017 962 2074 est
993 2008 1149 2074 iumentis
1174 2009 1417 2092 insipientibus,
1443 2020 1478 2075 et
1502 2012 1619 2076 similis

216 2125 247 2181 ¹⁵
265 2109 372 2177 iactus
394 2118 445 2176 est
469 2109 517 2174 eis
533 2108 549 2174 ’.
567 2109 659 2194 Ergo
684 2111 901 2176 rationabiles
929 2110 1110 2195 prophetas
1133 2131 1200 2177 nou
1216 2113 1331 2178 vident
1346 2114 1441 2197 quasi
1457 2114 1621 2194 homines,

263 2217 323 2283 sed
340 2216 434 2300 quasi
450 2215 595 2292 arbores,
609 2215 706 2280 idest
722 2215 980 2294 inrationabiles,
997 2215 1273 2300 inintellegibiles.

307 2329 434 2394 Deinde
457 2327 600 2411 inposuit
620 2328 738 2393 iterum
763 2347 882 2393 manus
911 2340 1008 2412 super
1027 2327 1131 2392 oculos
1151 2329 1229 2394 eius.
1255 2327 1323 2413 Qui
1349 2349 1402 2394 me
1429 2341 1528 2414 putas
1552 2332 1620 2396 vim

265 2433 373 2500 iacere
388 2427 571 2516 scripturae
585 2458 592 2497 ι
607 2433 665 2516 qui
688 2432 782 2511 dicis,
796 2431 875 2498 Vim
892 2432 984 2510 lacis,
1007 2433 1071 2499 hoc
1087 2433 1188 2498 habet
1205 2444 1337 2499 tantum
1353 2434 1445 2518 quod
1471 2435 1618 2500 sonatio

266 2533 376 2605 littora
390 2561 402 2604 a
414 2529 546 2602 nihilne
566 2539 763 2602 intrinsecus
784 2543 861 2602 est?
878 2537 1001 2602 Manus
1025 2547 1117 2602 tenet
1143 2558 1243 2619 super
1256 2540 1371 2604 oculos
1394 2539 1505 2624 ipsius¹
1521 2548 1555 2604 et
1571 2538 1620 2602 in·

214 2666 248 2703 ao
266 2652 414 2727 terrogat
430 2662 472 2707 an
490 2640 616 2725 aliquid
633 2642 753 2707 uideat

310 2756 359 2821 Et
370 2754 483 2838 pontit
497 2753 616 2818 iterum
636 2775 758 2820 manus
778 2775 856 2819 suas
879 2767 976 2838 srqlcr
987 2755 1091 2820 oculos
1104 2756 1183 2833 eius,
1205 2765 1236 2820 et
1255 2755 1354 2840 coepit
1367 2755 1485 2821 vellere.
1496 2754 1620 2820 Videte

267 2864 346 2947 quid
362 2862 490 2926 dicitur.
521 2857 673 2942 inposuit
701 2877 820 2928 manus
846 2879 946 2943 super
965 2859 1080 2927 oculos
1096 2859 1175 2939 eius,
1189 2869 1223 2923 et
1239 2859 1349 2942 coepit
1365 2859 1485 2925 videre.
1508 2859 1544 2925 Si
1561 2860 1621 2925 hu·

267 2985 367 3030 mana
392 2973 480 3030 esset
504 2963 617 3040 virtus,
641 2962 757 3046 utique
785 2963 847 3027 etsi
859 2963 994 3039 videret,
1024 2963 1179 3028 manibus
1203 2983 1303 3047 super
1328 2963 1443 3028 oculos
1467 2963 1620 3047 inpositis

266 3071 378 3136 uidere
394 3089 460 3134 non
483 3077 623 3152 poterat
640 3065 707 3132 Sed
733 3085 851 3130 manus
867 3066 1007 3130 Domini
1031 3067 1189 3131 omnibus
1215 3066 1319 3131 oculis
1346 3066 1464 3132 clarior
1490 3077 1549 3132 est.
1575 3067 1621 3133 Et

216 3194 248 3249 2⁵
268 3173 414 3256 inposuit
431 3191 549 3238 manus
576 3189 674 3252 super
699 3168 815 3234 oculos
829 3169 909 3247 eius,
925 3181 957 3233 et
974 3170 1085 3252 coepit
1110 3170 1230 3236 videre.
1248 3171 1295 3236 Et
1318 3172 1487 3239 restitutus
1508 3183 1562 3252 est,
1584 3183 1623 3238 ut

266 3279 391 3342 vaderet
413 3275 499 3340 clare
521 3273 640 3338 ournia.
668 3272 801 3348 Omnia,
830 3273 977 3356 inquam,
992 3273 1075 3338 haec
1090 3274 1217 3340 videret
1233 3295 1319 3358 quae
1346 3297 1408 3355 nos
1433 3277 1622 3342 cernimus:

266 3383 392 3448 videret
411 3379 569 3463 mysteria
586 3377 770 3455 Trinitatis,
785 3378 912 3443 uideret
927 3377 1041 3442 omnia
1057 3397 1143 3460 quae
1159 3377 1192 3441 in
1209 3380 1385 3463 evangelio
1411 3392 1622 3447 sacramenta

267 3495 354 3551 sunt.
372 3485 420 3550 Ut
435 3484 562 3554 videret
576 3482 674 3548 clare.
691 3481 764 3546 Nisi
781 3493 892 3546 essent
907 3482 1008 3565 aliqui
1026 3483 1081 3566 qui
1098 3482 1257 3562 viderent,
1272 3494 1305 3548 et
1322 3494 1433 3550 tamen
1452 3505 1518 3549 non
1535 3484 1622 3550 clare

268 3591 626 3671 viderent-numquam
642 3587 706 3652 boc
718 3587 853 3665 diceret,
870 3586 919 3651 Ut
929 3586 1055 3652 videret
1067 3586 1164 3652 clare.
1181 3585 1370 3670 Nuncergo
1385 3589 1475 3671 quod
1492 3589 1623 3666 dicitur,

219 3693 395 3768 3o,videret
420 3692 518 3768 clare,
544 3699 578 3757 et
604 3711 666 3754 nos
689 3711 806 3760 omnes
831 3691 982 3754 videmus
998 3715 1005 3756 ε
1020 3691 1185 3756 credimus
1212 3692 1351 3757 enimin
1378 3694 1549 3776 Xpistum,
1565 3695 1622 3778 qui

269 3817 382 3864 verum
398 3795 510 3865 lumen
527 3805 578 3862 est
592 3818 600 3860 ι
615 3794 674 3860 sed
691 3795 776 3860 inter
791 3793 942 3858 videntes
957 3802 991 3858 et
1008 3794 1159 3858 videntes
1174 3814 1299 3878 magna
1313 3796 1473 3862 distantia
1489 3806 1549 3864 est.
1561 3797 1622 3863 Se·

268 3904 414 3969 cundum
430 3903 519 3968 enim
537 3901 636 3967 fidem
662 3900 920 3982 uniuscuiusque
943 3899 1109 3964 credentis
1124 3910 1175 3965 est
1194 3901 1288 3966 lesus
1312 3911 1371 3966 aut
1396 3921 1539 3984 magnus
1563 3910 1622 3966 aut

267 4027 398 4090 parvus.
415 4007 451 4074 Si
468 4016 622 4090 peccator
645 4024 729 4082 sum,
745 4013 778 4069 et
800 4024 866 4086 ago
882 4002 1133 4085 paenitentiam,
1159 4004 1262 4087 pedes
1289 4015 1393 4087 tango
1408 4029 1416 4070 ι
1431 4005 1458 4068 si
1486 4013 1622 4070 sanctus

263 4130 353 4187 sum,
368 4117 470 4192 caput
485 4111 570 4175 lavo.

222 4225 252 4280 ³5
311 4214 360 4280 Et
375 4214 467 4278 misit
493 4213 638 4280 illumin
666 4211 798 4276 domum
824 4231 930 4284 suom,
943 4209 1075 4276 dicem:
1099 4209 1189 4306 Vodc
1204 4211 1239 4274 in
1264 4211 1397 4282 domum
1413 4222 1515 4288 tuarn,
1537 4211 1625 4275 etin

302 4436 318 4484 4
329 4412 491 4487 ἀναβλέψας]
501 4419 650 4484 arrardepsas
661 4435 689 4488 χ.
792 4419 853 4484 qui]
865 4435 885 4488 χ
896 4420 953 4484 (pro
964 4420 1055 4484 quial)
1157 4431 1187 4482 19
1197 4417 1307 4482 nihilne]
1320 4418 1470 4469 Particulam
1480 4433 1510 4468 nc
1519 4419 1552 4470 ab
1563 4418 1623 4480 edit.

270 4503 383 4555 additam
395 4519 449 4554 esse
460 4502 581 4568 auspicor.

314 4688 619 4769 mwffiffiw

319 4815 430 4860 noemma
440 4815 591 4860 binredaoleua
600 4816 645 4866 ill,
655 4829 673 4858 a.
