<?xml version="1.0" encoding="UTF-8"?>
<!DOCTYPE html PUBLIC "-//W3C//DTD XHTML 1.0 Transitional//EN"
    "http://www.w3.org/TR/xhtml1/DTD/xhtml1-transitional.dtd">
<html xmlns="http://www.w3.org/1999/xhtml" xml:lang="en" lang="en">
 <head>
  <title>
</title>
<meta http-equiv="Content-Type" content="text/html;charset=utf-8" />
  <meta name='ocr-system' content='tesseract 3.04.00' />
  <meta name='ocr-capabilities' content='ocr_page ocr_carea ocr_par ocr_line ocrx_word'/>
</head>
<body>
  <div class='ocr_page' id='page_1' title='image "./commentarioliin00morigoog/commentarioliin00morigoog_0201.png"; bbox 0 0 4158 5492; ppageno 0'>
   <div class='ocr_carea' id='block_1_1' title="bbox 438 379 1415 466">
    <p class='ocr_par' dir='ltr' id='par_1_1' title="bbox 438 379 1415 466">
     <span class='ocr_line' id='line_1_1' title="bbox 438 379 1415 466; baseline -0.001 -23"><span class='ocrx_word' id='word_1_1' title='bbox 438 379 492 466; x_wconf 87' lang='lat'><strong>44</strong></span> <span class='ocrx_word' id='word_1_2' title='bbox 820 382 848 442; x_wconf 89' lang='lat' dir='ltr'><strong>S.</strong></span> <span class='ocrx_word' id='word_1_3' title='bbox 875 381 1134 464; x_wconf 51' lang='lat' dir='ltr'><strong>HIERONYMI¹</strong></span> <span class='ocrx_word' id='word_1_4' title='bbox 1152 381 1415 442; x_wconf 84' lang='lat' dir='ltr'>PRESBYTERI</span> 
     </span>
    </p>
   </div>
   <div class='ocr_carea' id='block_1_2' title="bbox 393 601 1838 2772">
    <p class='ocr_par' dir='ltr' id='par_1_2' title="bbox 393 601 1789 1003">
     <span class='ocr_line' id='line_1_2' title="bbox 393 601 1789 688; baseline -0.001 -15"><span class='ocrx_word' id='word_1_5' title='bbox 393 604 396 610; x_wconf 76' lang='grc'><strong>’</strong></span> <span class='ocrx_word' id='word_1_6' title='bbox 482 604 716 688; x_wconf 75' lang='lat' dir='ltr'><strong>confitebimur</strong></span> <span class='ocrx_word' id='word_1_7' title='bbox 729 605 792 670; x_wconf 83' lang='lat' dir='ltr'><strong>tibi</strong></span> <span class='ocrx_word' id='word_1_8' title='bbox 802 605 901 671; x_wconf 87' lang='lat' dir='ltr'><strong>Deus.</strong></span> <span class='ocrx_word' id='word_1_9' title='bbox 914 605 980 670; x_wconf 92' lang='lat' dir='ltr'><strong>Hic</strong></span> <span class='ocrx_word' id='word_1_10' title='bbox 996 603 1267 670; x_wconf 83' lang='lat' dir='ltr'><strong>‘confitebimur&#39;</strong></span> <span class='ocrx_word' id='word_1_11' title='bbox 1284 622 1349 666; x_wconf 90' lang='lat' dir='ltr'><strong>non</strong></span> <span class='ocrx_word' id='word_1_12' title='bbox 1363 601 1602 686; x_wconf 89' lang='lat' dir='ltr'><strong>paenitentiam</strong></span> <span class='ocrx_word' id='word_1_13' title='bbox 1616 602 1789 687; x_wconf 85' lang='lat' dir='ltr'><strong>significat,</strong></span> 
     </span>
     <span class='ocr_line' id='line_1_3' title="bbox 435 707 1788 794; baseline -0.001 -19"><span class='ocrx_word' id='word_1_14' title='bbox 435 713 493 775; x_wconf 91' lang='lat' dir='ltr'><strong>sed</strong></span> <span class='ocrx_word' id='word_1_15' title='bbox 510 711 658 794; x_wconf 82' lang='lat' dir='ltr'>gloriam.</span> <span class='ocrx_word' id='word_1_16' title='bbox 685 710 733 774; x_wconf 86' lang='lat' dir='ltr'><strong>Et</strong></span> <span class='ocrx_word' id='word_1_17' title='bbox 757 708 977 775; x_wconf 78' lang='lat' dir='ltr'><em>invocabimus</em></span> <span class='ocrx_word' id='word_1_18' title='bbox 994 731 1106 773; x_wconf 85' lang='lat' dir='ltr'><strong>nomen</strong></span> <span class='ocrx_word' id='word_1_19' title='bbox 1129 720 1230 773; x_wconf 88' lang='lat' dir='ltr'><strong>tunm.</strong></span> <span class='ocrx_word' id='word_1_20' title='bbox 1246 707 1379 771; x_wconf 87' lang='lat' dir='ltr'>Nomen</span> <span class='ocrx_word' id='word_1_21' title='bbox 1399 707 1461 770; x_wconf 91' lang='lat' dir='ltr'><strong>Dei</strong></span> <span class='ocrx_word' id='word_1_22' title='bbox 1492 710 1589 774; x_wconf 86' lang='lat' dir='ltr'><strong>Pater</strong></span> <span class='ocrx_word' id='word_1_23' title='bbox 1603 718 1674 774; x_wconf 90' lang='lat' dir='ltr'><strong>est:</strong></span> <span class='ocrx_word' id='word_1_24' title='bbox 1689 721 1788 774; x_wconf 89' lang='lat' dir='ltr'><strong>antea</strong></span> 
     </span>
     <span class='ocr_line' id='line_1_4' title="bbox 396 812 1787 898; baseline -0.002 -20"><span class='ocrx_word' id='word_1_25' title='bbox 396 857 400 866; x_wconf 89' lang='lat'><em>-</em></span> <span class='ocrx_word' id='word_1_26' title='bbox 435 814 522 879; x_wconf 88' lang='lat' dir='ltr'><strong>enim</strong></span> <span class='ocrx_word' id='word_1_27' title='bbox 540 814 764 898; x_wconf 82' lang='lat' dir='ltr'>ignorabatur.</span> <span class='ocrx_word' id='word_1_28' title='bbox 791 817 883 880; x_wconf 84' lang='lat' dir='ltr'><strong>Dicit</strong></span> <span class='ocrx_word' id='word_1_29' title='bbox 899 816 988 881; x_wconf 90' lang='lat' dir='ltr'><strong>enim</strong></span> <span class='ocrx_word' id='word_1_30' title='bbox 1020 817 1210 881; x_wconf 87' lang='lat' dir='ltr'><strong>Dominus:</strong></span> <span class='ocrx_word' id='word_1_31' title='bbox 1235 819 1242 848; x_wconf 94' lang='lat'>‘</span> <span class='ocrx_word' id='word_1_32' title='bbox 1260 813 1367 889; x_wconf 89' lang='lat' dir='ltr'><strong>Pater,</strong></span> <span class='ocrx_word' id='word_1_33' title='bbox 1383 812 1525 876; x_wconf 91' lang='lat' dir='ltr'><strong>revelavi</strong></span> <span class='ocrx_word' id='word_1_34' title='bbox 1553 834 1675 877; x_wconf 89' lang='lat' dir='ltr'><strong>nomen</strong></span> <span class='ocrx_word' id='word_1_35' title='bbox 1694 822 1787 876; x_wconf 90' lang='lat' dir='ltr'><strong>tuum</strong></span> 
     </span>
     <span class='ocr_line' id='line_1_5' title="bbox 433 903 1334 1003; baseline -0.004 -19"><span class='ocrx_word' id='word_1_36' title='bbox 433 903 624 984; x_wconf 85' lang='lat' dir='ltr'><strong>bominibus</strong></span> <span class='ocrx_word' id='word_1_37' title='bbox 641 919 656 984; x_wconf 84' lang='lat'><strong>¹.</strong></span> <span class='ocrx_word' id='word_1_38' title='bbox 673 919 793 985; x_wconf 89' lang='lat' dir='ltr'><strong>Omnis</strong></span> <span class='ocrx_word' id='word_1_39' title='bbox 809 922 897 985; x_wconf 91' lang='lat' dir='ltr'><strong>enim</strong></span> <span class='ocrx_word' id='word_1_40' title='bbox 915 921 1002 986; x_wconf 80' lang='lat' dir='ltr'><strong>filius</strong></span> <span class='ocrx_word' id='word_1_41' title='bbox 1020 942 1140 987; x_wconf 91' lang='lat' dir='ltr'><strong>nomen</strong></span> <span class='ocrx_word' id='word_1_42' title='bbox 1158 930 1209 985; x_wconf 88' lang='lat' dir='ltr'><strong>est</strong></span> <span class='ocrx_word' id='word_1_43' title='bbox 1221 919 1334 1003; x_wconf 88' lang='lat' dir='ltr'><strong>patris.</strong></span> 
     </span>
    </p>

    <p class='ocr_par' dir='ltr' id='par_1_3' title="bbox 432 1021 1837 1419">
     <span class='ocr_line' id='line_1_6' title="bbox 477 1021 1837 1099; baseline -0.004 -10"><span class='ocrx_word' id='word_1_44' title='bbox 477 1024 703 1089; x_wconf 86' lang='lat' dir='ltr'><strong>Narrabimns</strong></span> <span class='ocrx_word' id='word_1_45' title='bbox 729 1025 897 1091; x_wconf 82' lang='lat' dir='ltr'><strong>mirabilia</strong></span> <span class='ocrx_word' id='word_1_46' title='bbox 923 1038 989 1092; x_wconf 85' lang='lat' dir='ltr'><strong>tren.</strong></span> <span class='ocrx_word' id='word_1_47' title='bbox 1019 1027 1095 1090; x_wconf 90' lang='lat' dir='ltr'><strong>Hoc</strong></span> <span class='ocrx_word' id='word_1_48' title='bbox 1122 1027 1203 1090; x_wconf 91' lang='lat' dir='ltr'><strong>dicit</strong></span> <span class='ocrx_word' id='word_1_49' title='bbox 1230 1023 1377 1099; x_wconf 86' lang='lat' dir='ltr'><strong>ecclesia,</strong></span> <span class='ocrx_word' id='word_1_50' title='bbox 1402 1021 1465 1085; x_wconf 90' lang='lat' dir='ltr'><strong>hoc</strong></span> <span class='ocrx_word' id='word_1_51' title='bbox 1496 1022 1577 1085; x_wconf 92' lang='lat' dir='ltr'><strong>dicit</strong></span> <span class='ocrx_word' id='word_1_52' title='bbox 1608 1022 1788 1086; x_wconf 89' lang='lat' dir='ltr'><strong>multitudo</strong></span> <span class='ocrx_word' id='word_1_53' title='bbox 1824 1037 1837 1091; x_wconf 80' lang='grc'><strong>5</strong></span> 
     </span>
     <span class='ocr_line' id='line_1_7' title="bbox 434 1127 1785 1210; baseline 0.001 -21"><span class='ocrx_word' id='word_1_54' title='bbox 434 1129 648 1194; x_wconf 86' lang='lat' dir='ltr'><strong>credentium.</strong></span> <span class='ocrx_word' id='word_1_55' title='bbox 664 1129 900 1196; x_wconf 86' lang='lat' dir='ltr'><strong>Narrabimns·</strong></span> <span class='ocrx_word' id='word_1_56' title='bbox 914 1131 1084 1197; x_wconf 83' lang='lat' dir='ltr'><strong>mirabilia</strong></span> <span class='ocrx_word' id='word_1_57' title='bbox 1100 1141 1167 1196; x_wconf 87' lang='lat' dir='ltr'><strong>tua.</strong></span> <span class='ocrx_word' id='word_1_58' title='bbox 1185 1131 1253 1194; x_wconf 88' lang='lat' dir='ltr'><strong>Iste</strong></span> <span class='ocrx_word' id='word_1_59' title='bbox 1270 1148 1383 1192; x_wconf 89' lang='lat' dir='ltr'><strong>versus</strong></span> <span class='ocrx_word' id='word_1_60' title='bbox 1407 1147 1483 1190; x_wconf 88' lang='lat' dir='ltr'><strong>cum</strong></span> <span class='ocrx_word' id='word_1_61' title='bbox 1501 1127 1665 1210; x_wconf 86' lang='lat' dir='ltr'><strong>prioribus</strong></span> <span class='ocrx_word' id='word_1_62' title='bbox 1681 1128 1785 1210; x_wconf 85' lang='lat' dir='ltr'><strong>iungi-</strong></span> 
     </span>
     <span class='ocr_line' id='line_1_8' title="bbox 433 1233 1786 1320; baseline -0.001 -24"><span class='ocrx_word' id='word_1_63' title='bbox 433 1243 494 1309; x_wconf 83' lang='lat' dir='ltr'><strong>tur,</strong></span> <span class='ocrx_word' id='word_1_64' title='bbox 510 1234 572 1298; x_wconf 92' lang='lat' dir='ltr'><strong>iste</strong></span> <span class='ocrx_word' id='word_1_65' title='bbox 588 1243 699 1298; x_wconf 90' lang='lat' dir='ltr'><strong>autem</strong></span> <span class='ocrx_word' id='word_1_66' title='bbox 717 1235 773 1320; x_wconf 89' lang='lat' dir='ltr'><strong>qui</strong></span> <span class='ocrx_word' id='word_1_67' title='bbox 790 1238 938 1320; x_wconf 90' lang='lat' dir='ltr'><strong>sequitur</strong></span> <span class='ocrx_word' id='word_1_68' title='bbox 956 1258 1000 1301; x_wconf 85' lang='lat' dir='ltr'><strong>ex</strong></span> <span class='ocrx_word' id='word_1_69' title='bbox 1018 1256 1159 1319; x_wconf 90' lang='lat' dir='ltr'><strong>persona</strong></span> <span class='ocrx_word' id='word_1_70' title='bbox 1177 1233 1313 1299; x_wconf 89' lang='lat' dir='ltr'><strong>Domini</strong></span> <span class='ocrx_word' id='word_1_71' title='bbox 1333 1233 1475 1297; x_wconf 89' lang='lat' dir='ltr'><strong>dicitur:</strong></span> <span class='ocrx_word' id='word_1_72' title='bbox 1506 1233 1551 1295; x_wconf 91' lang='lat' dir='ltr'><strong>sic</strong></span> <span class='ocrx_word' id='word_1_73' title='bbox 1577 1234 1664 1296; x_wconf 91' lang='lat' dir='ltr'><strong>enim</strong></span> <span class='ocrx_word' id='word_1_74' title='bbox 1688 1233 1786 1295; x_wconf 90' lang='lat' dir='ltr'><strong>inter·</strong></span> 
     </span>
     <span class='ocr_line' id='line_1_9' title="bbox 432 1338 799 1419; baseline 0.011 -21"><span class='ocrx_word' id='word_1_75' title='bbox 432 1338 553 1419; x_wconf 89' lang='lat' dir='ltr'><strong>pretati</strong></span> <span class='ocrx_word' id='word_1_76' title='bbox 571 1347 648 1401; x_wconf 88' lang='lat' dir='ltr'><strong>sunt</strong></span> <span class='ocrx_word' id='word_1_77' title='bbox 665 1347 799 1402; x_wconf 89' lang='lat' dir='ltr'><strong>veteres.</strong></span> 
     </span>
    </p>

    <p class='ocr_par' dir='ltr' id='par_1_4' title="bbox 432 1441 1838 2364">
     <span class='ocr_line' id='line_1_10' title="bbox 479 1441 1784 1526; baseline -0.002 -20"><span class='ocrx_word' id='word_1_78' title='bbox 479 1441 560 1506; x_wconf 84' lang='lat' dir='ltr'><strong>Cum</strong></span> <span class='ocrx_word' id='word_1_79' title='bbox 572 1455 712 1525; x_wconf 84' lang='lat' dir='ltr'><strong>accepero</strong></span> <span class='ocrx_word' id='word_1_80' title='bbox 721 1453 852 1526; x_wconf 74' lang='lat' dir='ltr'><strong>ternpus,</strong></span> <span class='ocrx_word' id='word_1_81' title='bbox 860 1463 916 1524; x_wconf 81' lang='lat' dir='ltr'><strong>ego</strong></span> <span class='ocrx_word' id='word_1_82' title='bbox 928 1444 1076 1509; x_wconf 84' lang='lat' dir='ltr'><strong>iustitias</strong></span> <span class='ocrx_word' id='word_1_83' title='bbox 1085 1445 1240 1508; x_wconf 78' lang='lat' dir='ltr'><strong>iudicabo¹</strong></span> <span class='ocrx_word' id='word_1_84' title='bbox 1251 1444 1350 1508; x_wconf 91' lang='lat' dir='ltr'><strong>Nunc</strong></span> <span class='ocrx_word' id='word_1_85' title='bbox 1365 1441 1454 1505; x_wconf 90' lang='lat' dir='ltr'><strong>enim</strong></span> <span class='ocrx_word' id='word_1_86' title='bbox 1466 1461 1532 1505; x_wconf 91' lang='lat' dir='ltr'><strong>non</strong></span> <span class='ocrx_word' id='word_1_87' title='bbox 1543 1451 1595 1505; x_wconf 88' lang='lat' dir='ltr'><strong>cst</strong></span> <span class='ocrx_word' id='word_1_88' title='bbox 1607 1441 1718 1518; x_wconf 88' lang='lat' dir='ltr'><strong>iudex,</strong></span> <span class='ocrx_word' id='word_1_89' title='bbox 1727 1442 1784 1505; x_wconf 91' lang='lat' dir='ltr'><strong>sed</strong></span> 
     </span>
     <span class='ocr_line' id='line_1_11' title="bbox 433 1545 1838 1632; baseline 0.003 -26"><span class='ocrx_word' id='word_1_90' title='bbox 433 1545 493 1609; x_wconf 91' lang='lat' dir='ltr'><strong>erit</strong></span> <span class='ocrx_word' id='word_1_91' title='bbox 509 1571 516 1610; x_wconf 89' lang='lat'>:</span> <span class='ocrx_word' id='word_1_92' title='bbox 532 1546 558 1608; x_wconf 91' lang='lat' dir='ltr'><strong>si</strong></span> <span class='ocrx_word' id='word_1_93' title='bbox 574 1547 664 1609; x_wconf 90' lang='lat' dir='ltr'><strong>enim</strong></span> <span class='ocrx_word' id='word_1_94' title='bbox 682 1557 768 1611; x_wconf 88' lang='lat' dir='ltr'><strong>esset</strong></span> <span class='ocrx_word' id='word_1_95' title='bbox 784 1567 872 1611; x_wconf 91' lang='lat' dir='ltr'><strong>nunc</strong></span> <span class='ocrx_word' id='word_1_96' title='bbox 900 1548 1012 1626; x_wconf 90' lang='lat' dir='ltr'><strong>iudex,</strong></span> <span class='ocrx_word' id='word_1_97' title='bbox 1028 1560 1218 1632; x_wconf 82' lang='lat' dir='ltr'><strong>peccatores</strong></span> <span class='ocrx_word' id='word_1_98' title='bbox 1235 1569 1301 1612; x_wconf 90' lang='lat' dir='ltr'><strong>non</strong></span> <span class='ocrx_word' id='word_1_99' title='bbox 1319 1548 1532 1630; x_wconf 85' lang='lat' dir='ltr'><strong>erigebantur</strong></span> <span class='ocrx_word' id='word_1_100' title='bbox 1555 1559 1587 1612; x_wconf 92' lang='lat' dir='ltr'><strong>et</strong></span> <span class='ocrx_word' id='word_1_101' title='bbox 1605 1549 1637 1611; x_wconf 90' lang='lat' dir='ltr'><strong>in</strong></span> <span class='ocrx_word' id='word_1_102' title='bbox 1654 1549 1787 1613; x_wconf 86' lang='lat' dir='ltr'><strong>saeculo</strong></span> <span class='ocrx_word' id='word_1_103' title='bbox 1809 1565 1838 1601; x_wconf 86' lang='lat'><strong>10</strong></span> 
     </span>
     <span class='ocr_line' id='line_1_12' title="bbox 433 1648 1785 1736; baseline 0.004 -24"><span class='ocrx_word' id='word_1_104' title='bbox 433 1648 629 1714; x_wconf 84' lang='lat' dir='ltr'><strong>obtinebant</strong></span> <span class='ocrx_word' id='word_1_105' title='bbox 656 1649 796 1714; x_wconf 89' lang='lat' dir='ltr'><strong>divitias.</strong></span> <span class='ocrx_word' id='word_1_106' title='bbox 817 1651 892 1715; x_wconf 90' lang='lat' dir='ltr'><strong>Hoc</strong></span> <span class='ocrx_word' id='word_1_107' title='bbox 909 1673 968 1715; x_wconf 90' lang='lat' dir='ltr'><strong>vos</strong></span> <span class='ocrx_word' id='word_1_108' title='bbox 995 1653 1209 1731; x_wconf 82' lang='lat' dir='ltr'><strong>scandalizat,</strong></span> <span class='ocrx_word' id='word_1_109' title='bbox 1224 1653 1383 1736; x_wconf 89' lang='lat' dir='ltr'><strong>quoniam</strong></span> <span class='ocrx_word' id='word_1_110' title='bbox 1409 1652 1487 1717; x_wconf 90' lang='lat' dir='ltr'><strong>iusti</strong></span> <span class='ocrx_word' id='word_1_111' title='bbox 1504 1651 1645 1735; x_wconf 88' lang='lat' dir='ltr'><strong>fugiunt,</strong></span> <span class='ocrx_word' id='word_1_112' title='bbox 1660 1663 1693 1716; x_wconf 91' lang='lat' dir='ltr'><strong>et</strong></span> <span class='ocrx_word' id='word_1_113' title='bbox 1711 1673 1785 1735; x_wconf 91' lang='lat' dir='ltr'><strong>pec-</strong></span> 
     </span>
     <span class='ocr_line' id='line_1_13' title="bbox 433 1755 1786 1840; baseline 0.005 -26"><span class='ocrx_word' id='word_1_114' title='bbox 433 1760 560 1816; x_wconf 88' lang='lat' dir='ltr'><strong>catores</strong></span> <span class='ocrx_word' id='word_1_115' title='bbox 588 1760 852 1836; x_wconf 86' lang='lat' dir='ltr'><strong>persequuntur?</strong></span> <span class='ocrx_word' id='word_1_116' title='bbox 880 1755 956 1820; x_wconf 92' lang='lat' dir='ltr'><strong>Hoc</strong></span> <span class='ocrx_word' id='word_1_117' title='bbox 982 1776 1040 1820; x_wconf 85' lang='lat' dir='ltr'><strong>vos</strong></span> <span class='ocrx_word' id='word_1_118' title='bbox 1068 1757 1281 1834; x_wconf 85' lang='lat' dir='ltr'><strong>scandalizat,</strong></span> <span class='ocrx_word' id='word_1_119' title='bbox 1309 1756 1467 1840; x_wconf 90' lang='lat' dir='ltr'><strong>quoniam</strong></span> <span class='ocrx_word' id='word_1_120' title='bbox 1495 1757 1653 1839; x_wconf 87' lang='lat' dir='ltr'><strong>iniquitas</strong></span> <span class='ocrx_word' id='word_1_121' title='bbox 1670 1766 1786 1840; x_wconf 84' lang='lat' dir='ltr'><strong>regnat</strong></span> 
     </span>
     <span class='ocr_line' id='line_1_14' title="bbox 433 1855 1787 1945; baseline 0.006 -27"><span class='ocrx_word' id='word_1_122' title='bbox 433 1855 465 1918; x_wconf 91' lang='lat' dir='ltr'><strong>in</strong></span> <span class='ocrx_word' id='word_1_123' title='bbox 484 1857 635 1921; x_wconf 88' lang='lat' dir='ltr'><strong>mundo?</strong></span> <span class='ocrx_word' id='word_1_124' title='bbox 652 1857 779 1922; x_wconf 86' lang='lat' dir='ltr'><strong>Audite</strong></span> <span class='ocrx_word' id='word_1_125' title='bbox 796 1858 980 1924; x_wconf 88' lang='lat' dir='ltr'><strong>Dominum</strong></span> <span class='ocrx_word' id='word_1_126' title='bbox 1004 1862 1170 1927; x_wconf 90' lang='lat' dir='ltr'><strong>dicentem</strong></span> <span class='ocrx_word' id='word_1_127' title='bbox 1187 1887 1194 1927; x_wconf 76' lang='grc' dir='ltr'><strong>ε</strong></span> <span class='ocrx_word' id='word_1_128' title='bbox 1213 1861 1295 1928; x_wconf 88' lang='lat' dir='ltr'><strong>Cum</strong></span> <span class='ocrx_word' id='word_1_129' title='bbox 1310 1871 1453 1942; x_wconf 84' lang='lat' dir='ltr'><strong>accepero</strong></span> <span class='ocrx_word' id='word_1_130' title='bbox 1466 1871 1605 1944; x_wconf 51' lang='lat' dir='ltr'><strong>¹tempas¹</strong></span> <span class='ocrx_word' id='word_1_131' title='bbox 1621 1882 1677 1945; x_wconf 82' lang='lat' dir='ltr'><strong>ega</strong></span> <span class='ocrx_word' id='word_1_132' title='bbox 1692 1862 1787 1926; x_wconf 86' lang='lat' dir='ltr'><strong>insti·</strong></span> 
     </span>
     <span class='ocr_line' id='line_1_15' title="bbox 432 1961 1787 2050; baseline 0.007 -28"><span class='ocrx_word' id='word_1_133' title='bbox 432 1961 498 2048; x_wconf 85' lang='lat' dir='ltr'><strong>tr&#39;as</strong></span> <span class='ocrx_word' id='word_1_134' title='bbox 514 1961 667 2026; x_wconf 82' lang='lat' dir='ltr'><strong>iudicabo.</strong></span> <span class='ocrx_word' id='word_1_135' title='bbox 684 1962 833 2046; x_wconf 86' lang='lat' dir='ltr'><strong>Tempus</strong></span> <span class='ocrx_word' id='word_1_136' title='bbox 848 1965 937 2028; x_wconf 90' lang='lat' dir='ltr'><strong>enim</strong></span> <span class='ocrx_word' id='word_1_137' title='bbox 963 1967 1074 2031; x_wconf 90' lang='lat' dir='ltr'><strong>iudicii</strong></span> <span class='ocrx_word' id='word_1_138' title='bbox 1092 1979 1294 2031; x_wconf 87' lang='lat' dir='ltr'><strong>reservatum</strong></span> <span class='ocrx_word' id='word_1_139' title='bbox 1323 1977 1382 2030; x_wconf 86' lang='lat' dir='ltr'><strong>est.</strong></span> <span class='ocrx_word' id='word_1_140' title='bbox 1405 1967 1441 2029; x_wconf 91' lang='lat' dir='ltr'><strong>In</strong></span> <span class='ocrx_word' id='word_1_141' title='bbox 1460 1967 1625 2050; x_wconf 88' lang='lat' dir='ltr'><strong>praesenti</strong></span> <span class='ocrx_word' id='word_1_142' title='bbox 1654 1976 1787 2031; x_wconf 87' lang='lat' dir='ltr'><strong>nonest</strong></span> 
     </span>
     <span class='ocr_line' id='line_1_16' title="bbox 433 2067 1836 2154; baseline 0.009 -26"><span class='ocrx_word' id='word_1_143' title='bbox 433 2067 601 2145; x_wconf 90' lang='lat' dir='ltr'><strong>iudicium,</strong></span> <span class='ocrx_word' id='word_1_144' title='bbox 616 2069 674 2132; x_wconf 88' lang='lat' dir='ltr'><strong>sed</strong></span> <span class='ocrx_word' id='word_1_145' title='bbox 691 2078 870 2134; x_wconf 89' lang='lat' dir='ltr'><strong>certamen.</strong></span> <span class='ocrx_word' id='word_1_146' title='bbox 885 2075 892 2102; x_wconf 89' lang='lat'>‘</span> <span class='ocrx_word' id='word_1_147' title='bbox 910 2069 982 2134; x_wconf 92' lang='lat' dir='ltr'><strong>Nec</strong></span> <span class='ocrx_word' id='word_1_148' title='bbox 998 2071 1087 2136; x_wconf 91' lang='lat' dir='ltr'><strong>enim</strong></span> <span class='ocrx_word' id='word_1_149' title='bbox 1115 2072 1239 2136; x_wconf 87' lang='lat' dir='ltr'><strong>iudicat</strong></span> <span class='ocrx_word' id='word_1_150' title='bbox 1257 2072 1355 2136; x_wconf 87' lang='lat' dir='ltr'><strong>Pater</strong></span> <span class='ocrx_word' id='word_1_151' title='bbox 1379 2090 1593 2154; x_wconf 90' lang='lat' dir='ltr'><strong>quemquam,</strong></span> <span class='ocrx_word' id='word_1_152' title='bbox 1608 2073 1666 2136; x_wconf 90' lang='lat' dir='ltr'><strong>sed</strong></span> <span class='ocrx_word' id='word_1_153' title='bbox 1684 2093 1784 2136; x_wconf 89' lang='lat' dir='ltr'><strong>omne</strong></span> <span class='ocrx_word' id='word_1_154' title='bbox 1808 2089 1836 2140; x_wconf 86' lang='lat'><strong>15</strong></span> 
     </span>
     <span class='ocr_line' id='line_1_17' title="bbox 433 2169 1786 2260; baseline 0.007 -29"><span class='ocrx_word' id='word_1_155' title='bbox 433 2169 589 2234; x_wconf 88' lang='lat' dir='ltr'><strong>iudicium</strong></span> <span class='ocrx_word' id='word_1_156' title='bbox 606 2173 699 2236; x_wconf 88' lang='lat' dir='ltr'><strong>dedit</strong></span> <span class='ocrx_word' id='word_1_157' title='bbox 717 2173 812 2238; x_wconf 85' lang='lat' dir='ltr'><strong>Ftno.</strong></span> <span class='ocrx_word' id='word_1_158' title='bbox 829 2173 836 2199; x_wconf 88' lang='lat'>&#39;</span> <span class='ocrx_word' id='word_1_159' title='bbox 851 2173 1004 2237; x_wconf 85' lang='lat' dir='ltr'><strong>Audiens</strong></span> <span class='ocrx_word' id='word_1_160' title='bbox 1021 2185 1133 2240; x_wconf 91' lang='lat' dir='ltr'><strong>autem</strong></span> <span class='ocrx_word' id='word_1_161' title='bbox 1150 2177 1223 2260; x_wconf 88' lang='lat' dir='ltr'><strong>hoc,</strong></span> <span class='ocrx_word' id='word_1_162' title='bbox 1240 2197 1281 2240; x_wconf 92' lang='lat' dir='ltr'><strong>ne</strong></span> <span class='ocrx_word' id='word_1_163' title='bbox 1298 2175 1531 2239; x_wconf 88' lang='lat' dir='ltr'><strong>scandalizeris</strong></span> <span class='ocrx_word' id='word_1_164' title='bbox 1547 2184 1580 2239; x_wconf 91' lang='lat' dir='ltr'><strong>et</strong></span> <span class='ocrx_word' id='word_1_165' title='bbox 1596 2177 1697 2254; x_wconf 92' lang='lat' dir='ltr'><strong>dicas,</strong></span> <span class='ocrx_word' id='word_1_166' title='bbox 1708 2177 1786 2259; x_wconf 90' lang='lat' dir='ltr'><strong>quia</strong></span> 
     </span>
     <span class='ocr_line' id='line_1_18' title="bbox 434 2274 1786 2364; baseline 0.007 -29"><span class='ocrx_word' id='word_1_167' title='bbox 434 2274 540 2336; x_wconf 91' lang='lat' dir='ltr'><strong>minor</strong></span> <span class='ocrx_word' id='word_1_168' title='bbox 553 2284 603 2339; x_wconf 90' lang='lat' dir='ltr'><strong>est</strong></span> <span class='ocrx_word' id='word_1_169' title='bbox 619 2275 680 2339; x_wconf 88' lang='lat' dir='ltr'><strong>iste</strong></span> <span class='ocrx_word' id='word_1_170' title='bbox 696 2275 753 2358; x_wconf 90' lang='lat' dir='ltr'><strong>qni</strong></span> <span class='ocrx_word' id='word_1_171' title='bbox 765 2277 886 2359; x_wconf 89' lang='lat' dir='ltr'><strong>accipit</strong></span> <span class='ocrx_word' id='word_1_172' title='bbox 902 2279 945 2341; x_wconf 92' lang='lat' dir='ltr'><strong>ab</strong></span> <span class='ocrx_word' id='word_1_173' title='bbox 961 2299 1001 2342; x_wconf 90' lang='lat' dir='ltr'><strong>eo</strong></span> <span class='ocrx_word' id='word_1_174' title='bbox 1012 2280 1069 2363; x_wconf 92' lang='lat' dir='ltr'><strong>qui</strong></span> <span class='ocrx_word' id='word_1_175' title='bbox 1080 2281 1138 2344; x_wconf 88' lang='lat' dir='ltr'><strong>dat</strong></span> <span class='ocrx_word' id='word_1_176' title='bbox 1152 2302 1159 2359; x_wconf 88' lang='lat'><strong>;</strong></span> <span class='ocrx_word' id='word_1_177' title='bbox 1175 2281 1233 2344; x_wconf 89' lang='lat' dir='ltr'><strong>sed</strong></span> <span class='ocrx_word' id='word_1_178' title='bbox 1250 2280 1326 2343; x_wconf 90' lang='lat' dir='ltr'><strong>vide</strong></span> <span class='ocrx_word' id='word_1_179' title='bbox 1343 2278 1422 2360; x_wconf 91' lang='lat' dir='ltr'><strong>quid</strong></span> <span class='ocrx_word' id='word_1_180' title='bbox 1439 2277 1530 2364; x_wconf 83' lang='lat' dir='ltr'><strong>dicat</strong></span> <span class='ocrx_word' id='word_1_181' title='bbox 1545 2278 1578 2343; x_wconf 91' lang='lat' dir='ltr'><strong>in</strong></span> <span class='ocrx_word' id='word_1_182' title='bbox 1591 2278 1786 2362; x_wconf 82' lang='lat' dir='ltr'><strong>evangelio:</strong></span> 
     </span>
    </p>

    <p class='ocr_par' dir='ltr' id='par_1_5' title="bbox 430 2378 1836 2772">
     <span class='ocr_line' id='line_1_19' title="bbox 431 2378 1786 2466; baseline 0.004 -26"><span class='ocrx_word' id='word_1_183' title='bbox 431 2382 438 2408; x_wconf 91' lang='lat'>‘</span> <span class='ocrx_word' id='word_1_184' title='bbox 457 2378 575 2460; x_wconf 91' lang='lat' dir='ltr'><strong>Neque</strong></span> <span class='ocrx_word' id='word_1_185' title='bbox 592 2380 680 2442; x_wconf 91' lang='lat' dir='ltr'><strong>enim</strong></span> <span class='ocrx_word' id='word_1_186' title='bbox 697 2380 822 2443; x_wconf 90' lang='lat' dir='ltr'><strong>iudicat</strong></span> <span class='ocrx_word' id='word_1_187' title='bbox 844 2381 941 2445; x_wconf 89' lang='lat' dir='ltr'><strong>Pater</strong></span> <span class='ocrx_word' id='word_1_188' title='bbox 957 2402 1170 2466; x_wconf 91' lang='lat' dir='ltr'><strong>quemquam,</strong></span> <span class='ocrx_word' id='word_1_189' title='bbox 1192 2385 1249 2447; x_wconf 92' lang='lat' dir='ltr'><strong>sed</strong></span> <span class='ocrx_word' id='word_1_190' title='bbox 1267 2402 1367 2445; x_wconf 89' lang='lat' dir='ltr'><strong>omne</strong></span> <span class='ocrx_word' id='word_1_191' title='bbox 1384 2381 1542 2445; x_wconf 88' lang='lat' dir='ltr'><strong>iudicium</strong></span> <span class='ocrx_word' id='word_1_192' title='bbox 1567 2381 1661 2446; x_wconf 90' lang='lat' dir='ltr'><strong>dedit</strong></span> <span class='ocrx_word' id='word_1_193' title='bbox 1677 2381 1786 2445; x_wconf 86' lang='lat' dir='ltr'><strong>Filio:</strong></span> 
     </span>
     <span class='ocr_line' id='line_1_20' title="bbox 431 2483 1787 2569; baseline 0.003 -23"><span class='ocrx_word' id='word_1_194' title='bbox 431 2484 589 2564; x_wconf 90' lang='lat' dir='ltr'><strong>quoniam</strong></span> <span class='ocrx_word' id='word_1_195' title='bbox 619 2483 723 2546; x_wconf 91' lang='lat' dir='ltr'><strong>Filius</strong></span> <span class='ocrx_word' id='word_1_196' title='bbox 748 2484 892 2548; x_wconf 90' lang='lat' dir='ltr'><strong>hominis</strong></span> <span class='ocrx_word' id='word_1_197' title='bbox 920 2496 970 2550; x_wconf 91' lang='lat' dir='ltr'><strong>est</strong></span> <span class='ocrx_word' id='word_1_198' title='bbox 985 2483 1001 2550; x_wconf 87' lang='lat'><strong>¹.</strong></span> <span class='ocrx_word' id='word_1_199' title='bbox 1028 2486 1153 2550; x_wconf 92' lang='lat' dir='ltr'><strong>Reddit</strong></span> <span class='ocrx_word' id='word_1_200' title='bbox 1178 2507 1295 2550; x_wconf 90' lang='lat' dir='ltr'><strong>causas</strong></span> <span class='ocrx_word' id='word_1_201' title='bbox 1322 2505 1424 2568; x_wconf 91' lang='lat' dir='ltr'><strong>quare</strong></span> <span class='ocrx_word' id='word_1_202' title='bbox 1452 2485 1580 2569; x_wconf 91' lang='lat' dir='ltr'><strong>accepit</strong></span> <span class='ocrx_word' id='word_1_203' title='bbox 1604 2485 1787 2550; x_wconf 90' lang='lat' dir='ltr'><strong>iudicium:</strong></span> 
     </span>
     <span class='ocr_line' id='line_1_21' title="bbox 430 2587 1836 2672; baseline 0.002 -22"><span class='ocrx_word' id='word_1_204' title='bbox 430 2587 589 2668; x_wconf 90' lang='lat' dir='ltr'><strong>quoniam</strong></span> <span class='ocrx_word' id='word_1_205' title='bbox 616 2588 719 2651; x_wconf 84' lang='lat' dir='ltr'><strong>Filius</strong></span> <span class='ocrx_word' id='word_1_206' title='bbox 741 2588 885 2652; x_wconf 90' lang='lat' dir='ltr'><strong>hominis</strong></span> <span class='ocrx_word' id='word_1_207' title='bbox 913 2598 972 2655; x_wconf 88' lang='lat' dir='ltr'><strong>est.</strong></span> <span class='ocrx_word' id='word_1_208' title='bbox 998 2589 1108 2654; x_wconf 87' lang='lat' dir='ltr'><strong>Audis</strong></span> <span class='ocrx_word' id='word_1_209' title='bbox 1136 2590 1258 2654; x_wconf 87' lang='lat' dir='ltr'><strong>Filium</strong></span> <span class='ocrx_word' id='word_1_210' title='bbox 1284 2589 1437 2667; x_wconf 91' lang='lat' dir='ltr'><strong>hominis,</strong></span> <span class='ocrx_word' id='word_1_211' title='bbox 1464 2599 1497 2653; x_wconf 92' lang='lat' dir='ltr'><strong>et</strong></span> <span class='ocrx_word' id='word_1_212' title='bbox 1521 2589 1655 2654; x_wconf 91' lang='lat' dir='ltr'><strong>dubitas</strong></span> <span class='ocrx_word' id='word_1_213' title='bbox 1682 2609 1785 2672; x_wconf 87' lang='lat' dir='ltr'><strong>quare</strong></span> <span class='ocrx_word' id='word_1_214' title='bbox 1804 2603 1836 2641; x_wconf 88' lang='lat'><strong>²0</strong></span> 
     </span>
     <span class='ocr_line' id='line_1_22' title="bbox 430 2690 584 2772; baseline 0.032 -21"><span class='ocrx_word' id='word_1_215' title='bbox 430 2690 584 2772; x_wconf 80' lang='lat' dir='ltr'><strong>accepit?</strong></span> 
     </span>
    </p>
   </div>
   <div class='ocr_carea' id='block_1_3' title="bbox 845 2828 1370 2904">
    <p class='ocr_par' dir='ltr' id='par_1_6' title="bbox 845 2828 1370 2904">
     <span class='ocr_line' id='line_1_23' title="bbox 845 2828 1370 2904; baseline 0.008 -4"><span class='ocrx_word' id='word_1_216' title='bbox 845 2828 921 2900; x_wconf 89' lang='lat' dir='ltr'><strong>DE</strong></span> <span class='ocrx_word' id='word_1_217' title='bbox 955 2829 1178 2904; x_wconf 86' lang='lat' dir='ltr'>PSALMO</span> <span class='ocrx_word' id='word_1_218' title='bbox 1210 2831 1370 2904; x_wconf 92' lang='lat' dir='ltr'>LXXV.</span> 
     </span>
    </p>
   </div>
   <div class='ocr_carea' id='block_1_4' title="bbox 429 3008 1783 3205">
    <p class='ocr_par' dir='ltr' id='par_1_7' title="bbox 429 3008 1783 3205">
     <span class='ocr_line' id='line_1_24' title="bbox 433 3008 1781 3100; baseline 0.007 -27"><span class='ocrx_word' id='word_1_219' title='bbox 433 3017 434 3020; x_wconf 76' lang='grc'>’</span> <span class='ocrx_word' id='word_1_220' title='bbox 473 3008 667 3092; x_wconf 86' lang='lat' dir='ltr'><strong>Antequam</strong></span> <span class='ocrx_word' id='word_1_221' title='bbox 685 3009 897 3078; x_wconf 89' lang='lat' dir='ltr'><strong>inluminaret</strong></span> <span class='ocrx_word' id='word_1_222' title='bbox 913 3035 996 3078; x_wconf 89' lang='lat' dir='ltr'><strong>crux</strong></span> <span class='ocrx_word' id='word_1_223' title='bbox 1010 3016 1181 3093; x_wconf 89' lang='lat' dir='ltr'><strong>mundum,</strong></span> <span class='ocrx_word' id='word_1_224' title='bbox 1197 3026 1377 3100; x_wconf 84' lang='lat' dir='ltr'><strong>antequam</strong></span> <span class='ocrx_word' id='word_1_225' title='bbox 1391 3017 1558 3082; x_wconf 89' lang='lat' dir='ltr'><strong>videretur</strong></span> <span class='ocrx_word' id='word_1_226' title='bbox 1570 3017 1736 3083; x_wconf 89' lang='lat' dir='ltr'><strong>Dominus</strong></span> <span class='ocrx_word' id='word_1_227' title='bbox 1750 3021 1781 3082; x_wconf 90' lang='lat' dir='ltr'><strong>in</strong></span> 
     </span>
     <span class='ocr_line' id='line_1_25' title="bbox 429 3115 1783 3205; baseline 0.009 -29"><span class='ocrx_word' id='word_1_228' title='bbox 429 3121 524 3193; x_wconf 86' lang='lat' dir='ltr'><strong>terra,</strong></span> <span class='ocrx_word' id='word_1_229' title='bbox 541 3115 649 3179; x_wconf 87' lang='lat' dir='ltr'><strong>Natus</strong></span> <span class='ocrx_word' id='word_1_230' title='bbox 664 3125 734 3178; x_wconf 90' lang='lat' dir='ltr'><strong>erat</strong></span> <span class='ocrx_word' id='word_1_231' title='bbox 752 3115 786 3178; x_wconf 85' lang='lat' dir='ltr'><strong>in</strong></span> <span class='ocrx_word' id='word_1_232' title='bbox 802 3115 927 3182; x_wconf 84' lang='lat' dir='ltr'><strong>Iudaea</strong></span> <span class='ocrx_word' id='word_1_233' title='bbox 943 3119 1042 3197; x_wconf 85' lang='lat' dir='ltr'><strong>Deus,</strong></span> <span class='ocrx_word' id='word_1_234' title='bbox 1059 3120 1093 3203; x_wconf 73' lang='lat' dir='ltr'><strong>in</strong></span> <span class='ocrx_word' id='word_1_235' title='bbox 1109 3119 1240 3184; x_wconf 78' lang='lat' dir='ltr'><strong>Israhel</strong></span> <span class='ocrx_word' id='word_1_236' title='bbox 1252 3131 1363 3185; x_wconf 89' lang='lat' dir='ltr'><strong>autem</strong></span> <span class='ocrx_word' id='word_1_237' title='bbox 1382 3143 1538 3205; x_wconf 76' lang='lat' dir='ltr'><strong>magnum</strong></span> <span class='ocrx_word' id='word_1_238' title='bbox 1563 3145 1676 3188; x_wconf 86' lang='lat' dir='ltr'><strong>nomen</strong></span> <span class='ocrx_word' id='word_1_239' title='bbox 1691 3125 1783 3188; x_wconf 86' lang='lat' dir='ltr'><strong>eins:</strong></span> 
     </span>
    </p>
   </div>
   <div class='ocr_carea' id='block_1_5' title="bbox 424 3303 1784 3701">
    <p class='ocr_par' dir='ltr' id='par_1_8' title="bbox 424 3303 1784 3701">
     <span class='ocr_line' id='line_1_26' title="bbox 463 3303 1782 3370; baseline 0.011 -20"><span class='ocrx_word' id='word_1_240' title='bbox 463 3315 492 3351; x_wconf 87' lang='lat'><strong>10</strong></span> <span class='ocrx_word' id='word_1_241' title='bbox 503 3303 671 3370; x_wconf 74' lang='lat' dir='ltr'><strong>erigebantur]</strong></span> <span class='ocrx_word' id='word_1_242' title='bbox 683 3303 751 3352; x_wconf 86' lang='lat' dir='ltr'><strong>Nota</strong></span> <span class='ocrx_word' id='word_1_243' title='bbox 764 3306 962 3356; x_wconf 82' lang='lat' dir='ltr'><strong>enuntiationem</strong></span> <span class='ocrx_word' id='word_1_244' title='bbox 980 3306 1179 3358; x_wconf 82' lang='lat' dir='ltr'><strong>condicionalem</strong></span> <span class='ocrx_word' id='word_1_245' title='bbox 1196 3324 1253 3359; x_wconf 88' lang='lat' dir='ltr'><strong>cum</strong></span> <span class='ocrx_word' id='word_1_246' title='bbox 1265 3307 1402 3358; x_wconf 84' lang='lat' dir='ltr'><strong>indicativo</strong></span> <span class='ocrx_word' id='word_1_247' title='bbox 1414 3309 1567 3360; x_wconf 84' lang='lat' dir='ltr'><strong>Graecorum</strong></span> <span class='ocrx_word' id='word_1_248' title='bbox 1585 3327 1653 3362; x_wconf 90' lang='lat' dir='ltr'><strong>more</strong></span> <span class='ocrx_word' id='word_1_249' title='bbox 1670 3321 1782 3365; x_wconf 85' lang='lat' dir='ltr'><strong>constru-</strong></span> 
     </span>
     <span class='ocr_line' id='line_1_27' title="bbox 427 3383 1782 3459; baseline 0.01 -27"><span class='ocrx_word' id='word_1_250' title='bbox 427 3391 492 3434; x_wconf 81' lang='lat' dir='ltr'><strong>ctam</strong></span> <span class='ocrx_word' id='word_1_251' title='bbox 503 3386 677 3449; x_wconf 74' lang='lat' dir='ltr'><strong>3erigerentur</strong></span> <span class='ocrx_word' id='word_1_252' title='bbox 689 3383 760 3452; x_wconf 75' lang='grc' dir='ltr'>βΑΕ.</span> <span class='ocrx_word' id='word_1_253' title='bbox 861 3394 884 3436; x_wconf 87' lang='lat' dir='ltr'><strong>et</strong></span> <span class='ocrx_word' id='word_1_254' title='bbox 897 3387 1027 3436; x_wconf 86' lang='lat' dir='ltr'><strong>insaecula</strong></span> <span class='ocrx_word' id='word_1_255' title='bbox 1038 3389 1187 3457; x_wconf 83' lang='lat' dir='ltr'><strong>abtinebant]</strong></span> <span class='ocrx_word' id='word_1_256' title='bbox 1197 3391 1238 3440; x_wconf 89' lang='lat' dir='ltr'><strong>Sic</strong></span> <span class='ocrx_word' id='word_1_257' title='bbox 1250 3405 1340 3454; x_wconf 86' lang='lat' dir='ltr'><strong>nempe</strong></span> <span class='ocrx_word' id='word_1_258' title='bbox 1353 3390 1378 3439; x_wconf 90' lang='lat' dir='ltr'><strong>in</strong></span> <span class='ocrx_word' id='word_1_259' title='bbox 1387 3406 1478 3454; x_wconf 84' lang='lat' dir='ltr'><strong>graeco</strong></span> <span class='ocrx_word' id='word_1_260' title='bbox 1491 3392 1612 3457; x_wconf 83' lang='lat' dir='ltr'><strong>particula</strong></span> <span class='ocrx_word' id='word_1_261' title='bbox 1623 3395 1739 3459; x_wconf 82' lang='lat' dir='ltr'><strong>negativa</strong></span> <span class='ocrx_word' id='word_1_262' title='bbox 1756 3395 1782 3446; x_wconf 90' lang='lat' dir='ltr'><strong>in</strong></span> 
     </span>
     <span class='ocr_line' id='line_1_28' title="bbox 427 3467 1784 3535; baseline 0.01 -21"><span class='ocrx_word' id='word_1_263' title='bbox 427 3481 478 3514; x_wconf 90' lang='lat' dir='ltr'><strong>uno</strong></span> <span class='ocrx_word' id='word_1_264' title='bbox 489 3467 609 3516; x_wconf 88' lang='lat' dir='ltr'><strong>orationis</strong></span> <span class='ocrx_word' id='word_1_265' title='bbox 629 3468 742 3516; x_wconf 88' lang='lat' dir='ltr'><strong>membro</strong></span> <span class='ocrx_word' id='word_1_266' title='bbox 755 3467 835 3531; x_wconf 81' lang='lat' dir='ltr'><strong>postia</strong></span> <span class='ocrx_word' id='word_1_267' title='bbox 847 3468 878 3516; x_wconf 88' lang='lat' dir='ltr'><strong>ad</strong></span> <span class='ocrx_word' id='word_1_268' title='bbox 900 3468 1004 3519; x_wconf 85' lang='lat' dir='ltr'><strong>alterum</strong></span> <span class='ocrx_word' id='word_1_269' title='bbox 1017 3486 1117 3535; x_wconf 88' lang='lat' dir='ltr'><strong>quoque</strong></span> <span class='ocrx_word' id='word_1_270' title='bbox 1135 3473 1274 3520; x_wconf 86' lang='lat' dir='ltr'><strong>membrum</strong></span> <span class='ocrx_word' id='word_1_271' title='bbox 1287 3487 1361 3535; x_wconf 90' lang='lat' dir='ltr'><strong>saepe</strong></span> <span class='ocrx_word' id='word_1_272' title='bbox 1380 3472 1508 3522; x_wconf 83' lang='lat' dir='ltr'><strong>reserenda</strong></span> <span class='ocrx_word' id='word_1_273' title='bbox 1524 3483 1559 3523; x_wconf 87' lang='lat' dir='ltr'><strong>est</strong></span> <span class='ocrx_word' id='word_1_274' title='bbox 1572 3493 1579 3532; x_wconf 85' lang='grc'><strong>;</strong></span> <span class='ocrx_word' id='word_1_275' title='bbox 1596 3492 1638 3524; x_wconf 82' lang='lat' dir='ltr'><strong>nec</strong></span> <span class='ocrx_word' id='word_1_276' title='bbox 1649 3479 1678 3526; x_wconf 86' lang='lat' dir='ltr'><strong>in</strong></span> <span class='ocrx_word' id='word_1_277' title='bbox 1689 3480 1784 3528; x_wconf 84' lang='lat' dir='ltr'><strong>suecrrlo</strong></span> 
     </span>
     <span class='ocr_line' id='line_1_29' title="bbox 424 3535 1783 3624; baseline 0.011 -29"><span class='ocrx_word' id='word_1_278' title='bbox 424 3549 563 3598; x_wconf 72' lang='lat' dir='ltr'><strong>obtinerent</strong></span> <span class='ocrx_word' id='word_1_279' title='bbox 575 3550 595 3604; x_wconf 92' lang='lat' dir='ltr'>C</span> <span class='ocrx_word' id='word_1_280' title='bbox 606 3568 613 3607; x_wconf 87' lang='lat'>;</span> <span class='ocrx_word' id='word_1_281' title='bbox 624 3557 648 3598; x_wconf 85' lang='lat' dir='ltr'><strong>et</strong></span> <span class='ocrx_word' id='word_1_282' title='bbox 659 3552 687 3598; x_wconf 90' lang='lat' dir='ltr'><strong>in</strong></span> <span class='ocrx_word' id='word_1_283' title='bbox 698 3551 793 3598; x_wconf 77' lang='lat' dir='ltr'><strong>sarneio</strong></span> <span class='ocrx_word' id='word_1_284' title='bbox 805 3535 855 3599; x_wconf 80' lang='lat' dir='ltr'><strong>nnn</strong></span> <span class='ocrx_word' id='word_1_285' title='bbox 866 3551 1004 3601; x_wconf 74' lang='lat' dir='ltr'><strong>obtinerent</strong></span> <span class='ocrx_word' id='word_1_286' title='bbox 1017 3552 1040 3620; x_wconf 88' lang='grc' dir='ltr'><strong>β.</strong></span> <span class='ocrx_word' id='word_1_287' title='bbox 1162 3568 1171 3603; x_wconf 89' lang='lat' dir='ltr'><strong>r</strong></span> <span class='ocrx_word' id='word_1_288' title='bbox 1175 3569 1189 3618; x_wconf 83' lang='lat'>3</span> <span class='ocrx_word' id='word_1_289' title='bbox 1202 3557 1241 3622; x_wconf 86' lang='lat' dir='ltr'><strong>in]</strong></span> <span class='ocrx_word' id='word_1_290' title='bbox 1254 3556 1273 3604; x_wconf 90' lang='lat' dir='ltr'><strong>B</strong></span> <span class='ocrx_word' id='word_1_291' title='bbox 1285 3555 1359 3604; x_wconf 85' lang='lat' dir='ltr'><strong>inser.</strong></span> <span class='ocrx_word' id='word_1_292' title='bbox 1374 3555 1423 3605; x_wconf 80' lang='lat' dir='ltr'><strong>nn.</strong></span> <span class='ocrx_word' id='word_1_293' title='bbox 1536 3573 1565 3619; x_wconf 81' lang='lat'><strong>¹4</strong></span> <span class='ocrx_word' id='word_1_294' title='bbox 1574 3569 1726 3610; x_wconf 75' lang='lat' dir='ltr'><strong>reservatum</strong></span> <span class='ocrx_word' id='word_1_295' title='bbox 1737 3563 1783 3624; x_wconf 84' lang='lat' dir='ltr'><strong>est]</strong></span> 
     </span>
     <span class='ocr_line' id='line_1_30' title="bbox 426 3633 1784 3701; baseline 0.01 -22"><span class='ocrx_word' id='word_1_296' title='bbox 426 3636 579 3680; x_wconf 66' lang='lat' dir='ltr'><strong>reservatum</strong></span> <span class='ocrx_word' id='word_1_297' title='bbox 589 3633 610 3682; x_wconf 94' lang='lat' dir='ltr'>C</span> <span class='ocrx_word' id='word_1_298' title='bbox 623 3645 632 3682; x_wconf 88' lang='lat'>1</span> <span class='ocrx_word' id='word_1_299' title='bbox 644 3649 677 3682; x_wconf 90' lang='lat' dir='ltr'><strong>m.</strong></span> <span class='ocrx_word' id='word_1_300' title='bbox 687 3633 778 3682; x_wconf 84' lang='lat' dir='ltr'><strong>omissa</strong></span> <span class='ocrx_word' id='word_1_301' title='bbox 790 3640 839 3694; x_wconf 87' lang='lat' dir='ltr'><strong>est,·</strong></span> <span class='ocrx_word' id='word_1_302' title='bbox 848 3651 872 3684; x_wconf 86' lang='lat' dir='ltr'><strong>nr</strong></span> <span class='ocrx_word' id='word_1_303' title='bbox 882 3645 969 3699; x_wconf 80' lang='lat' dir='ltr'><strong>postea</strong></span> <span class='ocrx_word' id='word_1_304' title='bbox 981 3643 1077 3686; x_wconf 79' lang='lat' dir='ltr'><strong>mutata</strong></span> <span class='ocrx_word' id='word_1_305' title='bbox 1088 3644 1125 3686; x_wconf 88' lang='lat' dir='ltr'><strong>est</strong></span> <span class='ocrx_word' id='word_1_306' title='bbox 1138 3637 1163 3686; x_wconf 89' lang='lat' dir='ltr'><strong>in</strong></span> <span class='ocrx_word' id='word_1_307' title='bbox 1175 3655 1196 3688; x_wconf 89' lang='lat' dir='ltr'><strong>r.</strong></span> <span class='ocrx_word' id='word_1_308' title='bbox 1266 3650 1297 3688; x_wconf 87' lang='lat'><strong>22</strong></span> <span class='ocrx_word' id='word_1_309' title='bbox 1310 3646 1355 3685; x_wconf 80' lang='lat' dir='ltr'><strong>DE</strong></span> <span class='ocrx_word' id='word_1_310' title='bbox 1363 3646 1494 3687; x_wconf 77' lang='lat' dir='ltr'><em>PSALMO</em></span> <span class='ocrx_word' id='word_1_311' title='bbox 1502 3639 1606 3701; x_wconf 73' lang='lat' dir='ltr'><em>LXXV]</em></span> <span class='ocrx_word' id='word_1_312' title='bbox 1617 3643 1646 3692; x_wconf 89' lang='lat' dir='ltr'><strong>In</strong></span> <span class='ocrx_word' id='word_1_313' title='bbox 1656 3643 1784 3694; x_wconf 87' lang='lat' dir='ltr'><strong>Breviario</strong></span> 
     </span>
    </p>
   </div>
   <div class='ocr_carea' id='block_1_6' title="bbox 426 3716 618 3782">
    <p class='ocr_par' dir='ltr' id='par_1_9' title="bbox 426 3716 618 3782">
     <span class='ocr_line' id='line_1_31' title="bbox 426 3716 618 3782; baseline 0.005 -19"><span class='ocrx_word' id='word_1_314' title='bbox 426 3716 473 3764; x_wconf 88' lang='lat' dir='ltr'><strong>cot.</strong></span> <span class='ocrx_word' id='word_1_315' title='bbox 491 3727 551 3778; x_wconf 86' lang='lat'>1097</span> <span class='ocrx_word' id='word_1_316' title='bbox 563 3732 618 3782; x_wconf 87' lang='lat' dir='ltr'><strong>sqq.</strong></span> 
     </span>
    </p>
   </div>
   <div class='ocr_carea' id='block_1_7' title="bbox 424 3847 1779 4756">
    <p class='ocr_par' dir='ltr' id='par_1_10' title="bbox 424 3847 1779 4756">
     <span class='ocr_line' id='line_1_32' title="bbox 468 3847 1667 3930; baseline 0.01 -24"><span class='ocrx_word' id='word_1_317' title='bbox 468 3869 493 3907; x_wconf 87' lang='lat'><strong>2.</strong></span> <span class='ocrx_word' id='word_1_318' title='bbox 511 3850 623 3909; x_wconf 85' lang='lat' dir='ltr'><strong>Nomen</strong></span> <span class='ocrx_word' id='word_1_319' title='bbox 638 3849 701 3908; x_wconf 87' lang='lat' dir='ltr'><strong>Dei</strong></span> <span class='ocrx_word' id='word_1_320' title='bbox 712 3851 806 3908; x_wconf 88' lang='lat' dir='ltr'><strong>Pater</strong></span> <span class='ocrx_word' id='word_1_321' title='bbox 817 3847 870 3930; x_wconf 88' lang='lat' dir='ltr'><strong>est]</strong></span> <span class='ocrx_word' id='word_1_322' title='bbox 898 3851 1022 3912; x_wconf 89' lang='lat' dir='ltr'><strong>Hieron.</strong></span> <span class='ocrx_word' id='word_1_323' title='bbox 1047 3851 1077 3911; x_wconf 91' lang='lat' dir='ltr'><strong>in</strong></span> <span class='ocrx_word' id='word_1_324' title='bbox 1130 3855 1255 3913; x_wconf 74' lang='lat' dir='ltr'><strong>melani</strong></span> <span class='ocrx_word' id='word_1_325' title='bbox 1266 3874 1365 3914; x_wconf 83' lang='lat' dir='ltr'><strong>nornen</strong></span> <span class='ocrx_word' id='word_1_326' title='bbox 1377 3863 1458 3914; x_wconf 84' lang='lat' dir='ltr'><strong>tnnrn</strong></span> <span class='ocrx_word' id='word_1_327' title='bbox 1473 3857 1644 3919; x_wconf 78' lang='lat' dir='ltr'><strong>horninibus.</strong></span> <span class='ocrx_word' id='word_1_328' title='bbox 1660 3860 1667 3887; x_wconf 93' lang='lat'>&#39;</span> 
     </span>
     <span class='ocr_line' id='line_1_33' title="bbox 428 3927 1556 4016; baseline 0.008 -28"><span class='ocrx_word' id='word_1_329' title='bbox 428 3927 561 3991; x_wconf 85' lang='lat' dir='ltr'><strong>Hierern.</strong></span> <span class='ocrx_word' id='word_1_330' title='bbox 578 3950 625 4007; x_wconf 84' lang='lat'><strong>32,</strong></span> <span class='ocrx_word' id='word_1_331' title='bbox 646 3933 681 3989; x_wconf 87' lang='lat'><strong>16</strong></span> <span class='ocrx_word' id='word_1_332' title='bbox 696 3949 770 4008; x_wconf 91' lang='lat' dir='ltr'><strong>sqq:</strong></span> <span class='ocrx_word' id='word_1_333' title='bbox 788 3935 795 3962; x_wconf 91' lang='lat'>‘</span> <span class='ocrx_word' id='word_1_334' title='bbox 810 3933 950 3994; x_wconf 90' lang='lat' dir='ltr'><strong>Ceterum</strong></span> <span class='ocrx_word' id='word_1_335' title='bbox 962 3933 1078 4009; x_wconf 87' lang='lat' dir='ltr'><strong>proprie</strong></span> <span class='ocrx_word' id='word_1_336' title='bbox 1167 3955 1196 4008; x_wconf 71' lang='lat' dir='ltr'><strong>a.</strong></span> <span class='ocrx_word' id='word_1_337' title='bbox 1213 3934 1387 4016; x_wconf 80' lang='lat' dir='ltr'><strong>horninibus]</strong></span> <span class='ocrx_word' id='word_1_338' title='bbox 1406 3938 1449 3996; x_wconf 92' lang='lat' dir='ltr'><strong>lo.</strong></span> <span class='ocrx_word' id='word_1_339' title='bbox 1469 3957 1512 4012; x_wconf 84' lang='lat'><strong>17,</strong></span> <span class='ocrx_word' id='word_1_340' title='bbox 1530 3941 1556 3998; x_wconf 90' lang='lat'><strong>6.</strong></span> 
     </span>
     <span class='ocr_line' id='line_1_34' title="bbox 426 4013 1778 4098; baseline 0.008 -28"><span class='ocrx_word' id='word_1_341' title='bbox 426 4030 536 4072; x_wconf 91' lang='lat' dir='ltr'><strong>nomen</strong></span> <span class='ocrx_word' id='word_1_342' title='bbox 551 4013 608 4072; x_wconf 92' lang='lat' dir='ltr'><strong>Dei</strong></span> <span class='ocrx_word' id='word_1_343' title='bbox 625 4015 774 4086; x_wconf 75' lang='lat' dir='ltr'><strong>Peterem,</strong></span> <span class='ocrx_word' id='word_1_344' title='bbox 786 4015 870 4090; x_wconf 91' lang='lat' dir='ltr'><strong>quod</strong></span> <span class='ocrx_word' id='word_1_345' title='bbox 884 4013 1078 4090; x_wconf 84' lang='lat' dir='ltr'><strong>inevangetio</strong></span> <span class='ocrx_word' id='word_1_346' title='bbox 1170 4036 1270 4075; x_wconf 84' lang='lat' dir='ltr'><strong>rrarnen</strong></span> <span class='ocrx_word' id='word_1_347' title='bbox 1289 4027 1330 4077; x_wconf 86' lang='lat' dir='ltr'><strong>est</strong></span> <span class='ocrx_word' id='word_1_348' title='bbox 1341 4015 1453 4098; x_wconf 81' lang='lat' dir='ltr'><strong>patris]</strong></span> <span class='ocrx_word' id='word_1_349' title='bbox 1471 4018 1595 4080; x_wconf 90' lang='lat' dir='ltr'><strong>Hieron.</strong></span> <span class='ocrx_word' id='word_1_350' title='bbox 1618 4019 1647 4080; x_wconf 90' lang='lat' dir='ltr'><strong>in</strong></span> <span class='ocrx_word' id='word_1_351' title='bbox 1672 4023 1778 4081; x_wconf 86' lang='lat' dir='ltr'><strong>Matth.</strong></span> 
     </span>
     <span class='ocr_line' id='line_1_35' title="bbox 426 4092 1778 4176; baseline 0.009 -25"><span class='ocrx_word' id='word_1_352' title='bbox 426 4112 477 4170; x_wconf 85' lang='lat' dir='ltr'><strong>per</strong></span> <span class='ocrx_word' id='word_1_353' title='bbox 490 4092 652 4154; x_wconf 87' lang='lat' dir='ltr'><strong>Dominum</strong></span> <span class='ocrx_word' id='word_1_354' title='bbox 664 4095 976 4155; x_wconf 87' lang='lat' dir='ltr'><strong>revelaturdicentem:</strong></span> <span class='ocrx_word' id='word_1_355' title='bbox 986 4097 1080 4154; x_wconf 89' lang='lat' dir='ltr'><strong>Pater</strong></span> <span class='ocrx_word' id='word_1_356' title='bbox 1133 4117 1178 4170; x_wconf 80' lang='lat'><strong>24,</strong></span> <span class='ocrx_word' id='word_1_357' title='bbox 1196 4100 1253 4174; x_wconf 84' lang='lat'><strong>36:</strong></span> <span class='ocrx_word' id='word_1_358' title='bbox 1271 4103 1278 4131; x_wconf 89' lang='lat'>‘</span> <span class='ocrx_word' id='word_1_359' title='bbox 1293 4100 1399 4160; x_wconf 90' lang='lat' dir='ltr'><strong>Omnis</strong></span> <span class='ocrx_word' id='word_1_360' title='bbox 1414 4101 1494 4159; x_wconf 89' lang='lat' dir='ltr'><strong>enim</strong></span> <span class='ocrx_word' id='word_1_361' title='bbox 1508 4112 1590 4176; x_wconf 86' lang='lat' dir='ltr'><strong>pater</strong></span> <span class='ocrx_word' id='word_1_362' title='bbox 1601 4102 1652 4162; x_wconf 87' lang='lat' dir='ltr'><strong>filii</strong></span> <span class='ocrx_word' id='word_1_363' title='bbox 1669 4123 1778 4164; x_wconf 88' lang='lat' dir='ltr'><strong>nomen</strong></span> 
     </span>
     <span class='ocr_line' id='line_1_36' title="bbox 425 4175 1779 4262; baseline 0.009 -30"><span class='ocrx_word' id='word_1_364' title='bbox 425 4175 613 4251; x_wconf 83' lang='lat' dir='ltr'><strong>manifestavi</strong></span> <span class='ocrx_word' id='word_1_365' title='bbox 623 4195 723 4235; x_wconf 84' lang='lat' dir='ltr'><strong>nonren</strong></span> <span class='ocrx_word' id='word_1_366' title='bbox 739 4185 821 4234; x_wconf 78' lang='lat' dir='ltr'><strong>trium</strong></span> <span class='ocrx_word' id='word_1_367' title='bbox 835 4178 1004 4236; x_wconf 83' lang='lat' dir='ltr'><strong>horninibus.</strong></span> <span class='ocrx_word' id='word_1_368' title='bbox 1021 4179 1028 4204; x_wconf 85' lang='lat'>¹</span> <span class='ocrx_word' id='word_1_369' title='bbox 1130 4189 1174 4238; x_wconf 88' lang='lat' dir='ltr'><strong>est</strong></span> <span class='ocrx_word' id='word_1_370' title='bbox 1189 4181 1196 4207; x_wconf 91' lang='lat'><em>&#39;</em></span> <span class='ocrx_word' id='word_1_371' title='bbox 1212 4179 1289 4241; x_wconf 92' lang='lat' dir='ltr'><strong>Ibid.</strong></span> <span class='ocrx_word' id='word_1_372' title='bbox 1309 4182 1354 4254; x_wconf 81' lang='lat'><strong>26,</strong></span> <span class='ocrx_word' id='word_1_373' title='bbox 1373 4201 1430 4258; x_wconf 86' lang='lat'><strong>29:</strong></span> <span class='ocrx_word' id='word_1_374' title='bbox 1447 4181 1562 4242; x_wconf 88' lang='lat' dir='ltr'><strong>‘omnis</strong></span> <span class='ocrx_word' id='word_1_375' title='bbox 1577 4195 1659 4262; x_wconf 86' lang='lat' dir='ltr'><strong>pater</strong></span> <span class='ocrx_word' id='word_1_376' title='bbox 1669 4204 1779 4245; x_wconf 89' lang='lat' dir='ltr'><strong>nomen</strong></span> 
     </span>
     <span class='ocr_line' id='line_1_37' title="bbox 466 4254 1269 4338; baseline 0.006 -23"><span class='ocrx_word' id='word_1_377' title='bbox 466 4276 492 4332; x_wconf 87' lang='lat'><strong>3.</strong></span> <span class='ocrx_word' id='word_1_378' title='bbox 506 4254 707 4338; x_wconf 80' lang='lat' dir='ltr'><strong>ignorabatur]</strong></span> <span class='ocrx_word' id='word_1_379' title='bbox 719 4259 762 4318; x_wconf 93' lang='lat' dir='ltr'><strong>Id.</strong></span> <span class='ocrx_word' id='word_1_380' title='bbox 777 4257 808 4317; x_wconf 91' lang='lat' dir='ltr'><strong>in</strong></span> <span class='ocrx_word' id='word_1_381' title='bbox 820 4258 943 4318; x_wconf 87' lang='lat' dir='ltr'><strong>Abacuc</strong></span> <span class='ocrx_word' id='word_1_382' title='bbox 952 4277 977 4318; x_wconf 93' lang='lat' dir='ltr'><strong>c.</strong></span> <span class='ocrx_word' id='word_1_383' title='bbox 990 4279 1006 4334; x_wconf 83' lang='lat'>3</span> <span class='ocrx_word' id='word_1_384' title='bbox 1018 4259 1073 4336; x_wconf 84' lang='lat' dir='ltr'><strong>(M.</strong></span> <span class='ocrx_word' id='word_1_385' title='bbox 1129 4271 1173 4320; x_wconf 87' lang='lat' dir='ltr'><strong>est</strong></span> <span class='ocrx_word' id='word_1_386' title='bbox 1188 4259 1238 4319; x_wconf 87' lang='lat' dir='ltr'><strong>fiiii</strong></span> <span class='ocrx_word' id='word_1_387' title='bbox 1254 4263 1269 4320; x_wconf 92' lang='lat'><strong>’.</strong></span> 
     </span>
     <span class='ocr_line' id='line_1_38' title="bbox 427 4338 1777 4426; baseline 0.008 -30"><span class='ocrx_word' id='word_1_388' title='bbox 427 4357 441 4396; x_wconf 86' lang='lat'>2</span> <span class='ocrx_word' id='word_1_389' title='bbox 446 4355 472 4414; x_wconf 88' lang='lat'><strong>5,</strong></span> <span class='ocrx_word' id='word_1_390' title='bbox 489 4359 498 4394; x_wconf 89' lang='lat'>1</span> <span class='ocrx_word' id='word_1_391' title='bbox 505 4358 541 4415; x_wconf 79' lang='lat'><strong>37</strong></span> <span class='ocrx_word' id='word_1_392' title='bbox 547 4339 592 4415; x_wconf 84' lang='lat'><strong>3):</strong></span> <span class='ocrx_word' id='word_1_393' title='bbox 606 4339 701 4400; x_wconf 88' lang='lat' dir='ltr'><strong>‘Cum</strong></span> <span class='ocrx_word' id='word_1_394' title='bbox 714 4338 825 4400; x_wconf 87' lang='lat' dir='ltr'><strong>venerit</strong></span> <span class='ocrx_word' id='word_1_395' title='bbox 837 4351 955 4418; x_wconf 89' lang='lat' dir='ltr'><strong>tempus</strong></span> <span class='ocrx_word' id='word_1_396' title='bbox 967 4342 1076 4400; x_wconf 87' lang='lat' dir='ltr'><strong>adven·</strong></span> <span class='ocrx_word' id='word_1_397' title='bbox 1171 4359 1195 4416; x_wconf 85' lang='lat'><strong>7.</strong></span> <span class='ocrx_word' id='word_1_398' title='bbox 1206 4343 1589 4426; x_wconf 79' lang='lat' dir='ltr'><strong>interpretatisnntueteres]</strong></span> <span class='ocrx_word' id='word_1_399' title='bbox 1601 4347 1645 4407; x_wconf 86' lang='lat' dir='ltr'><strong>Ci.</strong></span> <span class='ocrx_word' id='word_1_400' title='bbox 1658 4348 1777 4424; x_wconf 86' lang='lat' dir='ltr'><strong>Origen.</strong></span> 
     </span>
     <span class='ocr_line' id='line_1_39' title="bbox 425 4419 1777 4502; baseline 0.007 -24"><span class='ocrx_word' id='word_1_401' title='bbox 425 4430 471 4478; x_wconf 91' lang='lat' dir='ltr'><strong>tus</strong></span> <span class='ocrx_word' id='word_1_402' title='bbox 486 4421 601 4480; x_wconf 78' lang='lat' dir='ltr'><strong>donnini</strong></span> <span class='ocrx_word' id='word_1_403' title='bbox 628 4423 697 4481; x_wconf 85' lang='lat' dir='ltr'><strong>Iesu</strong></span> <span class='ocrx_word' id='word_1_404' title='bbox 721 4419 839 4494; x_wconf 86' lang='lat' dir='ltr'><strong>Christi,</strong></span> <span class='ocrx_word' id='word_1_405' title='bbox 861 4433 941 4494; x_wconf 83' lang='lat' dir='ltr'><strong>tunc,</strong></span> <span class='ocrx_word' id='word_1_406' title='bbox 957 4441 977 4482; x_wconf 93' lang='lat' dir='ltr'><strong>o</strong></span> <span class='ocrx_word' id='word_1_407' title='bbox 993 4423 1076 4482; x_wconf 84' lang='lat' dir='ltr'><strong>Deus</strong></span> <span class='ocrx_word' id='word_1_408' title='bbox 1128 4425 1157 4482; x_wconf 91' lang='lat' dir='ltr'><strong>in</strong></span> <span class='ocrx_word' id='word_1_409' title='bbox 1182 4424 1261 4484; x_wconf 88' lang='lat' dir='ltr'><strong>hune</strong></span> <span class='ocrx_word' id='word_1_410' title='bbox 1287 4443 1329 4502; x_wconf 90' lang='lat' dir='ltr'><strong>ps.</strong></span> <span class='ocrx_word' id='word_1_411' title='bbox 1356 4445 1402 4502; x_wconf 92' lang='lat' dir='ltr'><strong>ap.</strong></span> <span class='ocrx_word' id='word_1_412' title='bbox 1432 4428 1517 4500; x_wconf 87' lang='lat' dir='ltr'><strong>Pitra,</strong></span> <span class='ocrx_word' id='word_1_413' title='bbox 1544 4430 1679 4489; x_wconf 85' lang='lat' dir='ltr'><strong>Anaieet.</strong></span> <span class='ocrx_word' id='word_1_414' title='bbox 1706 4449 1777 4488; x_wconf 89' lang='lat' dir='ltr'><strong>sacr.</strong></span> 
     </span>
     <span class='ocr_line' id='line_1_40' title="bbox 426 4502 1401 4583; baseline 0.007 -24"><span class='ocrx_word' id='word_1_415' title='bbox 426 4502 519 4576; x_wconf 88' lang='lat' dir='ltr'><strong>Pater,</strong></span> <span class='ocrx_word' id='word_1_416' title='bbox 536 4514 733 4579; x_wconf 86' lang='lat' dir='ltr'><strong>cognoscetur</strong></span> <span class='ocrx_word' id='word_1_417' title='bbox 756 4521 865 4562; x_wconf 90' lang='lat' dir='ltr'><strong>nomen</strong></span> <span class='ocrx_word' id='word_1_418' title='bbox 881 4519 976 4577; x_wconf 89' lang='lat' dir='ltr'><strong>tunm,</strong></span> <span class='ocrx_word' id='word_1_419' title='bbox 992 4505 1075 4580; x_wconf 89' lang='lat' dir='ltr'><strong>quod</strong></span> <span class='ocrx_word' id='word_1_420' title='bbox 1127 4517 1146 4565; x_wconf 88' lang='lat' dir='ltr'><strong>t.</strong></span> <span class='ocrx_word' id='word_1_421' title='bbox 1165 4505 1224 4577; x_wconf 91' lang='lat' dir='ltr'>III,</span> <span class='ocrx_word' id='word_1_422' title='bbox 1242 4525 1267 4580; x_wconf 87' lang='lat' dir='ltr'><strong>p.</strong></span> <span class='ocrx_word' id='word_1_423' title='bbox 1289 4527 1344 4582; x_wconf 89' lang='lat'><strong>103</strong></span> <span class='ocrx_word' id='word_1_424' title='bbox 1359 4526 1401 4583; x_wconf 88' lang='lat' dir='ltr'><strong>sq.</strong></span> 
     </span>
     <span class='ocr_line' id='line_1_41' title="bbox 424 4583 1655 4670; baseline 0.007 -29"><span class='ocrx_word' id='word_1_425' title='bbox 424 4593 493 4644; x_wconf 88' lang='lat' dir='ltr'><strong>ante</strong></span> <span class='ocrx_word' id='word_1_426' title='bbox 507 4587 658 4644; x_wconf 88' lang='lat' dir='ltr'><strong>occuitum</strong></span> <span class='ocrx_word' id='word_1_427' title='bbox 679 4586 733 4643; x_wconf 86' lang='lat' dir='ltr'><strong>iuit</strong></span> <span class='ocrx_word' id='word_1_428' title='bbox 755 4583 934 4659; x_wconf 88' lang='lat' dir='ltr'><strong>hominibus,</strong></span> <span class='ocrx_word' id='word_1_429' title='bbox 951 4587 990 4646; x_wconf 89' lang='lat' dir='ltr'><strong>de</strong></span> <span class='ocrx_word' id='word_1_430' title='bbox 1014 4604 1075 4662; x_wconf 91' lang='lat' dir='ltr'><strong>quo</strong></span> <span class='ocrx_word' id='word_1_431' title='bbox 1171 4605 1215 4660; x_wconf 84' lang='lat'><strong>19.</strong></span> <span class='ocrx_word' id='word_1_432' title='bbox 1231 4587 1356 4647; x_wconf 78' lang='lat' dir='ltr'><strong>bominis</strong></span> <span class='ocrx_word' id='word_1_433' title='bbox 1369 4585 1422 4670; x_wconf 87' lang='lat' dir='ltr'><strong>est]</strong></span> <span class='ocrx_word' id='word_1_434' title='bbox 1439 4589 1482 4648; x_wconf 94' lang='lat' dir='ltr'><strong>Io.</strong></span> <span class='ocrx_word' id='word_1_435' title='bbox 1501 4607 1527 4666; x_wconf 88' lang='lat'><strong>5,</strong></span> <span class='ocrx_word' id='word_1_436' title='bbox 1547 4610 1592 4650; x_wconf 86' lang='lat'><strong>22.</strong></span> <span class='ocrx_word' id='word_1_437' title='bbox 1611 4609 1655 4666; x_wconf 86' lang='lat'><strong>27·</strong></span> 
     </span>
     <span class='ocr_line' id='line_1_42' title="bbox 424 4663 1779 4756; baseline 0.007 -31"><span class='ocrx_word' id='word_1_438' title='bbox 424 4663 497 4726; x_wconf 88' lang='lat' dir='ltr'><strong>dicit</strong></span> <span class='ocrx_word' id='word_1_439' title='bbox 533 4667 682 4727; x_wconf 88' lang='lat' dir='ltr'><strong>Dominus</strong></span> <span class='ocrx_word' id='word_1_440' title='bbox 711 4665 741 4725; x_wconf 93' lang='lat' dir='ltr'><strong>in</strong></span> <span class='ocrx_word' id='word_1_441' title='bbox 774 4667 946 4745; x_wconf 86' lang='lat' dir='ltr'><strong>evangelio:</strong></span> <span class='ocrx_word' id='word_1_442' title='bbox 974 4669 1074 4743; x_wconf 85' lang='lat' dir='ltr'><strong>Pater,</strong></span> <span class='ocrx_word' id='word_1_443' title='bbox 1166 4669 1274 4728; x_wconf 76' lang='lat' dir='ltr'><strong>leedan</strong></span> <span class='ocrx_word' id='word_1_444' title='bbox 1303 4690 1405 4730; x_wconf 84' lang='lat' dir='ltr'><strong>causas</strong></span> <span class='ocrx_word' id='word_1_445' title='bbox 1430 4691 1520 4750; x_wconf 83' lang='lat' dir='ltr'><strong>qnare</strong></span> <span class='ocrx_word' id='word_1_446' title='bbox 1545 4670 1661 4756; x_wconf 77' lang='lat' dir='ltr'><strong>accepit]</strong></span> <span class='ocrx_word' id='word_1_447' title='bbox 1695 4671 1779 4736; x_wconf 85' lang='lat' dir='ltr'><strong>Hier.</strong></span> 
     </span>
    </p>
   </div>
   <div class='ocr_carea' id='block_1_8' title="bbox 0 0 2084 5492">
    <p class='ocr_par' dir='ltr' id='par_1_11' title="bbox 0 0 2084 5492">
     <span class='ocr_line' id='line_1_43' title="bbox 0 0 2084 5492; baseline 0 4"><span class='ocrx_word' id='word_1_448' title='bbox 0 0 2084 5492; x_wconf 95' lang='lat' dir='ltr'><strong> </strong></span> 
     </span>
    </p>
   </div>
  </div>
 </body>
</html>
