4060 5498
495 427 549 530 76
875 437 901 495 S.
935 437 1189 494 HIERONYMI
1222 440 1486 498 PRESBYTERI

495 640 617 717 Deum,
633 639 691 702 sed
709 638 787 720 quia
805 639 939 701 Patrem
958 637 1062 702 nescit
1078 647 1112 702 et
1129 637 1251 701 Filium
1268 647 1302 702 et
1320 637 1483 721 Spiritum
1501 649 1845 722 sanctum‚propterea

425 775 430 786 ·
495 744 691 826 mysterium
710 763 776 806 non
795 750 886 805 tenet
903 740 1090 804 Trinitatis.
1116 742 1209 823 Ergo
1236 741 1263 804 si
1291 742 1337 804 sic
1365 741 1508 805 dicimus
1538 763 1641 806 unum
1670 745 1789 818 Deum,
1812 753 1846 804 ut

497 850 628 911 Patrem
645 855 679 908 et
696 845 817 908 Filium
835 854 868 906 et
886 843 1048 925 Spiritum
1067 852 1220 907 sanctum
1233 844 1659 928 excludamusamysterio
1668 846 1848 920 Trinitatis,

498 951 615 1014 Iudaei
639 949 808 1014 efficimur.
837 949 913 1029 Ego
938 947 1039 1010 libere
1065 948 1152 1025 dico,
1178 969 1243 1011 non
1270 967 1313 1011 ex
1343 969 1406 1025 me,
1431 951 1489 1012 sed
1512 969 1557 1013 ex
1579 950 1748 1013 sententia
1779 949 1847 1013 Sal·

496 1056 630 1133 vatoris,
653 1053 850 1117 scandalum
877 1052 967 1134 quod
996 1053 1029 1114 in
1057 1052 1171 1114 animo
1197 1053 1345 1116 nascitur
1368 1053 1550 1119 auditoris:
1574 1052 1757 1135 Quomodo
1786 1063 1876 1122 tress

498 1180 599 1223 unum
632 1159 724 1222 sint?
756 1156 938 1236 Quomodo
970 1157 1070 1218 Pater
1098 1165 1130 1218 et
1159 1156 1263 1220 Filius
1290 1168 1323 1221 et
1351 1157 1498 1238 Spiritus
1522 1166 1658 1221 sanctus
1682 1177 1748 1220 non
1772 1156 1849 1219 divi-

497 1265 621 1328 dantur
637 1263 670 1325 in
688 1261 892 1324 divinitate?
910 1259 1204 1342 Quandocumque
1221 1281 1383 1341 personas
1399 1261 1545 1343 appello,
1561 1280 1644 1342 rogo
1661 1281 1729 1337 uos,
1745 1279 1786 1322 ne
1802 1279 1850 1320 me

498 1367 622 1450 putetis
645 1382 804 1447 personas
828 1365 1002 1426 hominum
1028 1362 1160 1427 dicere:
1184 1385 1248 1444 ego
1276 1385 1438 1446 personas
1465 1366 1497 1428 in
1525 1367 1623 1429 Patre
1650 1375 1682 1426 et
1709 1364 1796 1428 Filio
1821 1373 1851 1425 et

498 1469 626 1549 Spiritu
644 1477 761 1530 sancto
779 1486 844 1530 non
863 1468 940 1531 dico
955 1468 1050 1549 quasi
1068 1488 1228 1548 personas
1244 1469 1429 1544 hominum,
1446 1470 1502 1532 sed
1521 1468 1618 1532 iuxta
1635 1469 1851 1549 proprietates

498 1575 661 1637 idioticas.
681 1572 787 1634 Patris
817 1591 993 1648 personam
1023 1572 1108 1648 dico,
1124 1573 1202 1654 quia
1220 1575 1319 1636 Pater
1337 1583 1396 1649 est,
1411 1582 1444 1637 et
1462 1573 1549 1648 Filii,
1565 1573 1643 1654 quia
1668 1573 1695 1634 F
1698 1573 1774 1634 ilius
1796 1580 1852 1644 est,
1868 1591 1893 1624 ι)

498 1689 531 1741 et
550 1677 694 1758 Spiritus
711 1676 827 1752 sancti,
843 1676 921 1756 quia
940 1675 1084 1757 Spiritus
1102 1687 1238 1739 sanctus
1262 1686 1321 1741 est.
1352 1676 1428 1740 Non
1457 1685 1506 1740 est
1534 1677 1632 1739 Pater
1660 1675 1776 1752 Filius,
1797 1693 1851 1736 nec

501 1781 606 1844 Filius
636 1781 743 1856 Pater,
761 1798 821 1842 nec
846 1779 990 1860 Spiritus
1013 1791 1150 1844 sanctus
1178 1782 1277 1844 Pater
1305 1791 1362 1844 aut
1391 1781 1517 1844 Filius:
1545 1779 1742 1843 dividuntur
1769 1778 1851 1841 enim

500 1885 769 1966 proprietatibus,
803 1886 862 1947 sed
898 1894 1018 1947 natura
1052 1885 1230 1948 sociantur.
1264 1884 1397 1962 Videte,
1432 1885 1496 1948 hoc
1523 1885 1633 1966 ipsum
1661 1882 1851 1946 scandalum

502 1990 676 2071 Philippus
701 1990 872 2070 quondam
902 1989 1076 2072 apostolus
1101 1991 1298 2065 sustinebat,
1326 1990 1462 2070 qnando
1490 1988 1577 2052 dixit
1603 1986 1645 2050 ad
1672 1985 1850 2050 Dominum

501 2100 508 2127 ‘
524 2095 676 2170 Domine,
694 2097 835 2156 ostende
853 2095 948 2156 nobis
967 2095 1112 2170 Patrem,
1129 2105 1161 2157 et
1176 2093 1295 2156 sufficit
1313 2093 1410 2156 uobis
1422 2093 1439 2158 '.
1468 2091 1528 2157 Cui
1557 2092 1766 2173 respondens
1790 2090 1852 2152 Do·
1870 2115 1893 2164 15

502 2201 612 2262 minus
629 2199 697 2261 ait:
721 2197 902 2280 ‘Ptrtlippe
920 2207 1016 2259 tanto
1033 2209 1184 2280 tempore
1201 2197 1373 2260 vobiscum
1393 2205 1519 2272 sum,et
1542 2195 1677 2277 ignoras
1698 2195 1852 2256 Patrem?

503 2302 570 2384 Qui
588 2302 678 2365 videt
696 2323 758 2379 mc,
776 2303 867 2364 videt
884 2309 917 2364 et
937 2303 1067 2365 Patrem
1083 2301 1098 2364 ¹.
1128 2300 1227 2383 Quod
1256 2303 1326 2382 ipse
1356 2301 1453 2362 Pater
1480 2310 1539 2374 cst,
1564 2302 1635 2380 ipse
1660 2297 1774 2374 Filius,
1797 2299 1853 2360 lroc

504 2406 644 2487 impium
663 2415 712 2468 est
729 2407 846 2470 dicere.
866 2405 903 2466 ln
922 2407 1068 2486 eoquod
1088 2405 1210 2467 Filium
1229 2404 1330 2476 vides,
1348 2403 1507 2484 intellege
1518 2403 1672 2466 Patrem:
1690 2403 1851 2466 nonenim

503 2517 615 2590 potest
632 2507 792 2590 appellari
811 2509 925 2584 Filius,
945 2511 1006 2571 nisi
1026 2511 1158 2572 l'atrcm
1177 2507 1338 2572 babuerit.
1362 2507 1512 2594 Quando
1528 2509 1650 2570 dicitur
1668 2508 1776 2584 Pater,
1791 2525 1852 2568 non

503 2613 624 2676 dicitur
642 2613 703 2674 nisi
721 2612 872 2676 habuerit
892 2614 1023 2677 Filium.
1870 2635 1894 2670 :a

549 2717 656 2779 Multa
672 2726 750 2780 sunt
767 2737 852 2798 quae
869 2719 1046 2781 dicantur:
1071 2720 1128 2780 sed
1154 2716 1296 2780 sufficiat
1325 2715 1479 2779 fidelibus
1500 2736 1607 2798 pauca
1633 2717 1676 2779 de
1702 2715 1854 2798 mysterio

503 2823 680 2884 Trinitatis
696 2824 838 2886 audisse.
857 2823 956 2904 Rogo
973 2845 1042 2900 vos,
1069 2824 1101 2884 in
1129 2822 1333 2885 monasterio
1360 2821 1466 2902 magis
1493 2830 1662 2884 certamen
1692 2823 1853 2884 internos

503 2927 556 3002 sit,
572 2927 744 3007 quomodo
767 2926 992 2990 adversarium
1010 2927 1218 3007 triumphare
1234 2945 1446 3008 quaeramus,
1474 2926 1645 3007 quomodo
1669 2925 1854 2997 ieiunemus,

504 3029 675 3111 quomodo
692 3040 830 3110 peccata
848 3039 961 3092 nostra
980 3031 1191 3111 plangamus,
1208 3029 1379 3110 quomodo
1395 3029 1556 3108 cogitatio
1573 3039 1687 3091 nostra
1713 3048 1776 3091 uon
1798 3046 1853 3089 nos

504 3131 656 3212 captivos
674 3133 705 3195 in
726 3133 898 3196 libidinem
916 3135 1038 3211 trabat,
1054 3134 1226 3214 quomodo
1250 3133 1447 3212 patientiam
1474 3141 1589 3195 contra
1616 3151 1752 3194 omnem
1777 3131 1853 3193 iniu-
1871 3155 1895 3204 ²5

506 3235 586 3297 riam
606 3236 799 3314 habeamus,
820 3239 991 3319 quomodo
1019 3237 1109 3300 fratri
1139 3236 1291 3299 iniuriam
1320 3236 1454 3298 facienti
1481 3255 1545 3299 oon
1575 3237 1776 3308 resistamus,
1802 3233 1854 3294 sed

505 3338 679 3401 vincamus
695 3359 771 3402 eum
790 3343 822 3402 in
840 3341 1039 3418 humilitate,
1055 3361 1155 3423 quam
1175 3362 1194 3403 a
1212 3341 1346 3404 Christo
1362 3340 1541 3402 didicimus
1566 3339 1641 3420 ‘qui
1667 3358 1743 3400 cum
1770 3347 1854 3418 pate·

506 3453 595 3506 retur
618 3463 683 3507 nou
709 3445 1003 3509 comminabatur'.
1031 3444 1065 3508 Si
1094 3445 1230 3526 quando
1256 3445 1384 3507 venerit
1410 3443 1581 3524 cogitatio,
1606 3443 1857 3525 etapposuerit,

507 3546 597 3628 Quid
614 3555 664 3610 est
683 3547 799 3610 Deus?
816 3555 848 3609 et
865 3569 951 3628 quae
969 3559 1018 3611 est
1036 3549 1121 3610 ratio
1137 3549 1339 3610 Trinitatis?
1365 3549 1461 3610 nobis
1478 3547 1620 3611 sufficiat
1636 3549 1770 3610 credere
1784 3547 1857 3627 quia

507 3657 565 3710 est.
585 3649 628 3710 Et
645 3670 710 3710 non
730 3662 856 3712 temere
874 3653 1038 3712 rationem
1066 3671 1233 3731 quaerere,
1261 3650 1318 3711 sed
1349 3651 1476 3724 timere,
1502 3660 1536 3712 et
1560 3671 1653 3714 orare
1679 3653 1855 3714 Dominum
1872 3675 1897 3724 30

507 3773 638 3834 semper
655 3753 816 3815 debemus
830 3777 836 3830 ;
855 3763 886 3816 ct
900 3755 928 3816 ei
941 3755 1047 3817 solam
1060 3755 1234 3818 scientiam
1251 3766 1399 3816 nostram
1414 3753 1444 3815 in
1456 3753 1517 3815 hac
1531 3763 1624 3834 parte
1635 3757 1857 3832 exhibeamus,

507 3867 543 3920 ut
559 3858 677 3919 diebus
694 3877 732 3920 ac
750 3858 903 3921 noctibus
921 3859 950 3920 ei
968 3859 1083 3920 laudes
1100 3879 1268 3922 canamus.
1298 3858 1358 3922 Cui
1387 3859 1429 3921 sit
1457 3858 1563 3939 gloria
1580 3870 1612 3921 et
1631 3861 1804 3941 imperium
1827 3860 1854 3918 in

508 3961 641 4025 saecula
658 3963 875 4026 seeculorum.
894 3964 1016 4028 Amen.

540 4097 556 4143 4
566 4081 629 4148 Ego]
639 4099 669 4141 a;
679 4083 704 4131 E
706 4099 748 4146 rgo
757 4100 797 4146 ego
808 4085 836 4132 L.
891 4097 905 4146 5
914 4085 1072 4145 standarum]
1082 4100 1097 4132 a
1107 4085 1166 4132 nrld.
1178 4101 1235 4134 esse.
1299 4085 1327 4131 r'n
1337 4081 1433 4141 ultimo]
1443 4099 1458 4132 rt
1470 4085 1514 4143 3in
1524 4083 1641 4131 oriirmrni
1652 4083 1681 4131 1„
1735 4083 1799 4145 9sed
1805 4084 1821 4131 ι’.
1831 4089 1854 4144 p.

508 4163 631 4226 idielr'rasl
640 4165 662 4212 L
670 4183 676 4221 ;
684 4181 734 4214 om.
747 4182 770 4214 a.
844 4181 871 4227 14
879 4168 922 4229 acl]
933 4167 1031 4216 orinser.
1045 4169 1135 4230 epiterii.
1209 4177 1236 4230 15
1246 4174 1294 4216 ets.
1306 4167 1385 4228 nolis]
1394 4183 1444 4216 om.
1455 4181 1479 4216 α,
1558 4175 1585 4225 17
1598 4165 1680 4226 Quod]
1691 4165 1725 4224 L;
1738 4165 1805 4227 Quiri
1812 4165 1823 4212 i
1834 4179 1854 4212 rc

512 4249 539 4298 18
551 4249 641 4310 dicere]
650 4266 666 4298 a
678 4248 752 4300 inser.
768 4252 811 4299 sed
819 4250 861 4298 hoc
873 4251 942 4300 dicte.
1012 4263 1042 4298 22
1056 4252 1084 4298 r'n
1096 4249 1255 4310 rrronasterio]
1267 4265 1316 4299 om.
1327 4265 1351 4298 α.
1421 4247 1452 4297 28
1460 4248 1612 4312 appareurit]
1623 4247 1644 4296 L
1655 4265 1662 4308 3
1668 4248 1823 4312 proposuerit
1832 4263 1853 4298 rr.

555 4370 563 4406 r
571 4366 594 4424 5.
621 4347 713 4428 nobis]
738 4351 779 4408 lo.
803 4369 846 4420 14,
872 4352 896 4407 8.
1215 4349 1254 4406 de
1270 4350 1316 4406 Ps.
1334 4363 1419 4406 xcii:
1444 4348 1562 4405 ‘Multa
1586 4358 1656 4404 sunt
1671 4365 1750 4422 quae
1765 4349 1858 4406 dican-

553 4449 595 4503 17,
619 4439 646 4488 et
663 4428 796 4510 Patrem]
821 4430 898 4488 Ibid.
917 4451 943 4504 9.
1215 4443 1269 4498 tur,
1287 4431 1376 4487 sed...
1395 4447 1493 4500 pauca
1517 4428 1555 4486 de
1578 4428 1718 4488 laudibus
1741 4429 1856 4488 Domini

551 4533 596 4568 21.
621 4513 724 4570 anilia
749 4520 817 4571 smil
842 4532 915 4586 quoe
939 4513 1083 4584 dr'canlrer,
1114 4512 1164 4568 sed
1213 4510 1324 4570 dixisse
1339 4509 1466 4569 sufficiat
1478 4511 1493 4570 ¹.

508 4593 658 4666 siffrr'atfi
667 4591 841 4672 peruenere]
853 4596 937 4651 ldem
956 4593 1159 4668 Hieronymus
1256 4595 1298 4650 28.
1323 4588 1565 4670 coiirirrr'imbalur]
1586 4612 1595 4647 r
1617 4593 1692 4650 Petr.
1712 4613 1737 4664 2,
1756 4613 1799 4670 23·

509 4694 577 4734 cum
601 4677 670 4734 alibi
696 4691 757 4733 tum
781 4676 863 4746 inim,
882 4676 910 4732 io
928 4676 985 4734 tine
1001 4677 1159 4733 'l‘rartatus
