4092 5502
464 401 545 485 262
840 421 868 479 s
894 419 1146 480 maeonium
1169 419 1432 480 Pansnvrnm

464 661 529 706 non
546 641 643 718 dixit,
659 640 692 702 in
709 639 855 702 divitiis:
872 655 938 701 11611
966 637 1063 714 dixit,
1080 638 1111 700 in
1136 638 1287 702 doctrina
1304 659 1310 715 ;
1326 637 1394 713 sed,
1410 637 1443 699 in
1473 634 1663 699 humilitate
1688 651 1815 698 memor

463 744 525 809 luit
541 743 655 808 nostri.
673 742 777 805 Licet*
792 741 880 804 enim
898 751 931 806 et
947 740 1032 804 istae
1048 741 1186 806 virtutes
1202 728 1269 805 stn't
1283 763 1290 818 ;
1306 742 1364 806 sed
1381 750 1495 806 tamen
1521 738 1586 802 nisi
1612 737 1732 820 aliquis
1758 734 1816 798 ha·

464 847 572 912 buerit
601 845 835 920 humilitatem,
859 865 925 908 non
954 845 1108 927 recipitur
1133 867 1152 908 a
1170 846 1253 912 Deo.
1269 852 1277 878 ⁴
1293 845 1453 928 Superbis
1469 843 1558 908 enim
1576 841 1699 906 resistit
1716 841 1818 915 Deus,

464 951 645 1036 humilibus
662 961 773 1014 autem
790 950 850 1014 dat
863 949 1005 1032 gratiam
1023 948 1040 1013 ¹.

508 1056 555 1118 Et
569 1054 704 1118 redemit
719 1075 777 1117 eros
790 1051 830 1117 ab
846 1049 990 1116 inime'cis
1005 1063 1132 1118 nostras.
1144 1054 1221 1117 Non
1239 1052 1336 1131 dixit,
1348 1051 1508 1128 liberavit,
1520 1051 1578 1116 sed
1591 1048 1818 1126 redemithoe
1855 1069 1870 1122 5

463 1169 523 1237 est,
538 1177 599 1223 suo
615 1159 778 1240 sanguine

511 1260 579 1341 Qui
605 1262 664 1325 dat
692 1282 795 1325 escam
821 1261 913 1324 omni
933 1263 1036 1324 carni.
1061 1262 1243 1327 Considera
1275 1261 1357 1326 mihi
1388 1260 1615 1342 elephantum,
1643 1257 1820 1332 camelum,

465 1367 595 1442 bovem,
619 1386 763 1443 cervum,
782 1378 815 1429 et
842 1367 924 1430 haec
951 1387 1073 1449 magna
1099 1367 1337 1450 quadrupedia,
1360 1365 1532 1448 quomodo
1556 1362 1823 1446 unumquodque

465 1470 567 1536 habet
583 1471 615 1532 in
644 1469 727 1533 lacie
748 1470 872 1548 oculos,
889 1491 993 1549 nares,
1008 1491 1055 1548 os,
1071 1472 1182 1554 pedes.
1199 1470 1383 1536 Considera
1397 1479 1509 1534 autem
1537 1477 1572 1532 et
1599 1467 1736 1542 minuta,
1755 1467 1820 1531 hoc

466 1583 515 1638 est
532 1593 691 1650 muscam,
707 1572 890 1652 formicam,
906 1575 1049 1657 pulicem
1066 1585 1101 1640 et
1116 1587 1234 1653 cetera,
1250 1587 1283 1640 et
1300 1577 1332 1640 in
1350 1575 1421 1640 istis
1439 1573 1575 1638 minutis
1597 1571 1771 1636 considera
1785 1579 1822 1634 et
1843 1592 1873 1629 ro

465 1677 590 1756 oculos,
604 1687 637 1742 et
656 1697 761 1754 nares,
778 1687 810 1741 et
826 1697 874 1756 os,
889 1688 924 1742 et
940 1679 1053 1762 pedes,
1066 1690 1099 1744 et
1116 1681 1229 1746 omnia
1246 1679 1398 1743 similiter
1409 1676 1582 1761 quomodo
1589 1685 1625 1740 et
1639 1675 1672 1738 in
1685 1673 1821 1750 maiora,

467 1791 499 1845 et
514 1779 664 1864 glorifice
681 1780 866 1846 Dominum
882 1804 890 1846 ε
906 1790 939 1844 et
955 1782 1112 1846 omnibus
1128 1782 1179 1846 his
1196 1801 1306 1846 escam
1323 1789 1480 1864 praestat.
1497 1777 1614 1854 Aliter,
1629 1776 1716 1841 sicut
1743 1775 1819 1840 scri·

467 1891 562 1965 ptum
579 1892 630 1948 est
644 1887 673 1948 :⁸
691 1883 735 1948 Et
752 1883 868 1948 tollam
896 1884 962 1948 illis
977 1906 1035 1950 cor
1051 1886 1230 1968 lapideum,
1245 1895 1279 1950 et
1295 1886 1384 1949 dabo
1408 1884 1472 1948 illis
1488 1870 1545 1947 cor
1560 1903 1717 1947 carneum
1734 1882 1740 1907 '
1756 1881 1822 1945 hoc

467 1995 518 2050 est
534 1984 644 2064 molle,
659 2006 726 2070 quo
741 1987 871 2071 possint
899 1986 1007 2071 legem
1033 1990 1098 2053 Dei
1123 1992 1299 2074 suscipere.
1315 1988 1351 2054 Si
1368 2009 1435 2052 non
1460 1988 1549 2052 enim
1573 1986 1647 2070 quis
1662 1985 1821 2050 duritiam

467 2109 562 2154 suam
578 2101 760 2169 convertat,
775 2101 809 2157 et
825 2090 882 2158 liat
899 2092 1017 2170 mollis,
1033 2115 1099 2158 non
1119 2101 1228 2176 potest
1253 2113 1363 2158 escam
1391 2094 1549 2176 accipere,
1564 2101 1599 2157 et
1615 2111 1737 2173 panem
1763 2091 1822 2174 qui
1844 2113 1872 2166 ις

468 2193 510 2258 de
525 2194 619 2259 caelo
634 2195 817 2272 descendit,
833 2204 869 2258 ut
886 2197 992 2278 possit
1016 2197 1126 2260 dicere
1143 2201 1171 2261 :‘
1190 2198 1313 2262 Panem
1341 2205 1491 2260 nostrum
1518 2193 1823 2276 supersubstantia·

468 2296 533 2360 lem
559 2298 726 2362 danobis
751 2298 851 2363 hodie
868 2299 875 2325 ’
891 2301 955 2364 hoc
983 2309 1044 2377 est,
1068 2301 1124 2383 qui
1152 2311 1202 2366 est
1226 2302 1269 2364 de
1294 2311 1354 2365 tua
1378 2298 1574 2363 substantia.
1599 2298 1639 2361 ln
1666 2295 1824 2362 hebraico

468 2400 643 2484 evangelio
658 2403 841 2467 secundum
859 2403 1071 2468 Matthaeum
1100 2406 1146 2469 ita
1162 2405 1284 2470 habet:
1299 2410 1306 2436 ‘
1326 2403 1456 2468 Panem
1468 2413 1618 2466 nostrum
1639 2400 1823 2464 crastinum

467 2503 512 2568 da
528 2503 625 2568 nobis
640 2504 740 2568 hodie
756 2504 762 2530 ¹
778 2505 841 2569 hoc
858 2515 917 2585 est,
934 2527 1054 2589 panem
1080 2526 1180 2589 quem
1207 2507 1345 2572 daturus
1361 2528 1396 2570 es
1414 2507 1509 2571 nobis
1526 2508 1558 2570 in
1576 2525 1679 2588 regno
1695 2514 1763 2580 tuo,
1777 2503 1824 2568 da

469 2607 566 2673 nobis
581 2607 689 2676 hodie.
1844 2635 1876 2672 ao

860 2791 934 2863 ns
970 2751 1192 2865 Psalmo
1222 2789 1444 2866 cxxxvi.

511 3057 614 3134 Super
619 3051 766 3136 flumina
790 3051 965 3133 Babylonis
991 3051 1059 3116 illic
1081 3052 1224 3116 sedimus
1249 3062 1281 3116 et
1297 3050 1468 3136 flevimus,
1481 3070 1555 3112 cum
1582 3047 1830 3112 recordaremur

471 3157 557 3221 Sion.
574 3155 610 3220 Si
627 3177 693 3219 non
722 3155 840 3238 aliquis
866 3167 1027 3239 aegrotat,
1043 3157 1147 3220 nescit
1175 3167 1338 3239 quantum
1367 3154 1455 3218 valet
1480 3153 1615 3217 sanitas.
1633 3151 1678 3216 Et
1702 3152 1825 3215 iterum

467 3260 606 3324 claudus
622 3261 727 3323 nescit
742 3268 905 3342 quantum
934 3261 1021 3323 valet
1037 3261 1093 3342 qui
1111 3279 1211 3322 sanus
1238 3270 1287 3322 est
1316 3258 1464 3342 pedibus.
1482 3255 1642 3322 Similiter
1657 3265 1691 3320 et
1706 3273 1827 3317 caecus

499 3449 681 3510 quaelemJom.
694 3450 720 3500 S.
798 3449 879 3510 6sue]
890 3449 918 3497 de
929 3465 973 3498 suo
986 3450 1013 3498 B.
1084 3449 1244 3510 7Cmrsr'dern
1258 3447 1582 3510 mihilcousideramim'B.
1656 3441 1827 3507 elephantum]

467 3531 651 3596 elephantemC
663 3549 670 3590 ;
688 3531 822 3595 elefantum
837 3531 864 3580 B.
965 3544 1033 3593 905,
1048 3529 1166 3596 perieslos
1178 3532 1247 3579 habel
1264 3537 1288 3580 el
1301 3531 1373 3594 pedes
1384 3536 1407 3577 et
1418 3529 1522 3576 caudam
1536 3527 1564 3576 B.
1668 3524 1827 3589 topnlr'cem]

465 3613 586 3678 publicem
601 3615 628 3662 B.
706 3625 731 3662 11
745 3615 808 3662 elin
822 3614 929 3675 reraiora]
944 3612 1098 3674 BC;Som.
1111 3614 1184 3662 erin.
1261 3617 1324 3659 tae!
1334 3609 1458 3671 sirenibus]
1472 3609 1513 3659 BC
1525 3608 1592 3672 ;qur'
1601 3623 1621 3655 o.
1637 3607 1662 3656 S.
1731 3606 1827 3669 Aliter]

466 3695 553 3744 taliter·
562 3696 591 3744 B.
695 3707 723 3756 tq
736 3696 806 3743 nrolle
817 3711 864 3759 quo
871 3692 977 3759 possint]
989 3695 1009 3744 C
1022 3696 1121 3755 (mutat.
1135 3691 1160 3742 in
1173 3693 1220 3757 qui
1226 3692 1313 3756 pessit)
1328 3707 1377 3752 ;m.
1396 3707 1443 3756 que
1451 3697 1556 3754 possunt
1566 3689 1602 3747 B;
1616 3688 1696 3737 reollis
1704 3689 1785 3751 peip.
1796 3688 1823 3736 S

471 3787 498 3839 17
510 3773 630 3835 hebraico]
637 3785 725 3840 praeco
738 3777 853 3841 B3greco
865 3779 896 3826 h.
997 3775 1024 3824 18
1036 3772 1171 3838 euangelio]
1182 3775 1308 3836 evaugelii
1321 3775 1347 3822 B.
1440 3767 1591 3829 crastinum]
1602 3769 1755 3818 cornilanam
1769 3769 1824 3818 ΑΒ.

471 3871 500 3922 19
510 3856 779 3917 clarummontem
791 3859 821 3909 C.
923 3871 955 3906 20
966 3859 1046 3920 hodie]
1059 3859 1076 3907 S
1089 3859 1147 3906 adel.
1161 3856 1330 3921 doxologiam.
1433 3860 1521 3904 211>ss
1538 3859 1667 3900 PSALMO
1686 3855 1827 3916 CXXXVI]

470 3945 541 3993 Brev.
556 3943 604 3992 col.
622 3955 683 4006 1304
697 3958 753 4008 sqq.
856 3953 886 4004 23
898 3938 1100 4000 moderareris.

509 4131 536 4182 4.
549 4105 694 4189 gretiam]
707 4110 765 4167 lac.
784 4127 811 4180 4,
833 4127 875 4165 10.
1173 4105 1344 4164 Conrnrent.
1362 4101 1391 4161 in
1409 4103 1515 4161 Matth.
1534 4105 1561 4174 6,
1582 4121 1612 4160 11
1630 4101 1687 4160 ‘In
1702 4117 1827 4176 evange-

513 4210 556 4266 13.
567 4187 715 4270 carneum]
732 4190 838 4248 Erech.
859 4208 903 4259 rr,
924 4208 967 4263 ¹9·
1174 4182 1650 4261 lioquodappellatursecundum
1660 4181 1824 4253 Hebraeos,

514 4267 1119 4350 14.legemDer'suscr'pere]Hler.inEzech.
1174 4286 1227 4342 pro
1277 4264 1551 4342 supersubslenlieli
1598 4281 1674 4339 pane
1731 4262 1825 4339 reperi

473 4374 517 4428 11,
538 4373 570 4428 17
588 4373 651 4430 sqq.
670 4357 677 4384 ‘
695 4357 732 4412 'nt
746 4353 836 4424 dabo,
850 4351 954 4428 lnquit,
972 4348 1056 4408 vobis
1070 4366 1121 4406 cor
1174 4364 1298 4419 usura,
1314 4348 1397 4421 quod
1421 4345 1528 4405 dicitur
1548 4345 1708 4404 craslr'mem
1718 4365 1726 4416 ;
1742 4355 1774 4403 ut
1787 4341 1825 4402 sit

467 4453 618 4506 carneum,
644 4429 744 4506 molle,
765 4445 795 4492 et
810 4445 955 4504 tenerum,
982 4443 1011 4490 et
1036 4430 1119 4506 quod
1171 4447 1293 4488 sensus:
1320 4430 1431 4488 Panem
1458 4439 1592 4486 nostrum
1610 4424 1780 4496 crastinum,
1804 4425 1823 4481 i.

467 4519 560 4594 possit
575 4517 630 4576 Dei
647 4516 788 4576 mandata
802 4513 951 4590 suscipere
962 4515 979 4572 ².
1172 4529 1196 4570 e.
1214 4509 1344 4568 luturum
1360 4511 1398 4569 da
1414 4507 1500 4568 nobis
1516 4506 1631 4568 hodle’.

513 4617 556 4674 17.
572 4595 666 4678 hodie]
683 4597 790 4656 Matth.
807 4598 834 4666 6,
856 4614 897 4652 11.
1216 4611 1260 4667 ²3·
1276 4583 1823 4668 quernlumualelsanilas]Hieron.ep.

570 4679 751 4738 Inlrebraico
771 4673 926 4758 erengelm]
951 4687 1006 4736 etc.
1037 4672 1118 4732 Hier.
1174 4675 1220 4731 66.
1238 4692 1265 4731 n.
1286 4691 1298 4730 1
1318 4672 1425 4747 ‘Quid
1439 4671 1510 4732 boni
1525 4669 1633 4730 haben
1644 4668 1754 4729 sanitas
1765 4669 1825 4730 len·
