4158 5492
434 435 487 524 42
811 437 839 498 S.
864 431 1117 498 HIERONYMI
1141 431 1406 498 PRESBYTERI

436 669 596 732 mentum.
612 656 663 721 De
680 655 833 737 soritibus
848 652 985 732 Isralrel,
1001 672 1068 718 non
1087 652 1211 718 Iacob:
1235 653 1399 736 siquidem
1430 654 1533 719 Iacob
1558 653 1791 737 subplantator

437 755 683 850 interpretatur,
698 771 732 825 et
759 758 868 823 adhuc
886 759 920 822 in
946 757 1036 822 lucta
1052 767 1123 836 est;
1150 757 1274 822 Israhel
1290 769 1403 824 autem
1428 759 1594 842 perfectus
1609 769 1669 836 est,
1692 779 1790 824 sensu

438 873 555 938 videns
572 867 692 930 Deum.

383 1029 387 1039 .
482 973 537 1040 Ibi
550 969 726 1036 Beniamin
741 964 998 1050 adulescentulas
1020 965 1053 1029 irr
1075 965 1193 1029 mentis
1207 986 1339 1035 excessu.
1356 967 1520 1034 Sanctum
1534 969 1674 1033 Paulum
1691 969 1794 1034 dicit:
1820 1009 1822 1012 -

440 1085 496 1162 ibi,
515 1080 549 1144 in
565 1074 725 1140 ecclesia:
748 1069 1045 1149 adulescentulum,
1072 1051 1289 1136 novissimum
1313 1072 1464 1136 omniurn
1492 1071 1730 1159 apostolorum,
1752 1074 1795 1138 de
1831 1091 1844 1144 5

440 1186 528 1254 tribu
546 1177 731 1246 Beniamin.

485 1285 650 1366 Principes
676 1280 762 1346 luda
787 1281 881 1344 duces
904 1299 1023 1344 eorum.
1048 1279 1205 1361 Apostoli
1231 1289 1310 1343 sunt
1337 1281 1504 1364 principes
1532 1282 1625 1358 luda,
1652 1281 1716 1345 hoc
1746 1292 1796 1344 est

445 1390 592 1468 Domini,
618 1384 905 1469 quemadmodum
935 1381 1016 1446 dicit
1045 1382 1169 1446 lacob:
1195 1387 1202 1414 ‘
1231 1384 1324 1461 luda,
1350 1392 1384 1447 te
1411 1383 1547 1449 laudent
1573 1384 1690 1449 fratres
1715 1385 1763 1448 tui
1781 1385 1797 1450 '.

444 1493 611 1575 Principes
647 1486 807 1564 Zabulon,
832 1485 999 1568 principes
1023 1484 1202 1566 Neptalim.
1236 1485 1387 1551 Zabulon
1420 1489 1656 1572 interpretatur
1686 1488 1798 1552 fluxus

445 1601 561 1676 noctis,
578 1591 749 1678 Neptalim
768 1591 932 1654 latitudo:
947 1593 1083 1672 quando
1099 1589 1228 1656 liberati
1246 1590 1403 1654 fuerimus
1415 1593 1458 1656 de
1474 1594 1628 1676 passione
1642 1592 1799 1669 libidinis,
1819 1617 1849 1654 ro

444 1709 509 1772 hoc
520 1713 572 1768 est
588 1698 675 1763 illius
690 1695 812 1772 fluxus,
828 1703 906 1758 tunc
923 1692 1099 1774 incipimus
1117 1692 1311 1758 latitudines
1326 1696 1494 1760 virtutum.

491 1804 656 1889 confirma
671 1799 728 1863 hoc
737 1798 829 1862 Deus
843 1797 931 1882 quod
938 1809 1086 1880 operatus
1096 1820 1129 1862 es
1141 1799 1176 1861 in
1193 1801 1289 1864 nobis.
1306 1802 1381 1864 Hoc
1397 1803 1550 1881 salutare,
1562 1805 1651 1887 quod
1664 1805 1797 1868 donasti

446 1911 542 1977 nobis
558 1928 615 1991 per
633 1919 725 1968 tuam
749 1905 949 1984 passionem,
965 1902 1134 1980 confirma,
1148 1913 1183 1968 et
1199 1905 1242 1968 da
1266 1906 1429 1970 auxilium
1445 1929 1453 1986 ;
1469 1909 1627 1990 quoniam
1645 1908 1798 1972 homines

447 2034 570 2091 sumus,
585 2020 619 2074 et
644 2028 710 2073 non
739 2025 917 2090 possumus
933 2006 1085 2072 incedere
1102 2008 1134 2072 in
1163 2009 1348 2086 virtutibus,
1373 2012 1483 2075 sinon
1511 2012 1623 2095 adepti
1641 2013 1798 2076 fuerimus

447 2119 609 2186 auxilium
627 2124 732 2178 tuum.
753 2111 829 2176 Tibi
842 2111 995 2192 adferent
1004 2133 1092 2194 reges
1105 2133 1248 2178 munera.
1266 2113 1376 2196 Reges
1388 2116 1477 2191 dicit,
1493 2116 1549 2197 qui
1567 2125 1706 2198 regnant
1722 2116 1799 2180 sibi·
1821 2139 1849 2192 ¹5

451 2221 610 2305 metipsis,
626 2218 809 2282 secundum
837 2217 927 2299 quod
944 2217 1103 2298 scripturn
1131 2227 1204 2281 est:
1220 2221 1227 2248 ‘
1244 2216 1311 2281 Cor
1335 2219 1421 2301 regis
1438 2220 1471 2298 in
1489 2238 1589 2283 manu
1617 2220 1681 2284 Dei
1697 2221 1712 2284 '.
1732 2221 1799 2303 Ipsi

449 2326 601 2394 adferent
617 2325 693 2388 Deo
708 2339 854 2386 munera.
870 2319 1022 2384 Virtutes
1037 2330 1238 2397 sanctorum,
1254 2341 1391 2386 munera
1406 2331 1484 2385 sunt
1501 2321 1583 2386 Deo.

492 2421 953 2512 Increpaseraslranindinis,
979 2424 1043 2488 hoc
1059 2435 1110 2489 est
1135 2425 1317 2503 haereticis,
1341 2427 1398 2508 qui
1423 2434 1569 2490 tractant
1594 2438 1628 2491 et
1654 2427 1801 2494 scribunt

451 2543 568 2600 contra
583 2539 626 2608 te,
642 2539 679 2592 ut
705 2525 875 2610 decipiant
890 2532 982 2596 nos‘
1004 2526 1147 2610 Oportet
1173 2528 1262 2591 enim
1288 2539 1321 2592 et
1345 2529 1497 2592 haereses
1524 2550 1596 2594 esse
1612 2530 1645 2594 in
1673 2531 1770 2596 nobis
1786 2536 1801 2599 '.

453 2639 556 2704 Ferae
572 2635 660 2700 enim
677 2632 832 2697 dicuntur
858 2630 901 2694 ab
916 2649 957 2694 eo
983 2632 1073 2714 quod
1090 2633 1227 2714 capiunt
1251 2633 1379 2696 animas
1395 2646 1429 2698 et
1455 2634 1665 2700 interficiunt.
1689 2637 1803 2704 Potest
1823 2665 1855 2701 20

452 2756 565 2808 autem
583 2737 731 2820 intellegi
754 2737 837 2800 etin
861 2737 1031 2802 diabolum
1048 2737 1130 2801 etin
1148 2736 1286 2820 angelos
1309 2739 1388 2804 eius.
1406 2737 1620 2823 Congregetio
1635 2750 1806 2808 taurorum

453 2850 488 2913 in
515 2845 619 2910 vacci's
635 2842 838 2926 populorum.
861 2842 957 2925 Ipsos
980 2841 1164 2906 haereticus
1190 2840 1365 2924 significat,
1380 2845 1458 2926 quia
1484 2847 1650 2906 neminem
1668 2857 1809 2927 possunt

453 2952 615 3035 decipere,
631 2948 692 3010 nisi
710 2944 927 3028 simpliciores
942 2957 975 3010 et
992 2966 1121 3031 parvos,
1136 2946 1199 3010 hoc
1215 2955 1265 3009 est
1278 2967 1395 3010 vaccas
1413 2948 1556 3010 minores
1574 2972 1580 3012 :
1595 2959 1707 3012 tauros
1720 2952 1808 3015 enirn

455 3076 521 3122 non
549 3061 690 3137 possunt
716 3051 879 3132 decipere,
904 3051 968 3116 hoc
994 3059 1046 3116 est
1076 3070 1224 3134 magnos.
1262 3050 1308 3116 Ut
1335 3051 1509 3116 excludant
1530 3073 1580 3115 eos
1601 3051 1661 3134 qui
1679 3055 1814 3136 probati

455 3170 532 3225 sunt
562 3166 705 3239 argento.
736 3155 781 3218 Et
808 3164 983 3238 propterea
1013 3153 1231 3237 simpliciores
1256 3156 1435 3240 decipiunt,
1462 3155 1525 3219 hoc
1549 3167 1600 3221 est
1627 3159 1810 3223 multitudi-
1831 3186 1861 3238 25

458 3284 544 3344 nem,
560 3273 597 3326 ut
613 3261 749 3324 veniant
764 3278 867 3342 usque
884 3260 926 3322 ad
943 3268 1086 3336 sanctos,
1110 3269 1143 3321 et
1169 3259 1352 3323 excludant
1368 3281 1425 3324 eos
1441 3259 1484 3324 de
1512 3281 1616 3344 regno
1636 3263 1811 3325 caelorum.

491 3471 506 3521 8
518 3468 632 3530 lauriani]
645 3467 665 3516 B
677 3481 695 3514 n
706 3466 788 3532 suppl.
802 3481 857 3530 sup.
872 3464 915 3514 lin.
922 3483 929 3525 ;
942 3464 1049 3514 laudant
1061 3464 1142 3523 CSG;
1154 3463 1295 3512 laudabunt
1307 3461 1330 3530 β.
1424 3465 1636 3530 9·10Nep!afim]
1648 3481 1736 3516 omnes
1747 3482 1814 3526 mss;

458 3554 515 3604 cod.
538 3551 604 3600 Bibl.
626 3547 761 3600 Sinaiticus
781 3545 943 3613 Νεφθαλειμ.
1058 3559 1084 3596 ιι
1110 3545 1256 3611 incipimus]
1276 3561 1325 3596 om.
1347 3548 1373 3596 S.
1484 3547 1643 3609 latitudines]
1663 3550 1686 3596 A
1708 3549 1729 3608 (s
1747 3558 1812 3614 post.

459 3643 581 3694 erasaest‚
595 3626 1109 3695 etvoxpotiriam.add.sup.lin.)liS;
1143 3627 1362 3687 latitudim'rBC3
1396 3627 1521 3678 farinariis
1532 3630 1563 3678 G.
1675 3629 1814 3692 virtutum]

461 3716 539 3786 liri&
556 3715 677 3764 virtutem
690 3712 766 3762 BCG.
782 3713 799 3762 S
812 3710 871 3761 add.
885 3713 1067 3776 consequimur,
1081 3711 1235 3776 Grensequi.
1323 3723 1351 3760 12
1364 3710 1427 3772 Hoc]
1440 3711 1460 3759 B
1471 3712 1566 3771 (deleto
1578 3711 1655 3761 verbo
1666 3714 1711 3773 est)
1722 3713 1743 3762 C
1753 3731 1760 3773 3
1772 3713 1814 3762 hac

458 3796 556 3866 estliG.
627 3801 728 3857 tyrreni
740 3789 802 3852 Dee]
814 3793 884 3843 ΑΒΕ
891 3800 971 3854 ;surrt
983 3795 1035 3842 Dei
1046 3791 1116 3859 psG.
1220 3793 1248 3842 18
1260 3787 1382 3850 hereticis]
1395 3794 1422 3852 B,
1437 3794 1484 3844 AC
1496 3803 1561 3858 post.
1576 3805 1637 3846 mut.
1651 3795 1677 3844 in
1688 3795 1811 3845 hereticos.

460 3885 491 3934 ln
509 3897 599 3948 graeco
616 3896 707 3945 nempe
725 3877 896 3942 Hieronymus
913 3891 971 3926 usus
987 3883 1040 3926 eret
1057 3875 1151 3936 dativo,
1166 3875 1200 3925 ob
1216 3875 1319 3924 verbum
1336 3869 1508 3940 ἐπιτίμησονς
1525 3877 1558 3928 de
1569 3877 1739 3930 inconstantia
1755 3895 1814 3930 vero

459 3963 603 4031 interpretis
614 3963 641 4013 in
654 3961 698 4013 tali
710 3977 769 4012 casu
781 3959 866 4011 confer
874 3959 962 4010 adnot.
976 3957 1030 4010 crit.
1044 3958 1076 4008 ad
1086 3973 1143 4024 pag.
1157 3959 1271 4024 praeced.
1287 3957 1303 4008 l.
1320 3971 1357 4008 11.
1442 3957 1562 4020 aornim]
1573 3961 1767 4026 postseraeom.
1779 3961 1811 4012 G.

503 4167 528 4206 a.
543 4163 627 4204 sensa
647 4143 744 4202 er'dens
765 4135 876 4220 Druna]
895 4141 942 4200 De
957 4136 1044 4202 huius
1059 4125 1126 4197 no·¹
1161 4157 1228 4214 9,1.
1255 4189 1258 4194 ,

460 4229 548 4292 minis
558 4223 737 4303 etymologia
751 4223 919 4284 audiendus
933 4230 977 4282 est
992 4221 1021 4280 S.
1038 4219 1111 4280 Hie·
1203 4221 1231 4279 8.
1235 4218 1352 4295 fratres
1362 4214 1424 4298 tui]
1441 4220 1517 4279 Gen.
1529 4239 1578 4296 49,
1591 4224 1618 4282 8.
1715 4262 1718 4268 .

460 4327 602 4388 ronynrus
622 4306 653 4367 in
674 4307 797 4380 Quaest.
824 4303 906 4364 hebr.
935 4303 974 4364 ad
999 4303 1109 4364 Genes.
1161 4352 1164 4360 .
1204 4321 1230 4376 9.
1245 4301 1354 4378 flexus
1368 4301 1467 4380 nastes]
1490 4302 1550 4362 Hic
1572 4321 1695 4381 quoque
1719 4303 1815 4383 sequi·

462 4413 487 4453 c.
502 4411 551 4468 32,
563 4389 615 4450 ubi
626 4390 732 4449 latetur
743 4384 921 4447 sententiam
933 4403 1047 4458 eorum,
1059 4383 1111 4460 qui
1163 4395 1209 4444 tur
1232 4381 1437 4460 Hieronymus
1457 4384 1606 4460 vulgarem
1626 4387 1814 4460 sententiam,

462 4473 575 4536 Israhel
604 4473 700 4532 vr'rurrr
729 4469 791 4529 sive
822 4475 940 4528 mentem
972 4466 1111 4526 viantem
1163 4463 1306 4524 liceteam
1322 4465 1421 4524 minus
1435 4463 1541 4542 probet
1552 4465 1583 4526 in
1598 4466 1675 4529 libro
1690 4469 1812 4544 Quaest.

460 4558 558 4628 Deum
571 4554 790 4623 transtulerunt,
801 4549 935 4610 omniunt
952 4567 1047 4626 paene
1056 4565 1111 4608 ser·
1164 4545 1245 4608 hebr.
1261 4547 1299 4607 ad
1312 4547 1421 4607 Genes.
1433 4567 1458 4606 e
1472 4567 1518 4623 3⁰·

461 4658 552 4699 mone
566 4636 704 4698 detritam
716 4650 789 4693 esse.
1209 4629 1253 4687 16.
1271 4625 1349 4709 Dei]
1366 4631 1450 4688 Prov.
1468 4647 1514 4701 21,
1535 4649 1558 4689 1.

502 4740 531 4794 4.
553 4719 683 4778 Paulum
708 4711 788 4794 dr'cr't]
811 4715 856 4777 Cf.
880 4712 1004 4774 Hieron.
1026 4715 1056 4772 in
1073 4711 1112 4772 Is.
1210 4727 1253 4786 19.
1274 4711 1394 4788 Oportet
1406 4707 1466 4792 etc]
1487 4732 1497 4770 1
1516 4713 1585 4774 Cor.
1605 4732 1649 4786 rr,
1669 4733 1713 4791 19.
