4160 5500
522 403 608 507 416
906 425 934 486 s.
960 422 1213 484 nrnnouvnr
1236 419 1500 480 pensaurum

526 641 604 708 iusti
621 641 744 706 intrate
760 661 911 726 peream.
925 641 1035 726 Quam
1048 639 1249 724 quicumque
1261 645 1452 701 sanctorum
1465 635 1564 701 luerit
1575 636 1751 720 ingressus,
1762 654 1878 720 quam·

525 745 575 812 vis
590 745 744 812 diabolus
760 746 945 830 prohibeat,
959 743 1112 830 quamvis
1128 743 1282 806 inimicus
1302 751 1436 805 accuset
1451 740 1539 823 (ipse
1556 750 1607 805 est
1622 741 1786 824 siquidem
1801 745 1809 772 ¹
1826 760 1878 804 ac·

525 859 660 916 cusator
675 849 813 916 fratrum
830 861 1021 916 nostrorum
1038 848 1054 927 ',
1064 849 1135 931 ipse
1149 856 1202 911 est
1211 845 1336 910 vindex
1352 844 1530 928 inimicus),
1544 847 1631 910 sicut
1643 845 1675 910 in
1696 845 1879 910 centesimo

526 955 686 1022 vicesimo
700 964 735 1020 et
749 963 850 1020 sexto
865 953 997 1038 psalmo
1011 952 1156 1016 dicitur:
1184 949 1251 1034 Qui
1268 958 1405 1013 sanctus
1421 947 1520 1013 luerit
1536 953 1544 982 ¹
1559 969 1626 1013 non
1650 948 1879 1024 contundetur,

522 1059 603 1126 dum
621 1059 776 1140 loquetur
788 1059 930 1124 inimicis
946 1058 1014 1122 suis
1027 1057 1060 1120 in
1073 1064 1171 1140 porta
1181 1057 1197 1120 '.
1908 1056 1920 1109 5

799 1298 855 1372 ΙΝ
890 1296 989 1371 DIE
1021 1293 1314 1369 DOMINICA
1344 1290 1613 1366 PASCHAE.

568 1539 606 1602 ln
625 1536 716 1602 omni
730 1533 866 1620 quidem
880 1533 1038 1619 psalterio
1049 1533 1216 1598 Dominus
1233 1541 1345 1596 noster
1361 1529 1580 1615 prophetatur
1594 1537 1695 1612 atque
1706 1537 1879 1592 cantatur:

521 1641 687 1726 siquidem
705 1641 776 1723 ipse
791 1639 914 1704 ‘habet
925 1638 1052 1703 clavem
1067 1637 1188 1714 David,
1204 1637 1260 1720 qui
1277 1637 1384 1719 aperit
1395 1645 1429 1698 et
1446 1655 1546 1699 nemo
1560 1634 1696 1712 claudit,
1705 1633 1831 1698 claudit
1847 1641 1880 1696 et

522 1766 622 1812 nemo
637 1744 744 1828 aperit
757 1743 765 1767 ’
782 1743 860 1808 :sed
878 1742 1056 1828 praecipue
1072 1742 1104 1806 in
1118 1741 1301 1805 centesimo
1316 1741 1448 1804 decimo
1464 1749 1498 1804 et
1513 1741 1659 1824 septimo
1670 1737 1812 1823 psalmo,
1823 1736 1878 1821 qui

522 1870 609 1916 nunc
627 1849 731 1914 lectus
747 1856 807 1928 est,
823 1845 1071 1910 resurrectionis
1087 1844 1157 1908 eius
1169 1844 1364 1926 mysterium
1381 1845 1601 1926 praedicatur,
1615 1827 1650 1908 et
1668 1842 1738 1925 ipse
1762 1843 1805 1906 ad
1823 1861 1879 1924 pa·
1897 1858 1923 1893 ro

522 1963 606 2020 trem
624 1953 729 2016 victor
744 1950 927 2014 ascendens
943 1949 1085 2034 imperat
1101 1948 1238 2030 angelis,
1253 1948 1388 2012 dicens:
1406 1949 1539 2030 Aperite
1559 1946 1641 2010 milei
1657 1957 1770 2028 portas
1786 1945 1880 2008 iusti-

522 2057 609 2122 tiae:
626 2057 790 2140 ingressus
806 2054 840 2118 in
855 2075 908 2118 eas
923 2053 1092 2138 confitebor
1112 2052 1262 2116 Domino.
1289 2053 1384 2116 Haec
1400 2063 1477 2118 sunt
1494 2063 1619 2137 portae,
1643 2050 1823 2134 dequibus
1847 2051 1878 2113 in

523 2161 680 2226 vicesimo
696 2161 795 2224 tertio
817 2158 950 2241 psalmo
965 2158 1051 2221 inter
1075 2177 1110 2220 se
1136 2157 1277 2220 invicem
1306 2155 1415 2238 angeli
1444 2154 1674 2239 loquebantur,
1694 2154 1879 2236 ingressum

524 2263 672 2329 Domino
688 2271 924 2348 praeparantes
944 2286 951 2326 :
973 2267 980 2294 ⁴
999 2262 1124 2326 Levate
1147 2272 1261 2343 portas
1287 2260 1453 2343 principes
1476 2269 1612 2336 vestras,
1642 2269 1677 2322 et
1702 2257 1879 2322 elevamini

522 2377 639 2452 portae
654 2365 847 2444 aeternales,
860 2375 892 2429 et
907 2363 1056 2428 introibit
1072 2382 1132 2426 rex
1148 2361 1273 2444 gloriae
1286 2363 1301 2427 '.
1317 2361 1456 2427 Pulchre
1473 2361 1574 2426 levari
1586 2361 1740 2426 iubentur
1754 2370 1881 2444 portae,
1898 2377 1923 2428 ¹5

521 2477 556 2536 et
572 2470 604 2533 in
621 2469 762 2534 sublime
778 2468 880 2550 erigi:
896 2466 1071 2550 siquidem,
1087 2464 1183 2530 iuxta
1198 2466 1484 2549 dispensationem
1495 2466 1669 2550 carnisque
1683 2465 1879 2549 mysterium

522 2583 556 2640 et
572 2573 743 2639 victoriam
760 2571 874 2649 crucis,
890 2571 995 2635 maior
1020 2569 1205 2652 regreditur
1221 2569 1262 2633 ad
1287 2570 1407 2648 caelos,
1422 2590 1524 2653 quarn
1548 2569 1590 2633 ad
1613 2578 1717 2634 terras
1734 2577 1879 2632 venerat.

555 2773 570 2826 3
582 2759 687 2823 vendex]
700 2761 717 2812 S
731 2761 805 2810 inser.
819 2765 850 2809 et.
954 2766 967 2820 5
980 2757 1009 2804 in
1026 2756 1112 2820 porta]
1131 2755 1204 2807 editt.
1218 2753 1325 2807 &codd
1339 2757 1399 2807 add.
1413 2755 1584 2822 doxologiam.
1683 2757 1700 2807 6
1713 2757 1752 2806 Ex
1769 2758 1880 2823 append.

524 2843 630 2895 Hieron.
645 2851 663 2893 t.
678 2843 727 2902 XI,
742 2842 830 2908 Migne
849 2854 889 2905 30,
905 2849 961 2900 217.
983 2837 1088 2888 Contuli
1108 2853 1165 2888 cum
1185 2839 1242 2890 cod.
1258 2839 1353 2890 Sessor.
1377 2839 1417 2899 (Sl
1439 2849 1479 2903 55,
1494 2839 1536 2890 iol.
1554 2849 1617 2903 1753
1637 2839 1752 2891 Vatican.
1768 2853 1818 2904 344
1838 2841 1882 2900 (V)

522 2925 564 2976 iol.
583 2933 631 2990 15'.
646 2925 687 2976 Cl.
704 2925 767 2984 Mai,
783 2925 857 2974 Nova
869 2923 922 2972 PP.
935 2921 1000 2970 Bibl.
1018 2920 1040 2980 l,
1054 2934 1087 2970 20
1096 2921 1139 2972 ubi
1151 2937 1209 2987 pars
1222 2921 1288 2987 prior
1300 2921 1403 2972 huiusce
1416 2929 1536 2972 tractatus
1547 2923 1632 2973 denuo
1652 2922 1721 2973 edita
1732 2931 1769 2973 est
1781 2940 1812 2972 ex
1825 2923 1880 2974 cod.

524 3006 684 3058 Bon-Vatia.
699 3005 763 3070 5758
775 3005 826 3066 (Β).
930 3003 1091 3064 PASCttAE]
1111 3003 1208 3067 Incipit
1227 3004 1335 3054 eiusdem
1347 3005 1376 3052 in
1387 3004 1426 3052 die
1443 3003 1573 3054 deminico
1579 3005 1687 3070 paschae
1698 3007 1733 3064 S,
1753 3005 1884 3070 Expositis

518 3089 615 3154 psalmi
636 3089 742 3138 CXVII
756 3095 805 3152 per
823 3087 923 3135 niodum
942 3088 1064 3136 contionis
1081 3085 1168 3134 habita
1187 3086 1222 3134 ad
1239 3087 1363 3150 neophitos
1375 3086 1404 3134 in
1422 3085 1463 3134 die
1474 3093 1557 3135 sancto
1563 3085 1670 3151 paschae
1681 3086 1721 3144 V;
1741 3086 1848 3135 honrilia
1859 3087 1880 3134 b.

523 3169 668 3235 Augmstini
685 3169 714 3220 de
734 3170 859 3219 donrinica
877 3169 1056 3218 resurrectione
1068 3169 1096 3218 B.
1198 3168 1334 3232 7quidem]
1347 3169 1404 3228 SB;
1417 3185 1469 3220 om.
1486 3169 1558 3220 Hier.
1654 3169 1785 3234 psalterio]
1799 3169 1882 3226 SVB;

519 3253 615 3318 psalmo
629 3251 700 3301 Hier.
770 3251 860 3312 noster]
875 3251 947 3301 Hier.
963 3251 1022 3301 add.
1036 3252 1107 3300 Iesus
1121 3251 1247 3300 Christus.
1315 3252 1443 3314 cantatur]
1457 3252 1498 3302 SB
1510 3270 1518 3312 ς
1530 3253 1634 3302 canitur
1646 3250 1717 3302 llier.
1794 3251 1881 3316 8qui]

523 3333 649 3399 SB;quee
662 3332 734 3383 Hier.
802 3333 908 3394 claudit]
918 3333 997 3382 eludit
1005 3333 1033 3384 B.
1105 3345 1134 3381 to
1142 3333 1221 3394 orrens]
1236 3333 1306 3383 Hier.
1317 3333 1390 3384 inser.
1396 3333 1534 3398 psallendo.
1601 3333 1666 3394 eius]
1679 3331 1795 3391 SB;om.
1807 3332 1879 3382 Hier.

518 3415 691 3482 praedicatur]
704 3415 763 3465 Hoc
780 3415 836 3466 loco
848 3415 874 3465 in
887 3415 962 3466 Hier.
978 3423 1003 3465 et
1015 3415 1037 3462 V
1049 3430 1156 3480 sequens
1174 3415 1299 3479 glossema
1318 3414 1418 3479 legitur,
1439 3414 1481 3464 cui
1501 3414 1563 3464 nihil
1583 3413 1665 3464 inesse
1685 3413 1881 3478 Hieronymiani

520 3496 617 3562 saporis
627 3495 733 3562 quisque
744 3495 828 3546 statim
838 3496 987 3561 intellegat:
1002 3497 1128 3546 Hicerrine
1136 3499 1259 3562 psalmus,
1270 3499 1299 3546 in
1307 3513 1356 3562 que
1364 3513 1380 3545 a
1389 3498 1493 3560 Spiritu
1500 3503 1584 3545 sancto
1593 3497 1753 3560 praesignati
1758 3503 1882 3546 meantur

520 3579 555 3628 ad
571 3577 736 3644 confitendum
751 3577 859 3627 Domino
880 3578 909 3626 in
931 3579 1023 3628 laude:
1041 3579 1083 3628 vel
1099 3579 1134 3626 ad
1142 3579 1312 3642 consessionem
1319 3581 1437 3642 gentiunt
1457 3580 1515 3628 ueri
1525 3581 1656 3628 [eraclitae
1675 3581 1705 3628 in
1721 3581 1880 3643 paenitentia

520 3660 615 3712 summi
624 3660 754 3711 sacerdotis
763 3662 851 3710 Aaron
862 3661 959 3720 donans,
968 3661 1035 3724 quod
1043 3668 1078 3709 est
1088 3661 1203 3710 ecclesia:
1214 3661 1266 3710 sive
1274 3662 1428 3724 generaliter
1437 3676 1521 3710 orrenes
1531 3661 1644 3712 timentes
1656 3661 1749 3721 Deum,
1763 3669 1828 3710 recte
1832 3670 1880 3726 pro

518 3745 598 3795 tantis
607 3743 754 3794 muneribus
762 3743 864 3807 pietatis
874 3743 969 3802 Patris,
978 3743 1026 3808 qui
1034 3743 1103 3793 Filio
1112 3760 1157 3794 suo
1168 3759 1218 3792 non
1226 3744 1358 3808 perpercit,
1371 3743 1415 3792 sed
1421 3751 1468 3808 pro
1476 3744 1545 3794 nolis
1553 3743 1668 3793 omnibus
1675 3743 1784 3793 tradidit
1792 3745 1879 3803 illene,

519 3843 535 3877 a
553 3825 700 3892 consessione
718 3825 859 3890 incipitur:
882 3826 1012 3886 Quoniam
1031 3829 1116 3888 bonus,
1129 3827 1249 3893 quoniam
1269 3829 1299 3876 in
1318 3829 1444 3878 saeculum
1466 3829 1636 3878 misericordia
1653 3829 1713 3878 eius.
1730 3829 1796 3890 Quis
1812 3829 1879 3878 enirn

520 3915 634 3960 nastrum
649 3907 740 3972 poterit
759 3922 806 3956 esse
824 3909 983 3958 considerans
993 3925 1021 3959 ea
1032 3927 1096 3975 quae
1108 3911 1137 3960 in
1148 3926 1174 3960 eo
1184 3910 1271 3959 cotidie
1283 3912 1402 3959 exultans
1420 3911 1491 3959 canit
1508 3910 1614 3970 ecclesia,
1627 3909 1670 3958 lsoc
1685 3916 1727 3969 est,
1736 3912 1879 3972 parciorem

520 3990 629 4040 Domini
637 3989 784 4050 Salvateris,
795 3990 999 4041 resurrectionem
1008 3993 1060 4041 siae
1067 3993 1239 4052 ascensionem,
1249 3998 1272 4041 et
1280 4007 1330 4041 non
1340 3993 1419 4057 magis
1431 3999 1547 4056 erumpat
1558 3992 1588 4042 in
1598 4007 1659 4050 voce,
1669 3999 1760 4055 temps
1770 3991 1877 4041 illorum

515 4071 682 4138 paruulorum
696 4069 802 4136 fictus,
816 4070 928 4121 Domine
947 4089 1003 4123 cum
1022 4074 1101 4123 ramis
1120 4081 1143 4123 et
1156 4075 1253 4140 palmis
1270 4074 1473 4123 exsultantium:
1493 4073 1635 4124 ODome'ne
1653 4073 1732 4122 salvos
1743 4087 1788 4121 nos
1797 4073 1879 4137 sem

522 4155 630 4205 Domine
640 4153 697 4202 lene
702 4153 872 4218 prosperare?
888 4153 959 4204 Unde
970 4163 994 4204 et
1005 4156 1055 4219 ipse
1067 4163 1115 4206 etc.
1204 4168 1232 4204 12
1245 4154 1381 4218 ingressus]
1394 4162 1417 4202 et
1429 4155 1497 4218 ingr.
1513 4154 1585 4204 Hier.
1599 4155 1631 4205 V.
1718 4165 1747 4217 13
1759 4153 1879 4214 invicem]

521 4253 571 4287 um.
587 4237 613 4288 S.
718 4235 800 4298 14-17]
813 4251 863 4286 om.
879 4237 908 4286 B.
1013 4247 1041 4300 15
1054 4237 1171 4299 Pulchre]
1183 4237 1219 4296 ὃς
1237 4237 1279 4286 sed
1290 4236 1398 4302 pulchre
1411 4237 1483 4286 llier.
1499 4236 1529 4286 V.
1634 4237 1663 4285 16
1678 4237 1825 4302 carnesque}
1846 4237 1880 4292 S;

519 4317 605 4368 ramis
615 4324 639 4368 et
651 4316 730 4378 llier3
742 4317 828 4366 earnis
842 4317 864 4366 V
875 4333 926 4368 om.
940 4317 1126 4369 coniunctione.

564 4507 590 4566 3.
606 4482 781 4566 nostrorum]
794 4487 889 4564 Apoc.
905 4507 950 4558 12,
972 4507 1013 4546 ro.
1272 4483 1602 4566 12.D0mt'rto]PS.117,
1618 4507 1661 4565 ¹9·

563 4589 590 4646 5.
607 4571 638 4628 in
643 4565 746 4648 porta]
765 4573 809 4628 l's.
830 4571 895 4641 126,
913 4587 938 4646 5.
1272 4589 1282 4626 1
1288 4587 1315 4644 5.
1322 4565 1447 4648 gloriae]
1462 4571 1506 4629 Ps.
1525 4590 1571 4646 23,
1590 4589 1614 4644 7.
1627 4591 1653 4646 9.

563 4671 590 4727 9·
605 4646 713 4730 aperti]
723 4653 818 4727 Atuc-
835 4670 863 4725 3,
874 4667 900 4725 t·
