4112 5496
424 386 448 444 2
867 384 1005 446 SANCT
1008 385 1023 443 1
1053 384 1307 445 HIERONYMI
1686 381 1777 466 [Prol.

424 602 536 685 inter
550 627 629 684 nos
645 613 722 703 est,
739 599 933 684 studiose
946 612 988 684 et
1002 599 1150 684 sedule
1163 601 1407 711 postulasti,
1421 613 1470 686 ut
1485 629 1780 713 quaecumque

426 740 531 823 mibi
549 740 684 852 digna
700 739 907 822 memoria
921 738 1192 838 videbantur,
1208 738 1347 850 signis
1360 738 1623 849 quibusdam
1637 741 1780 850 potius

423 905 554 990 quam
578 877 1004 989 interpretationibus
1023 878 1303 977 adnotarem;
1338 889 1381 960 et
1415 877 1547 989 (quod
1583 879 1723 961 solent
1751 877 1778 960 ii

425 1017 571 1115 sacere,
605 1015 681 1126 qui
713 1015 758 1098 in
791 1015 909 1098 brevi
947 1014 1103 1098 tabella
1139 1027 1348 1099 terrarum
1379 1027 1422 1098 et
1456 1015 1629 1098 urbium
1669 1015 1781 1099 situs

424 1154 622 1266 pingunt,
637 1165 680 1236 et
696 1151 932 1236 latissimas
948 1153 1146 1262 regiones
1162 1151 1206 1234 in
1225 1151 1395 1235 modico
1415 1153 1556 1263 spatio
1571 1165 1781 1236 conantur
1815 1187 1830 1240 s

422 1291 660 1399 ostendere)
675 1292 735 1373 ita
748 1291 790 1373 in
808 1291 996 1401 psalterii
1010 1317 1137 1400 opere
1150 1290 1364 1375 latissimo
1379 1291 1503 1401 quasi
1522 1290 1780 1401 praeteriens

421 1429 568 1541 aliqua
596 1429 942 1541 perstringerem,
975 1441 1022 1511 ut
1052 1455 1104 1510 ex
1126 1427 1272 1537 paucis
1299 1453 1409 1538 quae
1440 1426 1693 1538 tetigissem,
1717 1426 1780 1508 in·

423 1567 681 1680 tellegantur
707 1581 749 1652 et
783 1579 931 1667 cetera,
955 1593 1065 1678 quae
1085 1564 1250 1648 omissa
1284 1576 1398 1663 sunt,
1420 1590 1552 1674 quam
1584 1563 1675 1645 vim
1707 1562 1781 1644 ha·

424 1705 552 1792 beant
578 1719 708 1816 atque
744 1705 965 1790 rationem.
993 1705 1093 1786 Non
1127 1731 1215 1816 quo
1246 1716 1395 1814 putem
1414 1731 1441 1785 a
1461 1730 1529 1786 me
1550 1729 1676 1814 posse
1696 1701 1778 1784 dici

424 1870 534 1955 quae
555 1842 626 1925 ille
646 1843 893 1954 praeteriit:
921 1841 994 1925 sed
1030 1844 1146 1953 quod
1168 1871 1218 1926 ea
1252 1869 1362 1953 quae
1394 1843 1437 1924 in
1474 1842 1605 1925 tomis
1634 1840 1702 1924 vel
1736 1841 1779 1922 in
1800 1879 1833 1917 ιο

423 1979 585 2065 omiliis
607 1981 699 2092 ipse
719 1981 936 2078 disseruit,
959 1981 1025 2062 vel
1054 2007 1135 2093 ego
1163 1979 1297 2092 digna
1316 1979 1499 2063 arbitror
1519 1979 1712 2080 lectione,
1735 1979 1778 2062 in

459 2222 469 2259 ι
489 2209 524 2272 et]
536 2207 650 2276 ΕΑΙΙβς
683 2209 752 2259 acc.
854 2209 1025 2271 anrihr]0m.
1040 2211 1079 2268 C;
1094 2209 1208 2273 Esuppl.
1223 2222 1284 2258 am.
1385 2207 1596 2276 με’τιιεμΜβς
1628 2211 1702 2258 rinus
1713 2209 1781 2269 ΩΒ

424 2289 665 2352 instantissimo:
751 2289 1128 2357 qatqmratrirrremJEAM33
1160 2298 1268 2356 atquem
1277 2292 1400 2342 rata'onem
1410 2291 1440 2341 C.
1530 2291 1781 2356 Nonquo1EAMC3

425 2372 562 2438 quuid
572 2369 596 2438 β,
700 2383 726 2420 rt
746 2370 902 2432 ontilir's]E;
936 2373 1031 2422 omeliis
1042 2373 1115 2432 ΑΜ;
1149 2373 1260 2422 homeliis
1272 2373 1303 2424 C.
1403 2373 1533 2434 disseruit]
1543 2373 1653 2424 deseram
1663 2375 1696 2424 Α.

466 2577 493 2630 4
516 2557 572 2633 qui
591 2557 624 2616 in
648 2553 858 2636 brevirabella]
882 2555 1008 2616 Hieron.
1031 2576 1076 2633 ep.
1131 2577 1157 2616 n.
1178 2559 1234 2616 16:
1251 2561 1258 2588 ‘
1273 2557 1344 2615 Nou
1365 2575 1427 2632 quo
1451 2575 1534 2633 spem
1557 2555 1778 2618 resurrectionis

428 2657 475 2715 73,
492 2657 520 2698 n.
537 2655 553 2714 5
571 2641 629 2714 (ap.
648 2637 752 2715 Migne
765 2658 811 2710 η,
828 2639 900 2712 ⁶79)
914 2659 920 2696 :
936 2638 1078 2714 ‘etquasi
1131 2649 1226 2714 neget,
1242 2637 1295 2696 sed
1310 2655 1372 2713 quo
1386 2656 1485 2697 coram
1501 2657 1539 2698 eo
1550 2657 1582 2698 se
1593 2651 1680 2717 neget
1692 2657 1778 2716 posse

427 2719 585 2780 latissimos
613 2729 754 2778 terrarum
779 2719 852 2778 situs
874 2719 904 2777 in
931 2717 1012 2779 brevi
1039 2731 1078 2777 ta·
1129 2717 1288 2779 subsistere
1299 2719 1325 2790 ’;
1340 2719 1434 2778 Praei.
1446 2717 1475 2777 in
1487 2719 1538 2783 lib.
1550 2720 1591 2780 de
1602 2739 1681 2780 nom.
1695 2720 1775 2780 hebr.

427 2801 504 2862 bella
514 2798 592 2860 volui
607 2800 811 2860 demonstrare
822 2801 837 2859 ¹.
850 2835 889 2844 -
906 2799 951 2860 Id.
963 2818 1007 2876 ep.
1022 2819 1056 2858 12
1061 2820 1078 2876 3
1129 2819 1174 2878 ap.
1194 2799 1297 2876 Migne
1314 2819 1359 2875 23,
1373 2802 1431 2859 816
1446 2825 1452 2860 :
1469 2802 1558 2859 ‘Non
1570 2819 1632 2877 quo
1646 2801 1778 2861 studium

429 2901 456 2941 n.
476 2902 512 2956 14
537 2881 594 2958 (M.
613 2901 660 2953 22,
679 2879 769 2958 1055)
786 2903 793 2941 ε
809 2885 816 2912 ⁶
833 2879 926 2956 Quasi
945 2879 975 2939 in
998 2882 1078 2942 brevi
1130 2900 1231 2942 meum
1246 2879 1408 2942 insolenter
1421 2883 1570 2955 extollam,
1586 2883 1640 2943 sed
1654 2883 1775 2960 quod...

429 2963 535 3024 tabella
550 2961 708 3022 latissimos
730 2973 872 3021 terrarum
895 2961 968 3021 situs
982 2975 1077 3022 osteu-
1129 2963 1167 3021 ad
1183 2961 1342 3023 lectionem
1357 2981 1460 3022 eorum
1473 2981 1632 3040 provocem
1648 2963 1780 3024 nescien-

429 3045 499 3106 dere
513 3041 604 3104 volui.
619 3045 626 3070 '
1128 3054 1174 3103 tes
1188 3044 1195 3070 ¹
1210 3054 1266 3104 etc.

469 3128 495 3184 6.
519 3125 550 3184 r'n
559 3125 699 3201 psalterii
706 3120 797 3203 opere]
815 3123 940 3184 Hieron.
957 3141 1002 3200 ep.
1023 3127 1078 3183 106
1174 3145 1217 3183 10.
1241 3126 1273 3184 r'rr
1294 3125 1377 3184 tomis
1400 3127 1447 3183 nel
1468 3127 1500 3184 r'n
1519 3123 1638 3207 oririlir’s]
1661 3128 1781 3189 Utrum·

431 3225 457 3265 n.
477 3227 492 3264 2
516 3207 573 3278 (Μ,
591 3226 638 3278 aa,
655 3205 727 3282 838)
745 3227 750 3262 :
767 3209 819 3265 ‘et
838 3203 868 3264 in
894 3223 984 3284 opere
1007 3206 1080 3281 psal·
1130 3224 1189 3280 que
1203 3224 1296 3282 genus
1318 3205 1575 3267 elucubrationum
1598 3207 1735 3286 Origenis
1749 3207 1780 3266 in

430 3287 495 3348 terii
511 3285 590 3346 iuxta
603 3285 800 3364 digestionem
812 3287 819 3314 ’
834 3297 889 3345 etc.
1131 3287 1265 3347 Psalmos
1280 3298 1425 3346 memorat
1441 3287 1645 3365 Hieronymus
1658 3289 1688 3348 in
1701 3308 1780 3367 prae

472 3388 500 3445 9.
527 3369 596 3429 Non
626 3387 719 3444 quo...
752 3367 803 3426 sed
832 3363 920 3447 quod]
951 3365 1080 3427 Dicendi
1131 3369 1192 3428 lato
1216 3366 1317 3429 indice
1331 3386 1376 3444 ap.
1405 3367 1485 3429 Pitra
1504 3370 1566 3441 111,
1593 3389 1651 3446 314
1666 3382 1695 3431 et
1711 3372 1778 3446 316.

432 3450 540 3510 modus
558 3449 743 3526 Hieronymo
757 3447 972 3508 usitatissimus.
986 3447 1079 3525 Epist.
1175 3469 1219 3508 rr.
1238 3449 1271 3507 r'n
1294 3450 1372 3507 hunc
1393 3458 1548 3526 angustum
1572 3453 1782 3510 commutaris

433 3534 480 3605 61,
496 3549 524 3591 n.
545 3551 556 3590 1
573 3551 579 3590 ε
595 3532 667 3590 Nou
692 3548 753 3607 quo
768 3529 869 3589 omnia
893 3529 991 3589 dicam
1015 3547 1081 3590 esse
1131 3528 1204 3610 lum]
1222 3530 1347 3590 Hieron.
1375 3549 1422 3608 ep.
1444 3552 1491 3608 30,
1508 3553 1536 3591 n.
1555 3552 1592 3591 a:
1609 3533 1782 3593 ‘desideras

432 3613 641 3672 damnanda„
659 3611 711 3670 sed
726 3611 808 3687 quod
824 3612 972 3687 quaedam
988 3629 1082 3687 repre·
1132 3610 1408 3672 commentariolum
1436 3613 1498 3673 lieri
1514 3615 1521 3641 '
1531 3636 1539 3686 ;
1553 3632 1598 3690 ep.
1626 3634 1674 3687 42,
1699 3633 1726 3674 n.
1744 3634 1782 3690 3:

433 3694 593 3756 hendenda
617 3693 760 3753 confitear
775 3693 802 3764 '5
825 3709 869 3768 ep.
898 3695 945 3764 66,
967 3711 994 3752 n.
1024 3711 1081 3767 13:
1133 3695 1141 3726 ⁸
1156 3703 1188 3751 ut
1203 3704 1340 3754 nontam
1358 3692 1514 3770 epistolam
1529 3713 1619 3770 quam
1634 3713 1784 3755 commen·

435 3783 441 3806 ‘
458 3776 544 3834 Haec
558 3774 637 3844 dico,
654 3792 714 3832 non
729 3774 813 3851 quod
827 3773 866 3833 de
881 3775 987 3834 ardore
1002 3793 1082 3830 men-
1132 3772 1269 3833 tariolum
1293 3772 1472 3834 dictaremus
1486 3776 1494 3802 '
1510 3797 1518 3849 3
1533 3794 1578 3852 ep.
1595 3779 1643 3849 48,
1668 3795 1694 3835 n.
1724 3778 1760 3835 16
1776 3799 1783 3834 ι

432 3859 469 3916 tis
492 3867 560 3915 tuae
584 3853 750 3932 quidquam
773 3852 917 3926 dubitem,
944 3857 997 3913 sed
1020 3873 1083 3930 quo
1135 3855 1237 3915 ‘Illud
1251 3873 1373 3933 quoque
1398 3854 1428 3914 in
1442 3857 1695 3918 commentariolis
1710 3855 1782 3918 meis

433 3949 598 3998 currentem
626 3936 775 4012 impellam
791 3937 818 4009 ’ς
842 3954 887 4012 ep.
914 3953 960 4012 75,
984 3953 1013 3994 n.
1047 3954 1082 3994 1:
1134 3935 1266 3997 eiusdem
1290 3936 1417 4012 apostoli
1438 3935 1567 4014 carpitur
1588 3940 1625 4012 ’3
1658 3939 1780 3998 Praeiat.

435 4025 442 4050 ‘
458 4020 528 4079 Non
543 4017 626 4096 quod
642 4016 705 4077 eius
730 4016 825 4076 vicem
844 4016 1001 4077 doleam...
1029 4016 1083 4076 sed
1134 4035 1241 4078 comm.
1264 4017 1295 4076 in
1311 4019 1423 4078 Eccles.
1442 4020 1485 4077 M.
1504 4037 1518 4076 2
1524 4037 1549 4095 3,
1570 4021 1666 4080 1061:
1684 4017 1782 4079 ‘utin

433 4101 517 4176 quod
539 4110 678 4175 torquear
693 4097 842 4158 desiderio
856 4097 884 4171 ’3
898 4117 946 4175 ep.
971 4117 1036 4173 ¹03·
1054 4116 1081 4156 n.
1135 4117 1247 4159 morem
1262 4098 1499 4159 commentarioli
1510 4099 1637 4160 obscura
1645 4117 1783 4178 quaeque

437 4181 583 4241 rz‘Non
598 4199 661 4257 quo
684 4178 784 4256 aliqua
798 4197 829 4239 re
844 4179 881 4240 C.
895 4191 915 4239 t.
942 4177 1082 4256 indigeat,
1134 4179 1307 4240 dissererem
1328 4181 1364 4253 '3
1391 4183 1505 4242 Contra
1526 4181 1636 4242 Ruffin.
1667 4181 1692 4255 1,
1726 4199 1784 4256 19:

434 4261 487 4322 sed
501 4281 563 4338 quo
578 4261 725 4322 bonorum
746 4257 891 4320 amicitias
913 4257 1084 4320 avidissime
1135 4259 1281 4320 ‘dixerim
1296 4260 1327 4320 in
1340 4261 1592 4323 commentariolis
1607 4261 1689 4336 meis,
1706 4263 1786 4322 Ado

433 4355 550 4420 expetat
565 4346 590 4418 '3
605 4362 650 4420 ep.
671 4345 735 4416 106,
752 4359 779 4400 n.
796 4362 834 4414 4:
850 4347 858 4374 ⁸
873 4342 944 4402 Non
959 4359 1083 4418 quono
1135 4351 1196 4402 rate
1218 4341 1311 4401 filium
1317 4387 1390 4402 ......
1417 4353 1447 4402 et
1469 4343 1521 4420 qui
1544 4343 1575 4404 iu
1603 4356 1786 4404 commenta-

433 4424 478 4484 bis
502 4423 655 4485 orantibus
680 4422 916 4484 sanctificetur...
945 4422 998 4482 sed
1022 4440 1083 4498 quo
1136 4421 1222 4494 riolis,
1249 4421 1300 4483 ubi
1325 4423 1443 4483 libertas
1457 4435 1502 4483 est
1516 4424 1704 4486 disserendi’
1727 4435 1781 4485 etc

434 4517 568 4583 petamus
586 4507 593 4536 '
611 4517 687 4580 etc.,·
710 4523 755 4582 ep.
786 4507 851 4578 108,
877 4524 905 4564 n.
932 4525 973 4577 4:
989 4508 997 4536 ⁸
1013 4503 1084 4563 Non
1136 4503 1222 4566 Coul.
1236 4506 1275 4564 H.
1288 4505 1422 4578 Goelzer,
1434 4504 1561 4566 Latinite
1570 4507 1611 4567 de
1620 4527 1641 4566 s.
1654 4506 1783 4584 Jerdme,

432 4589 515 4664 quod
530 4585 709 4648 habentibus
723 4585 846 4664 grandia
867 4583 935 4657 sint,
954 4585 1007 4646 sed
1022 4603 1083 4660 quo
1135 4603 1163 4660 p.
1183 4603 1235 4643 121
1254 4598 1283 4646 et
1300 4605 1366 4664 293.

432 4668 694 4730 contemnentibus
718 4667 862 4728 mirabilia
883 4667 912 4741 '3
937 4685 983 4744 ep,
1017 4685 1082 4738 140,
