4202 5492
467 407 522 513 76
842 431 870 490 S.
897 433 1149 492 HlERONYMl
1173 431 1436 490 PRESBYTERI

465 647 533 730 Qui
551 648 675 712 iudicat
703 648 924 732 iniquitatem,
942 649 1044 714 iudex
1071 651 1255 735 iniquitatis
1280 662 1337 717 est.
1358 653 1418 717 llle
1442 660 1493 714 est
1510 650 1612 714 iudex
1628 652 1822 736 iniquitatis,

463 757 506 820 de
521 769 590 840 quo
604 759 726 822 dicitur
753 759 786 822 in
813 758 996 837 evangelio,
1013 761 1090 841 quia
1107 763 1217 825 Deum
1235 783 1302 824 non
1327 756 1477 834 timebat,
1493 765 1527 820 et
1552 757 1722 822 hominem
1753 779 1820 823 non

462 865 645 929 verebatur.
676 864 842 947 usquequo
869 867 1023 932 iudicatas
1049 868 1289 950 iniquitatem?
1317 867 1404 930 Dedi
1436 866 1530 930 vobis
1558 872 1759 946 potestatem
1784 863 1816 926 in

463 988 597 1050 gregem
616 989 727 1034 meum
744 978 776 1032 et
793 970 825 1032 in
844 972 1004 1053 populum
1024 973 1087 1036 Dei
1104 997 1110 1035 :
1127 972 1255 1036 debetis
1271 971 1397 1035 iudices
1413 990 1494 1046 esse,
1510 990 1576 1035 non
1594 970 1672 1050 lupi.

452 1085 457 1094 “
506 1072 553 1138 Et
559 1073 683 1154 faciem
693 1082 893 1157 peccatorum
904 1074 1037 1139 sumitis
1047 1100 1058 1138 .·
1076 1075 1216 1138 iudicate
1229 1095 1323 1156 egeno
1334 1084 1366 1138 et
1374 1073 1505 1157 pupillo,
1524 1073 1679 1137 hurrtilem
1695 1085 1726 1138 et
1733 1086 1815 1158 pare·
1853 1084 1867 1138 5

455 1191 565 1261 parem
582 1179 753 1264 iustificate
766 1205 778 1244 .·
792 1180 904 1262 eripite
922 1192 1095 1264 pauperem
1119 1191 1152 1246 et
1170 1202 1312 1263 egenum,
1328 1189 1361 1243 et
1384 1189 1503 1244 cetera.
1530 1179 1674 1262 Quando
1690 1179 1816 1243 venerit

463 1284 504 1347 ad
522 1304 580 1347 vos
596 1285 764 1360 iudicium,
779 1304 846 1348 non
862 1286 1080 1349 consideratis
1097 1305 1242 1360 causam,
1258 1304 1324 1348 non
1341 1283 1559 1348 consideratis
1576 1285 1744 1359 iudicium,
1757 1283 1814 1346 sed

462 1401 619 1471 personas
635 1408 749 1452 eorum
766 1389 822 1470 qui
839 1389 964 1454 habent
980 1411 1104 1454 causas.
1117 1389 1220 1454 Verbi
1238 1409 1346 1462 causa,
1362 1389 1387 1450 si
1405 1389 1531 1452 venerit
1547 1409 1674 1472 pauper
1689 1388 1816 1454 habens

463 1493 585 1556 iustum
602 1492 784 1573 negotium,
799 1502 832 1556 et
848 1495 974 1557 venerit
990 1495 1082 1559 dives
1094 1494 1221 1558 habens
1233 1493 1357 1557 malurn
1372 1493 1543 1576 negotium
1558 1516 1566 1556 ε
1581 1515 1641 1557 vos
1657 1513 1815 1575 personas

462 1597 618 1679 aspicitis,
635 1617 699 1659 non
718 1597 898 1680 negotium.
919 1597 993 1661 Hoc
1011 1599 1141 1662 interim
1165 1597 1348 1661 secundum
1378 1617 1477 1660 unam
1496 1597 1815 1679 interpretationem.
1837 1607 1868 1645 10

463 1700 616 1765 Ceterum
641 1712 691 1765 est
718 1710 751 1764 et
778 1701 842 1764 alia
869 1703 1099 1784 interpretatio
1115 1702 1281 1765 sacratior.
1300 1699 1394 1765 Solet
1411 1701 1442 1763 in
1460 1700 1598 1766 theatris
1615 1721 1698 1766 unus
1715 1703 1817 1767 homo

462 1804 650 1888 frequenter
665 1805 812 1870 diversas
828 1806 949 1870 habere
974 1827 1138 1889 personas.
1156 1806 1256 1870 Nunc
1273 1803 1456 1886 ingreditur
1471 1803 1503 1865 in
1522 1802 1702 1878 mulierem,
1729 1823 1815 1868 nunc

461 1909 493 1972 in
511 1909 626 1984 virum,
643 1929 730 1973 nunc
746 1909 779 1973 in
798 1931 909 1990 regem
925 1932 932 1988 ;
948 1913 1053 1994 etqui
1070 1913 1104 1975 in
1122 1930 1232 1992 regem
1250 1916 1465 1992 processerat,
1482 1926 1610 1971 rursum
1629 1907 1659 1970 in
1684 1927 1815 1972 servum

461 2014 618 2095 procedit.
635 2014 719 2077 Dixi
736 2011 943 2098 exemplum:
958 2024 994 2078 ut
1010 2017 1053 2079 de
1069 2013 1192 2080 carnali
1215 2016 1325 2079 venire
1353 2011 1519 2095 possimus
1536 2011 1579 2074 ad
1597 2011 1753 2094 spiritale.
1770 2013 1815 2076 Et

463 2139 523 2182 nos
539 2117 687 2183 diversas
703 2133 863 2201 personas
883 2119 1073 2203 accipimus.
1090 2120 1236 2203 Quando
1253 2119 1340 2182 enim
1358 2116 1488 2189 irascor,
1510 2135 1685 2196 personam
1710 2116 1815 2181 leonis
1836 2131 1865 2184 Ι5

461 2222 603 2286 adsumo
620 2248 626 2288 :
642 2224 778 2306 quando
794 2244 844 2287 res
861 2223 985 2288 alienas
1004 2223 1190 2306 rapio,'lupi
1208 2240 1384 2305 personam
1404 2219 1569 2282 adsumo:
1585 2221 1722 2303 quando
1738 2241 1815 2284 vero

460 2325 602 2390 crudelis
618 2347 691 2391 sum
723 2335 757 2390 et
782 2325 952 2404 interficio,
969 2327 1110 2391 adsumo
1126 2347 1302 2410 personam
1320 2324 1469 2390 crudelis.
1488 2325 1554 2390 Sed
1571 2328 1742 2409 quomodo
1757 2328 1813 2410 qui

461 2441 537 2496 sunt
554 2441 754 2514 peccatores,
771 2431 802 2494 in
820 2431 965 2514 peccatis
988 2431 1113 2495 habent
1129 2432 1276 2496 diversas
1293 2449 1451 2512 personas
1470 2454 1476 2493 :
1492 2429 1539 2493 sic
1556 2432 1743 2494 econtrario
1757 2432 1814 2514 qui

460 2537 565 2600 sancti
594 2545 679 2612 sunt,
707 2536 831 2599 habent
863 2545 895 2598 et
924 2534 985 2616 ipsi
1012 2535 1159 2599 diversas
1186 2555 1353 2617 personas,
1389 2537 1446 2600 sed
1473 2537 1505 2599 in
1537 2537 1635 2601 bono.
1667 2537 1813 2622 Quando

459 2640 688 2722 elemosynam
706 2639 800 2715 facio,
816 2637 924 2701 habeo
949 2659 1125 2720 personam
1152 2640 1246 2722 quasi
1272 2639 1445 2702 clementis
1460 2664 1466 2703 :
1482 2641 1618 2722 quando
1634 2661 1712 2705 vero
1728 2640 1813 2704 bene
1831 2655 1864 2690 20

379 2821 384 2832 ἱ
459 2745 579 2822 iudico,
601 2744 709 2808 habeo
732 2761 908 2825 personam
933 2744 1011 2808 boni
1039 2744 1156 2807 iudicis
1173 2769 1178 2807 :
1195 2745 1330 2826 quando
1359 2763 1438 2806 vero
1465 2744 1616 2808 iniuriam
1645 2744 1753 2826 patior
1780 2752 1813 2807 et

460 2849 592 2912 humilis
619 2869 702 2924 sum,
729 2848 837 2912 habeo
859 2867 1035 2930 personam
1061 2846 1204 2911 humilis.
1229 2846 1351 2910 Infelix
1373 2855 1432 2923 est,
1459 2847 1515 2929 qui
1541 2847 1650 2929 plures
1666 2849 1698 2910 in
1724 2846 1813 2909 malo

458 2953 559 3018 habet
576 2973 756 3034 personas:
773 2951 865 3028 l'elix,
880 2951 935 3033 qui
952 2951 1098 3014 diversas
1116 2970 1273 3031 personas
1290 2951 1391 3013 habet
1409 2951 1441 3012 in
1459 2950 1558 3015 bonu.

501 3056 696 3119 Nescierunt
708 3077 806 3138 neque
827 3055 1058 3130 intellexerunt,
1072 3055 1106 3117 r'n
1122 3054 1260 3118 tenebris
1281 3053 1459 3117 ambulant.
1477 3053 1567 3136 Qui?
1585 3054 1661 3119 mali
1679 3055 1812 3118 iudices.

459 3158 552 3241 Quos
568 3179 632 3240 ego
648 3159 728 3221 deos
744 3159 916 3235 vocabam,
935 3159 1014 3222 vitio
1030 3177 1090 3221 suo
1107 3158 1185 3221 mali
1204 3159 1327 3221 iudices
1345 3156 1504 3237 appellati
1517 3168 1603 3222 sunt.
1620 3158 1814 3222 Nesciemnt
1831 3174 1861 3228 25

459 3283 520 3340 me,
537 3283 634 3344 neque
650 3262 875 3326 intellexerunt
894 3263 1051 3326 iudicium
1069 3282 1201 3325 meum:
1218 3261 1252 3324 in
1269 3260 1406 3323 tenebris
1421 3260 1598 3326 arnbulnnt.
1615 3262 1704 3346 Quia
1720 3263 1811 3326 dere-

458 3365 624 3449 liquerunt
640 3365 757 3443 lucem,
775 3375 949 3449 propterea
967 3365 998 3428 in
1016 3364 1159 3429 tenebris
1176 3364 1358 3428 ambulant.
1378 3365 1453 3446 Ego
1470 3365 1553 3440 dixi,
1567 3387 1627 3430 vos
1648 3367 1727 3431 estis
1752 3367 1811 3430 lux

457 3469 554 3533 huius
574 3471 687 3534 mundi
705 3496 711 3534 :
728 3481 761 3534 et
778 3491 836 3534 vos
862 3470 1054 3534 declinastis
1070 3491 1089 3534 a
1106 3469 1186 3545 luce,
1203 3477 1236 3531 et
1253 3468 1329 3532 lacti
1348 3469 1426 3531 estis
1443 3468 1607 3534 tenebrae.
1626 3469 1714 3553 Quia
1731 3491 1811 3554 ergo

458 3573 519 3636 lroc
536 3573 692 3651 lecerunt,
708 3576 882 3638 videamus
899 3575 978 3656 quid
996 3574 1152 3654 sequitur.

499 3675 846 3740 Mouebnnturomnia
864 3675 1089 3757 furtdamenta
1114 3687 1225 3739 terrae.
1243 3674 1365 3738 Videte
1389 3676 1555 3758 principes
1581 3677 1659 3741 mali
1675 3677 1808 3760 qualem
1830 3699 1861 3750 3⁰

455 3779 581 3843 liabent
592 3781 863 3845 retributionem:
884 3791 1019 3864 propter
1036 3780 1140 3843 malos
1157 3781 1281 3842 iudices
1298 3789 1403 3842 terrae
1421 3778 1639 3845 fundamenta
1655 3783 1810 3864 quatiun-

457 3893 517 3946 tur.
536 3882 612 3947 Hoc
640 3884 770 3947 interim
795 3885 944 3949 diximus
960 3885 1103 3966 primurn
1132 3885 1314 3948 secuudum
1344 3883 1499 3961 litteram,
1523 3886 1681 3967 quoniam
1707 3889 1810 3950 totius

456 3991 544 4054 orbis
572 3993 745 4056 concussio
772 4003 906 4075 propter
932 3992 1037 4056 malos
1062 3991 1186 4056 iudices
1215 3992 1313 4057 venit.
1339 3993 1499 4055 Dicamus
1529 3998 1639 4052 autern
1658 3999 1691 4053 et
1707 3989 1809 4054 aliter.

487 4175 504 4220 4
510 4162 633 4224 populum
646 4161 711 4221 Dei]
721 4163 810 4224 populo
822 4177 872 4210 vieo
885 4163 910 4211 S.
991 4175 1020 4222 14
1030 4162 1059 4210 de
1069 4161 1183 4223 cursuali]
1194 4162 1221 4209 de
1233 4161 1430 4218 ramalibus&
1447 4178 1462 4208 a
1475 4161 1575 4210 ramale
1586 4161 1611 4210 S.
1686 4161 1810 4224 spiritale]

456 4241 498 4290 As
511 4260 517 4298 ;
535 4243 674 4307 spiritalem
688 4243 785 4292 llCGl'.
887 4255 920 4290 20
930 4243 1014 4306 quasi]
1028 4240 1063 4308 liS
1074 4259 1080 4300 3
1093 4259 1142 4290 orn.
1157 4241 1241 4290 ceteri.
1344 4241 1374 4288 28
1386 4242 1474 4303 ludus]
1487 4243 1549 4291 BCS
1560 4261 1566 4299 ;
1579 4259 1628 4290 om.
1645 4241 1716 4310 301¹.

498 4415 521 4452 2.
540 4392 736 4475 r'ueuangelr'o]
751 4395 821 4452 Luc.
845 4397 887 4466 18,
907 4415 930 4452 2.
1160 4392 1255 4450 mollis
1279 4391 1308 4450 in
1325 4393 1471 4451 Venerem
1497 4389 1646 4468 frangitur,
1663 4411 1743 4450 nunc
1758 4403 1811 4450 tre·

500 4496 542 4534 11.
569 4478 646 4535 Solet
669 4478 700 4534 r'n
734 4477 854 4534 theatris
879 4473 950 4554 etc]
980 4475 1103 4534 Hieron.
1160 4475 1257 4532 mulus
1272 4473 1300 4531 in
1315 4471 1529 4548 Cylrelemzita
1544 4484 1572 4532 et
1592 4493 1685 4533 nos...
1704 4485 1746 4533 tot
1762 4474 1810 4531 ha·

455 4557 539 4633 epist.
557 4578 605 4633 43,
622 4579 648 4617 n.
665 4579 679 4615 a
695 4581 701 4616 z
719 4559 779 4615 ‘Et
802 4559 957 4632 quomodo
982 4557 1011 4614 in
1028 4557 1107 4615 theu·
1160 4555 1264 4613 bemus
1285 4573 1476 4630 personarum
1504 4554 1712 4614 similitudines
1736 4565 1810 4630 quot

457 4638 577 4698 trnllbus
592 4639 688 4699 scenis
710 4657 786 4697 unus
801 4649 890 4714 atque
906 4638 985 4698 idem
1006 4635 1108 4696 histrio
1161 4648 1291 4711 peccata.
1308 4639 1314 4662 ’

456 4738 535 4778 nunc
548 4723 712 4780 Herculem
727 4719 864 4779 robustus
876 4719 1017 4790 ostendit,
1029 4737 1109 4776 nunc
1205 4719 1249 4775 28.
1267 4715 1383 4797 nrurrdr‘]
1398 4717 1503 4776 Matth.
1522 4735 1548 4792 5,
1570 4737 1612 4789 ¹4·
