4202 5492
645 399 900 462 rnacrnrus
921 399 980 460 on
1002 399 1170 460 Psnnno
1191 398 1321 460 xcvu.
1579 397 1655 482 145

301 615 386 680 lilius
411 616 552 680 viduae:
578 616 653 680 ideo
678 635 714 680 se
737 615 916 692 contraxit,
932 623 968 680 ut
992 613 1180 679 vivificaret.
1197 613 1282 679 Cum
1299 625 1386 678 esset
1409 613 1442 678 in
1459 613 1566 680 forma
1582 615 1656 690 Dei,

301 721 375 784 ideo
390 720 520 802 accepit
535 719 676 784 formam
693 719 847 796 hominis,
859 718 934 784 ideo
950 738 986 782 se
997 719 1176 795 contraxit,
1189 726 1225 781 ut
1240 738 1301 781 nos
1318 719 1439 782 faceret
1455 719 1598 784 altiores.
1683 709 1688 716 ’

346 824 503 888 Salvam't
515 823 582 888 sibi
605 823 736 888 dextera
751 824 827 888 eius.
853 822 952 906 Quod
970 823 1051 888 dicit
1073 822 1136 888 hoe
1158 832 1207 887 est
1223 847 1230 887 :
1246 822 1395 888 Salvavit
1410 824 1572 902 homines,
1588 845 1654 890 non

301 927 455 1006 alienum,
480 927 539 992 sed
565 947 661 992 suum
677 947 786 1011 opus;
813 926 877 990 hoc
901 937 960 1004 est,
986 928 1076 1010 quod
1094 925 1217 990 fecerat
1237 926 1308 1002 sibi,
1330 927 1391 991 sibi
1413 929 1484 1010 ipse
1508 928 1656 994 salvavit.

271 1049 284 1101 5
304 1031 440 1096 Fecerat
454 1032 626 1096 hominem
643 1031 676 1096 in
701 1031 853 1108 salutem,
868 1031 924 1114 qui
941 1031 1023 1095 vitio
1038 1051 1100 1094 suo
1121 1031 1261 1113 perierat
1276 1055 1284 1095 ε
1299 1032 1362 1094 iste
1379 1042 1529 1096 mortuus
1545 1043 1603 1109 est,
1619 1043 1656 1096 ut

302 1136 445 1200 salvaret
460 1135 523 1199 sibi
549 1135 721 1200 hominem
739 1135 880 1199 dextera
898 1155 966 1198 sua.
994 1135 1145 1198 Dextera
1161 1134 1213 1198 hic
1242 1155 1302 1216 pro
1317 1136 1438 1199 virtute
1464 1137 1607 1218 ponitur,
1623 1147 1657 1200 et

303 1239 473 1304 brachium
496 1259 557 1322 pro
584 1239 710 1304 robore.
732 1238 781 1303 Et
795 1238 962 1302 brachium
987 1248 1135 1302 sunctum
1151 1237 1228 1301 eius.
1257 1237 1351 1302 Licet
1376 1247 1409 1301 et
1437 1239 1607 1302 brachium
1624 1250 1658 1304 et

302 1344 442 1408 dextera
454 1343 594 1426 Xpistus
604 1342 734 1406 dicatur
744 1375 783 1387 —
793 1347 800 1375 ‘
812 1342 964 1406 Dextera
976 1340 1113 1404 Domini
1127 1337 1203 1403 lecit
1214 1340 1369 1408 virtutem
1377 1341 1392 1407 '.
1409 1348 1415 1375 ‘
1428 1344 1472 1408 Et
1485 1343 1656 1408 brachium

304 1447 440 1511 Domini
457 1447 510 1511 cui
527 1447 708 1511 revelatum
740 1446 835 1510 est?'
852 1487 892 1498 -
907 1433 1019 1509 tamen
1045 1444 1203 1527 quoniam
1228 1443 1282 1510 hic
1308 1448 1351 1511 de
1378 1448 1502 1531 Xpisto
1529 1447 1658 1526 dieitur,

259 1571 288 1607 ¹0
303 1557 443 1622 dextera
458 1566 491 1620 et
507 1556 680 1620 brachium
701 1555 837 1620 Domini
850 1555 954 1619 virtus
971 1554 1041 1617 eius
1057 1563 1118 1619 est.

348 1660 473 1726 Notum
490 1660 573 1740 fecit
586 1659 753 1724 Dominus
776 1658 922 1722 salutare
944 1678 1049 1720 suum.
1067 1657 1144 1720 Non
1172 1657 1270 1733 dixit,
1285 1657 1441 1734 ostendit,
1456 1657 1525 1732 sed,
1541 1667 1658 1721 notum

305 1762 391 1829 fecit.
408 1763 508 1846 Quod
524 1764 605 1829 dicit
620 1763 683 1828 hoc
708 1772 778 1827 est:
792 1761 883 1845 quod
899 1772 978 1826 ante
994 1772 1155 1826 noverant
1183 1762 1304 1837 Deum,
1319 1769 1353 1825 et
1376 1781 1437 1825 suo
1461 1761 1542 1825 vitio
1564 1761 1659 1826 obliti

306 1875 392 1931 sunt.
420 1868 510 1949 Ergo
527 1867 619 1930 Deus
641 1867 777 1930 veniens
797 1885 858 1930 sua
882 1866 989 1948 gratia
1004 1866 1067 1929 hoe
1083 1866 1172 1948 quod
1198 1865 1411 1948 perdiderant
1436 1863 1661 1929 manifestavit

306 1969 362 2034 eis.
388 1970 479 2052 Ergo
504 1970 567 2034 hoc
594 1970 695 2034 dicit:
724 1969 822 2034 Illum
839 1989 940 2052 quem
969 1978 1107 2032 noverat
1131 1970 1256 2046 Adam,
1282 1989 1381 2050 quem
1408 1979 1544 2032 noverat
1570 1968 1663 2046 Seth,

261 2089 289 2142 ¹5
306 2092 405 2156 quern
431 2081 569 2136 noverat
600 2073 718 2138 Enoch
744 2075 800 2156 qui
828 2074 994 2137 invocavit
1022 2073 1204 2137 Dominum
1231 2083 1263 2136 et
1290 2072 1435 2154 speravit
1462 2072 1495 2136 in
1517 2091 1603 2150 eum,
1630 2083 1664 2136 et

308 2185 444 2240 noverat
471 2175 553 2252 Noe,
569 2186 602 2240 et
619 2185 735 2259 postea
759 2175 900 2240 oblitum
918 2177 1023 2240 suerat
1043 2176 1226 2240 humanum
1249 2197 1363 2257 genus,
1380 2177 1470 2240 venit
1492 2177 1612 2240 iterum
1629 2177 1662 2241 in

308 2278 480 2354 mundum,
511 2289 548 2343 ut
574 2279 725 2344 homines
755 2281 812 2364 qui
839 2291 956 2364 postea
986 2281 1081 2345 obliti
1113 2279 1242 2345 fuerant
1269 2281 1388 2344 iterum
1416 2289 1663 2362 cognoscerent.

310 2382 434 2446 Notum
447 2381 532 2464 fecit
548 2382 711 2466 Dominus
733 2383 880 2447 salutare
893 2405 999 2449 suum.
1026 2385 1065 2448 In
1092 2382 1248 2447 hebraico
1264 2381 1407 2466 legitur:
1435 2384 1563 2448 Notum
1587 2383 1664 2447 fecit

310 2485 476 2549 Dominus
505 2487 616 2549 Iesum
643 2507 749 2551 suum.
776 2487 989 2571 Ubicumque
1014 2488 1103 2552 enim
1129 2487 1274 2551 salutare
1293 2488 1422 2564 dicitur,
1449 2489 1481 2550 in
1508 2487 1664 2553 hebraico

262 2613 292 2649 20
311 2589 403 2653 lesus
419 2591 562 2670 ponitur.
577 2587 619 2652 ln
634 2599 795 2672 conspectu
805 2589 956 2674 gentium
972 2589 1130 2654 revelavit
1144 2589 1308 2654 iustitiam
1323 2612 1427 2656 suam.
1441 2592 1663 2674 Nequaquam

309 2694 342 2758 in
358 2694 429 2758 sola
447 2695 582 2772 Iudaea,
597 2695 656 2759 sed
674 2695 706 2759 in
723 2704 904 2778 conspectu
926 2696 1084 2777 gentium.
1111 2695 1240 2759 lustum
1257 2695 1346 2760 enim
1363 2705 1442 2770 erat,
1459 2704 1494 2759 ut
1511 2695 1666 2760 Salvator

309 2798 451 2864 salvaret
474 2809 657 2863 creaturam
685 2819 790 2864 suam.
819 2799 990 2862 Revelavit
1004 2799 1168 2862 iustitiam
1183 2819 1299 2863 suam:
1326 2819 1413 2882 quae
1434 2800 1666 2864 incredulitate

310 2902 483 2968 hominum
501 2903 609 2968 suerat
621 2905 809 2967 obscurata.

355 3009 557 3072 Recordalus
580 3018 629 3072 est
652 3005 894 3072 misericordiae
919 3027 1005 3070 suae.
1022 3011 1028 3038 ‘
1045 3005 1218 3071 Conclusit
1238 3005 1352 3070 omnia
1378 3005 1442 3070 sub
1463 3015 1610 3088 peccato,
1631 3016 1668 3070 ut

261 3138 292 3193 ις
309 3114 466 3178 omnibus
492 3111 685 3176 misereatur
701 3111 715 3176 ¹.
740 3111 786 3174 Et
813 3111 981 3174 veritatem
1007 3132 1102 3173 suam
1126 3110 1240 3174 domui
1263 3109 1399 3174 Israhel.
1420 3110 1668 3174 Misericordiae

298 3196 522 3283 recordatur:
543 3215 716 3280 veritatem
738 3215 862 3297 implet.
881 3215 1081 3277 Recordatur
1095 3225 1143 3276 est
1166 3213 1403 3277 misericordiae
1417 3235 1514 3278 suae:
1530 3213 1593 3278 hoc
1609 3223 1668 3292 est,

313 3323 345 3386 in
362 3322 512 3406 gentium
540 3320 709 3404 populum.
729 3319 777 3383 Er
791 3319 962 3383 veritatem
988 3340 1083 3382 sunm
1100 3319 1213 3382 domui
1227 3317 1374 3382 Israhel:
1391 3318 1454 3381 hoc
1475 3339 1575 3400 opere
1590 3338 1667 3384 con·

313 3426 416 3508 plens,
427 3424 518 3509 quod
531 3423 727 3506 patriarchis
745 3423 952 3504 promiserat.

365 3529 527 3596 Vauemnr
539 3527 742 3610 omuesfiues
758 3538 864 3590 terrae
879 3528 1024 3591 salutare
1039 3525 1107 3590 Dei
1121 3528 1231 3590 nostri.
1250 3527 1326 3589 Non
1340 3525 1429 3589 solus
1447 3527 1572 3589 Israhel
1587 3527 1669 3591 vidit

261 3656 296 3710 ³0
314 3644 346 3699 et
365 3633 458 3708 luda,
474 3633 531 3697 sed
548 3651 665 3696 omnes
681 3630 763 3694 fines
778 3653 785 3708 ;
801 3630 976 3714 simulque,
993 3630 1175 3693 secundnm
1194 3630 1352 3712 mysticos
1369 3629 1564 3708 intellectus,
1589 3629 1669 3694 fines

314 3749 429 3803 terrae.
450 3736 620 3821 Quamdiu
649 3735 681 3797 in
700 3735 810 3799 medio
834 3744 940 3798 terrae
967 3754 1091 3808 sumus,
1112 3734 1221 3797 Deum
1251 3734 1362 3798 videre
1387 3753 1453 3798 non
1483 3755 1669 3817 possumus.

347 3946 362 3981 2
373 3927 481 3990 artures]
492 3931 591 3980 latuimus
603 3933 629 3981 S.
706 3930 857 3992 qnlierrurn]
868 3929 961 3978 aliems
974 3929 1001 3980 S.
1069 3925 1270 3992 seceratlseceril
1284 3923 1332 3992 βΒ.
1407 3926 1470 3988 ribi]
1482 3943 1532 3978 non
1545 3937 1624 3994 repet.
1639 3930 1671 3980 G.

314 4013 471 4079 9quemhru]
488 4027 538 4062 om.
554 4009 579 4079 β
660 4011 832 4060 todexterae.
846 4012 868 4060 b.
883 4011 918 4060 D.
932 4027 956 4060 v.
969 4026 990 4059 c.
1004 4010 1050 4072 est]
1069 4025 1119 4060 om.
1136 4009 1212 4078 uun.
1296 4025 1324 4072 14
1344 4010 1482 4078 hoclquod
1500 4011 1628 4078 G3quid
1646 4011 1673 4060 S.

318 4095 405 4156 Illum]
417 4094 464 4143 Ille
477 4090 501 4160 β.
585 4103 613 4156 15
626 4093 777 4154 Dominum]
788 4093 862 4142 deum
873 4093 1061 4156 omnipotentem
1074 4093 1105 4144 G.
1194 4092 1222 4142 16
1233 4092 1450 4153 oblituru10blitus
1462 4092 1486 4160 β
1571 4092 1676 4153 iterum]

316 4176 398 4238 igilur
407 4176 439 4226 G.
540 4185 568 4235 17
580 4174 639 4238 qui]
650 4191 724 4239 quern
736 4175 757 4224 C
770 4187 826 4224 zm.
840 4190 895 4237 sup.
910 4172 954 4222 lin.
1050 4187 1078 4234 19
1089 4173 1211 4234 salutare]
1222 4175 1341 4223 Salvam
1354 4172 1377 4240 β.
1472 4184 1502 4236 25
1516 4175 1675 4235 misereatur]

317 4259 476 4307 misereretur
486 4259 513 4317 S,
527 4257 549 4308 C
560 4273 616 4321 sup.
630 4256 673 4307 lin.
766 4257 895 4306 veritatem
906 4257 990 4317 suarrr]
1000 4256 1066 4306 codd
1077 4275 1084 4316 ;
1095 4257 1281 4307 seruaturum
1294 4254 1319 4322 β.
1412 4268 1442 4317 27
1448 4253 1580 4320 populum]
1590 4257 1656 4306 codd
1669 4275 1675 4314 ς

312 4340 402 4406 papea
415 4338 440 4406 a.

360 4508 386 4565 8.
402 4501 551 4586 uirtutem]
568 4507 613 4566 Ps.
634 4507 758 4580 117,16.
1022 4506 1040 4564 l.
1059 4525 1104 4577 24.

360 4608 387 4663 9.
403 4589 559 4648 revelatum
572 4589 637 4645 esti
666 4588 704 4645 Is.
723 4603 769 4662 53,
790 4605 814 4644 r.
1066 4603 1110 4662 ²5·
1128 4583 1310 4666 misereatur]
1327 4587 1414 4644 Rom.
1436 4604 1481 4657 11,
1499 4605 1545 4660 32.

362 4688 406 4730 20.
424 4669 504 4728 lesus
523 4667 645 4744 ponitur
681 4669 728 4730 Cf.
754 4685 843 4744 supra
869 4669 969 4743 1266,

372 4793 730 4847 meduanam-narn...
