4158 5492
648 400 903 463 TRACTATUS
928 401 984 462 DE
1007 402 1175 464 PSALMO
1199 401 1319 462 LXXV.
1606 397 1661 486 45

306 622 443 705 quando
458 631 570 688 autem
587 621 679 688 venit
694 621 858 702 Salvator,
874 624 906 688 in
934 645 1068 690 omnem
1096 634 1218 688 terram
1235 620 1340 686 exivit
1365 640 1466 686 sonus
1482 620 1561 698 eius,
1577 629 1610 685 et
1627 620 1660 686 in

307 724 389 790 fines
404 728 495 793 orbis
510 737 617 794 terrae
633 729 734 794 verba
748 731 828 796 eius.

349 833 398 897 Et
402 836 520 914 factus
541 843 589 898 est
612 835 647 899 in
667 848 748 919 pace
772 838 858 902 locus
882 838 977 903 eius:
992 837 1083 922 quod
1111 839 1233 904 dicitur
1257 834 1433 900 hebraice‘
1451 835 1483 898 in
1512 832 1625 898 Salem
1643 829 1661 894 ’.

306 938 451 1005 Videtur
466 961 545 1024 ergo
560 943 743 1007 secundum
761 942 905 1036 litteram
922 948 1031 1011 dicere
1050 942 1271 1021 Hierusalem,
1287 941 1350 1006 hoc
1366 951 1416 1007 est
1434 941 1557 1016 Salem,
1574 954 1661 1022 quae

274 1049 288 1105 5
307 1054 385 1110 ante
400 1046 583 1110 vocabatur
599 1047 723 1127 Salem,
737 1058 771 1112 et
797 1063 913 1134 postea
933 1053 1041 1130 lebus,
1056 1062 1089 1116 et
1116 1051 1237 1115 deinde
1253 1050 1344 1114 dicta
1369 1058 1421 1114 est
1439 1050 1662 1118 Hierusalem.

310 1149 380 1213 Ista
395 1161 445 1215 est
462 1151 586 1228 Salem,
602 1152 634 1216 ln
652 1173 718 1235 qua
734 1155 795 1220 luit
822 1179 880 1222 rex
898 1158 1154 1223 Melchisedech.
1184 1157 1344 1238 Legimus
1361 1159 1368 1188 ‘
1385 1156 1437 1218 Tu
1453 1176 1489 1218 es
1505 1158 1662 1221 sacerdos

308 1255 341 1316 in
351 1265 524 1321 aeternum
537 1258 718 1321 secundum
730 1261 880 1326 ordinem
894 1262 1140 1327 Melchisedech
1153 1262 1169 1326 ’.
1182 1261 1258 1324 Non
1270 1260 1369 1336 dixit,
1379 1261 1561 1323 secundum
1574 1261 1661 1324 ordi-

308 1379 385 1424 nem
410 1360 536 1441 Aaron,
562 1363 619 1426 sed
647 1362 903 1433 Melchisedech.
930 1367 1018 1450 Quid
1036 1366 1141 1431 voluit
1167 1367 1286 1440 dicere,
1311 1363 1364 1427 Tu
1392 1383 1426 1428 es
1443 1365 1598 1428 sacerdos
1626 1365 1658 1428 in

307 1473 478 1529 aeternum
489 1467 671 1530 secundum
687 1467 839 1531 ordinem
854 1467 1127 1532 Melchisedech?
1144 1466 1361 1530 Manifestum
1373 1473 1434 1539 est,
1449 1465 1537 1548 quod
1552 1465 1584 1529 in
1602 1465 1660 1528 illo

258 1577 290 1615 ¹0
308 1566 382 1633 loco
396 1569 439 1634 de
456 1570 579 1652 Xpisto
605 1570 733 1635 dicitur.
759 1572 827 1637 Sed
844 1573 924 1655 quid
941 1573 996 1650 ait,
1012 1573 1195 1637 secundum
1217 1572 1369 1636 ordinem
1388 1571 1660 1636 Melchisedech?

309 1671 423 1737 Aaron
441 1674 593 1738 victimas
609 1673 740 1750 obtulit,
758 1675 870 1740 Aaron
885 1675 1067 1741 hostiarum
1081 1675 1277 1758 sanguinem
1291 1675 1396 1739 ludit:
1414 1675 1661 1740 Melchisedech
1708 1753 1717 1770 ι

308 1777 388 1842 nihil
413 1777 532 1842 horum
561 1779 647 1856 iecit,
662 1777 721 1842 sed
745 1781 981 1845 tantummodo
997 1800 1117 1862 panem
1147 1789 1179 1844 et
1204 1779 1318 1843 vinum
1343 1779 1475 1844 obtulit.
1493 1780 1569 1843 Hoc
1585 1779 1663 1844 fecit

308 1902 388 1966 ergo
405 1882 675 1948 Melchisedech:
702 1893 735 1949 et
762 1895 939 1966 propterea
963 1885 1092 1961 dicitur,
1107 1883 1290 1948 secundum
1319 1883 1469 1948 ordinem
1488 1882 1661 1947 Melchise-

308 1985 401 2052 dech.
430 1987 469 2052 In
498 1986 654 2052 hebraico
680 1985 867 2053 habet‘Et
895 1988 1087 2054 factumest
1114 1988 1146 2051 in
1172 1986 1284 2053 Salem
1314 1985 1543 2052 umbraculum
1561 1987 1631 2051 eius
1647 1990 1663 2050 '.

260 2097 289 2153 Ι5
309 2089 431 2155 Videte
447 2091 527 2174 quid
543 2091 653 2156 dicat:
670 2091 852 2156 secundum
866 2092 1112 2174 trophologiam
1131 2113 1196 2155 non
1208 2101 1259 2156 est
1271 2091 1500 2156 umbraculum
1516 2092 1663 2167 Domini,

309 2195 372 2258 nisi
389 2195 444 2260 ubi
473 2217 542 2279 pax
567 2205 627 2262 est.
645 2195 713 2262 Ubi
738 2195 813 2261 lites
829 2207 929 2280 atque
953 2193 1127 2275 discordia,
1144 2196 1187 2259 ibi
1213 2209 1348 2264 nonest
1376 2207 1544 2282 protector
1561 2200 1661 2264 Deus.

310 2299 470 2364 Dicamus
497 2309 531 2365 et
555 2300 739 2364 secundum
768 2302 997 2385 Septuaginta.
1023 2302 1134 2366 Locus
1159 2301 1223 2366 Dei
1240 2323 1306 2370 non
1333 2315 1393 2384 est,
1409 2305 1472 2368 nisi
1500 2306 1532 2369 in
1550 2305 1661 2369 anima

309 2425 394 2488 quae
411 2427 526 2491 pacem
543 2408 665 2473 habet:
680 2428 766 2490 quae
780 2421 862 2490 'ergo
876 2411 990 2475 anima
1006 2431 1072 2474 non
1088 2410 1190 2475 habet
1206 2430 1334 2494 pacem,
1349 2410 1433 2476 sciat
1448 2430 1484 2474 se
1506 2430 1572 2474 non
1589 2429 1662 2474 esse

309 2510 418 2576 locum
436 2512 509 2576 Dei.
525 2513 664 2578 ‘Pacem
690 2533 797 2578 meam
814 2515 860 2578 do
875 2513 979 2591 vobis,
991 2535 1108 2596 pacem
1125 2534 1234 2579 meam
1253 2507 1404 2596 relinquo
1419 2514 1514 2579 vobis
1530 2513 1547 2578 '.
1565 2513 1660 2576 Haec

258 2625 292 2664 20
309 2626 359 2680 est
386 2615 569 2682 Salvatoris
592 2617 767 2684 hereditas.
793 2618 841 2683 Et
853 2617 1013 2684 habitatio
1035 2618 1105 2684 eius
1131 2618 1166 2682 in
1193 2618 1283 2683 Sion.
1299 2617 1493 2683 Secundum
1517 2617 1662 2682 litteram

310 2739 486 2802 possumus
512 2721 623 2786 dicere
642 2721 685 2785 de
712 2721 923 2787 Hierusalem
951 2732 985 2788 et
1010 2723 1103 2802 Sion,
1129 2722 1287 2806 quoniam
1314 2721 1359 2785 ibi
1387 2721 1449 2786 fuit
1476 2719 1661 2802 templum:

309 2826 490 2891 secundum
506 2825 755 2910 trophologiam
767 2848 845 2892 vero
856 2837 890 2892 et
905 2848 1079 2912 anagogen
1096 2827 1247 2903 dicimus,
1258 2826 1337 2909 quia
1352 2826 1386 2889 in
1404 2825 1485 2890 Sion
1499 2824 1664 2890 habitatio

310 2930 374 2995 Dei
398 2931 449 2996 sit.
466 2931 547 2997 Sion
574 2932 809 3014 interpretatur
830 2929 986 3014 specula:
1014 2933 1045 2995 in
1063 2949 1273 3014 quacumque
1299 2949 1380 3013 ergo
1406 2929 1519 2993 anima
1544 2928 1663 2993 notitia

309 3033 544 3118 scripturarum
560 3046 612 3101 est
627 3045 728 3120 atque
744 3036 904 3114 doctrina,
921 3035 966 3099 ibi
982 3033 1112 3099 habitat
1129 3036 1231 3101 Deus.

258 3147 289 3201 25
351 3139 405 3205 Ibi
427 3139 587 3223 confregit
601 3140 823 3222 fortitudines
847 3161 992 3205 armum.
1011 3140 1070 3203 lbi.
1088 3139 1182 3204 Ubi?
1210 3142 1247 3204 ln
1275 3136 1484 3200 Hierusalem
1512 3143 1546 3199 et
1572 3134 1663 3199 Sion.

342 3371 356 3421 3
367 3353 440 3423 quod]
451 3359 551 3424 quando
563 3358 640 3408 ABC.
742 3373 757 3418 4
768 3359 857 3423 dicere]
867 3375 917 3409 om.
933 3358 963 3408 C.
1064 3358 1107 3406 hoc
1116 3365 1152 3407 est
1163 3358 1256 3424 Salem]
1269 3358 1334 3406 CSG
1348 3359 1440 3417 (Saline
1453 3359 1487 3418 G)
1500 3375 1506 3416 ς
1523 3373 1573 3406 om.
1591 3354 1662 3423 βΑΒ.

312 3440 504 3502 loar'tlagr'tB.
593 3451 601 3487 1
607 3439 819 3504 strophologrbm]
832 3441 871 3490 Ita
882 3439 955 3489 codd.
1043 3439 1149 3500 Ibliies]
1166 3439 1221 3488 liris
1239 3439 1289 3490 BC.
1376 3453 1407 3488 20
1418 3439 1663 3499 Serrrnrr'rem'lEtse·

308 3522 417 3570 cundum
429 3521 459 3572 C.
562 3534 593 3570 22
604 3513 739 3584 arragogen]
751 3521 875 3583 anqmgin
889 3519 918 3568 L.
1020 3533 1050 3583 23
1062 3521 1168 3586 sperula]
1177 3521 1300 3584 speculum
1312 3521 1390 3570 BCG.
1492 3531 1521 3584 25
1534 3520 1665 3584 confregit]

309 3603 446 3668 rmsringr't
457 3604 481 3653 G
491 3619 499 3662 ς
510 3603 650 3668 confringet
660 3603 687 3653 S.
787 3609 812 3650 et
822 3603 895 3669 Sio‘n]
906 3609 930 3650 et
940 3603 969 3651 r'n
982 3603 1043 3652 Sion
1053 3601 1083 3652 C.

311 3793 340 3854 in
356 3797 470 3857 Eccles.
488 3797 531 3854 M.
550 3815 597 3871 23,
623 3815 695 3854 1111
713 3818 719 3854 :
745 3795 880 3856 ‘Reddit
894 3816 960 3855 cau·
1013 3809 1041 3854 at
1057 3794 1206 3856 decennio
1220 3808 1289 3856 ante
1304 3794 1333 3856 in
1349 3795 1455 3856 librum
1473 3795 1567 3856 Hebr.
1579 3815 1666 3872 quae-

310 3896 462 3956 sasquare
478 3875 536 3937 Dei
551 3880 665 3937 donum
690 3875 812 3950 sit';in
832 3879 870 3937 Is.
892 3898 914 3952 r,
934 3897 959 3952 7.
1014 3876 1144 3936 stionum
1174 3877 1203 3936 in
1229 3878 1371 3938 Genesim
1411 3898 1457 3952 14,
1491 3881 1524 3936 18
1552 3878 1666 3954 absque

312 3963 320 3990 ⁸
346 3957 519 4036 Redditque
547 3977 652 4018 causas
686 3976 777 4036 quare
806 3959 961 4036 proiecerit
1013 3960 1153 4036 scrupulo
1169 3961 1232 4033 lpse
1255 3961 1401 4020 retulerat.
1419 3963 1427 3990 ‘
1443 3962 1534 4018 Porro
1557 3959 1665 4031 Salem,

314 4041 395 4100 Deus
406 4042 434 4114 ’3
449 4038 519 4099 ibid.
539 4059 585 4112 21,
602 4041 620 4098 6
635 4059 700 4118 sqq.
718 4042 726 4073 ‘
741 4041 854 4101 Causas
864 4041 962 4100 reddit
1015 4039 1118 4116 inquit,
1130 4059 1179 4100 rex
1192 4041 1354 4102 Ierusalem
1366 4041 1482 4114 dieitur,
1496 4059 1573 4117 quae
1586 4039 1665 4116 prius
1778 4073 1786 4082 ·

311 4120 468 4198 superioris
496 4120 671 4192 formidinis,
707 4139 800 4196 quare
827 4125 962 4197 angustia
1014 4123 1112 4182 Salem
1125 4122 1353 4199 appellabatur'.
1367 4123 1406 4181 Et
1417 4125 1455 4182 ad
1465 4142 1490 4181 c.
1505 4141 1551 4196 33,
1565 4142 1590 4181 v.
1612 4125 1665 4180 18:

312 4202 475 4278 possederit
489 4203 595 4276 eum';
610 4200 682 4263 ibid.
700 4205 745 4274 26,
765 4223 801 4260 10
818 4203 960 4263 ‘Reddit-
1014 4209 1104 4262 ‘cum
1121 4205 1293 4276 Ierusalem,
1311 4205 1339 4262 in
1359 4222 1418 4279 qua
1444 4202 1576 4279 regnavit
1593 4205 1666 4262 Mel-

311 4303 370 4359 que
383 4303 496 4355 causas,
512 4303 604 4360 quare
619 4301 687 4344 eum
704 4283 772 4344 velit
788 4286 794 4312 '
809 4295 864 4343 etc.
1011 4285 1181 4356 chisedech,
1198 4285 1296 4345 Salem
1312 4296 1381 4345 ante
1396 4285 1433 4344 sit
1448 4284 1528 4344 dicta
1543 4286 1558 4342 '.

354 4385 378 4425 2.
394 4365 481 4424 verba
494 4363 566 4446 rius]
581 4367 626 4424 Ps.
647 4368 692 4436 18,
709 4381 735 4442 5.
1055 4383 1079 4441 7.
1097 4362 1310 4446 Melchisedech]
1326 4369 1373 4426 Ps.
1394 4386 1458 4442 109,
1469 4386 1495 4438 4.

336 4467 377 4519 ·4.
395 4447 590 4519 Hierusalem,
611 4447 662 4504 lroc
682 4455 725 4505 est
745 4444 854 4526 Salem]
871 4451 960 4507 Hanc
1056 4467 1099 4520 14.
1108 4449 1307 4506 utubrrrcrrlmu
1317 4444 1389 4528 er'us]
1401 4446 1573 4507 Psaltiuxta
1585 4445 1665 4506 hebr.

310 4527 484 4603 opinionem
509 4528 547 4589 de
563 4529 723 4588 Ierusalem
747 4528 869 4590 nomine
892 4528 961 4589 licet
1016 4528 1210 4606 Hieronymi:
1227 4535 1235 4560 ‘
1252 4531 1289 4587 Et
1304 4528 1356 4587 erit
1379 4529 1409 4588 in
1425 4530 1521 4588 Salem
1536 4529 1665 4588 taberna-

311 4609 340 4668 S.
358 4611 444 4669 Pater
469 4607 498 4668 in
513 4628 559 4686 ep.
578 4626 613 4684 72
639 4609 678 4668 ad
699 4610 882 4686 Evangelum
898 4631 925 4668 n.
946 4629 960 4684 7
1013 4612 1112 4669 culum
1129 4612 1192 4670 eius
1205 4614 1219 4670 ’.
1402 4624 1404 4630 ’

311 4689 470 4754 absurdam
499 4709 564 4751 esse
591 4701 692 4768 aperte
720 4691 960 4770 pronuntIaveril,
1058 4690 1397 4775 10.vobt's]Io.14,27.
