4092 5502
453 393 537 496 336
835 413 862 470 s,
890 411 1144 472 urunouvrur
1168 413 1432 472 pensaurum

456 631 639 695 Hominem
653 629 810 711 relinque,
824 627 888 691 hoc
903 637 963 704 est,
979 629 1222 710 possessionem
1239 629 1371 712 proprie
1388 627 1588 694 meam.'Exi
1604 629 1647 693 de
1662 627 1808 692 homine:

455 735 534 800 nolo
547 746 581 801 te
607 733 777 798 hominem
806 731 976 814 possidere
991 731 1131 796 :iniuria
1148 752 1222 796 mea
1245 742 1296 796 est
1313 742 1346 796 te
1361 733 1484 796 versari
1501 733 1533 796 in
1561 731 1706 808 homine,
1732 752 1807 797 curn

453 859 518 922 ego
534 859 643 904 verser
673 838 707 901 in
731 835 876 900 homine.
894 836 968 918 Ego
991 836 1163 919 adsumpsi
1190 856 1311 919 corpus
1336 836 1530 914 humanum,
1546 855 1610 917 ego
1637 835 1754 900 habito
1777 836 1809 898 in

454 944 612 1008 homine:
637 962 714 1006 caro
730 941 803 1018 ista,
826 960 927 1023 quam
955 942 1115 1024 possides,
1132 961 1225 1006 meae
1248 941 1356 1006 carnis
1372 940 1483 1024 portio
1498 951 1548 1005 est
1563 963 1570 1004 :
1586 940 1743 1023 egredere
1767 939 1811 1004 de

455 1047 600 1116 homine.
1843 1058 1856 1110 5

499 1151 547 1215 Et
559 1150 738 1233 discerpens
752 1149 847 1214 etium
862 1149 998 1231 spiritns
1014 1147 1201 1212 intercades.
1215 1148 1374 1212 Dolorem
1399 1167 1496 1212 suum
1513 1147 1564 1211 his
1580 1148 1683 1230 signis
1699 1157 1810 1212 osten·

456 1254 718 1338 dit.Discerpens
730 1253 988 1338 equuoniam
1005 1251 1152 1316 animam
1164 1251 1294 1314 laedere
1311 1271 1377 1314 non
1390 1259 1530 1332 poterat,
1542 1271 1662 1334 corpus
1674 1251 1808 1333 quidem

456 1361 579 1424 laedit:
595 1357 825 1440 sedquoniam
847 1357 913 1420 alio
939 1358 1041 1421 modo
1058 1377 1123 1420 non
1142 1365 1272 1438 poterat
1295 1354 1441 1438 intellegi
1458 1355 1632 1436 egrediens
1656 1356 1810 1432 daemon,

456 1462 560 1546 signis
576 1461 742 1543 corporeis
758 1460 945 1525 ostenditur
961 1463 1051 1544 quod
1078 1481 1230 1544 egressus
1246 1461 1297 1525 sit.
1316 1459 1360 1524 Et
1376 1461 1568 1541 discerpens
1583 1480 1660 1523 eum
1677 1460 1809 1542 spiritus

457 1563 646 1630 inmundus.
665 1561 751 1644 Quia
767 1563 901 1645 spiritus
918 1566 1062 1630 mundus
1086 1565 1206 1642 stabat,
1222 1574 1397 1647 propterea
1421 1562 1505 1646 sugit
1520 1562 1655 1647 spiritus
1681 1563 1810 1628 inmun·
1830 1582 1858 1618 10

457 1665 578 1733 dus.Et
590 1665 774 1729 exclamans
788 1686 860 1729 voce
874 1689 1004 1752 magua,
1021 1669 1123 1732 exivit
1136 1669 1177 1732 ab
1191 1690 1232 1732 eo.
1250 1668 1443 1732 Exeuntem
1454 1688 1491 1730 se
1513 1675 1547 1730 et
1561 1665 1709 1731 clamore
1723 1667 1811 1730 vocis

459 1781 492 1836 et
508 1768 731 1853 discerptione
746 1771 893 1852 corporis
909 1783 1112 1854 protestatus
1126 1782 1185 1836 est.
1201 1771 1249 1834 Et
1274 1771 1393 1835 mirati
1403 1780 1483 1834 sunt
1496 1791 1613 1848 omnes,
1629 1770 1677 1834 ita
1693 1780 1730 1834 nt
1743 1791 1810 1834 con-

458 1877 625 1960 quirerent
646 1877 733 1940 inter
745 1897 778 1940 se
792 1886 825 1942 et
841 1885 959 1940 cetera.
985 1877 1152 1960 Legamus
1170 1878 1258 1942 Acta
1279 1876 1516 1961 apostolorum,
1537 1874 1687 1958 legamus
1717 1877 1811 1959 signa

460 1999 545 2062 quae
561 1979 709 2042 lecerunt
731 1987 858 2042 veteres
874 1979 1065 2062 prophetae.
1084 1979 1178 2060 Facit
1201 1981 1296 2063 signa
1314 1981 1458 2062 Moyses,
1473 1988 1507 2042 et
1525 1979 1604 2061 quid
1622 1979 1738 2044 dicunt
1765 1981 1811 2042 in·

460 2093 650 2148 cantatores
667 2083 893 2147 Pharaonist‘
910 2083 1046 2166 Digitus
1074 2083 1138 2152 Dei
1166 2094 1216 2148 est
1229 2085 1244 2148 ’.
1262 2085 1398 2166 Moyses
1415 2082 1503 2160 lacit,
1526 2094 1559 2147 et
1576 2083 1620 2147 illi
1640 2093 1811 2166 potentem
1832 2100 1857 2152 ¹5

460 2187 562 2251 aliurn
579 2185 786 2252 confitentur.
804 2186 937 2251 Deinde
954 2185 1078 2252 faciunt
1102 2187 1244 2270 apostoli
1260 2189 1365 2270 signa.
1389 2192 1396 2220 ¹
1414 2188 1454 2251 In
1470 2187 1606 2262 nomine
1624 2187 1699 2252 lesu
1715 2208 1811 2272 surge

460 2301 493 2355 et
509 2291 645 2355 ambula
655 2293 670 2354 '.
687 2295 694 2323 ‘
712 2292 757 2354 Et
773 2291 806 2353 in
823 2289 950 2375 spiritu,
962 2289 1079 2375 inquit,
1097 2291 1173 2354 Iesu
1197 2292 1353 2373 egredere
1363 2295 1379 2355 ’.
1396 2290 1537 2372 Semper
1555 2291 1813 2362 lesusnomina·

461 2407 523 2461 tur.
542 2397 607 2460 Hic
624 2415 701 2459 vero
716 2395 796 2476 quid
814 2394 918 2458 dicit?
936 2394 1003 2459 Exi
1019 2395 1062 2458 de
1078 2393 1222 2461 homine.
1240 2394 1316 2459 Non
1341 2394 1533 2459 nominatur
1549 2393 1633 2458 alius
1648 2415 1656 2472 ;
1672 2396 1731 2460 sed
1745 2396 1814 2476 ipse

461 2509 521 2574 est,
544 2499 600 2584 qui
626 2498 716 2580 cogit
742 2517 801 2560 eos
816 2499 917 2562 exire.
944 2497 1071 2562 Mirati
1081 2506 1160 2562 sunt
1184 2518 1300 2576 omnes,
1316 2497 1363 2562 ita
1379 2507 1418 2562 ut
1432 2498 1518 2561 inter
1539 2518 1574 2562 se
1595 2500 1816 2581 conquirerent

460 2601 597 2666 dicentes
607 2625 619 2665 .·
634 2595 801 2680 Quidnam
816 2609 864 2664 est
877 2600 933 2664 icoc
942 2601 962 2664 t
972 2621 1056 2683 quac
1069 2599 1215 2665 doctrina
1230 2601 1307 2666 lraec
1320 2622 1404 2665 nova
1416 2602 1437 2665 d
1450 2600 1538 2684 Quia
1549 2603 1693 2668 daemon
1707 2623 1813 2685 egres·
1832 2625 1864 2660 20

461 2725 517 2770 sus
534 2705 650 2782 iuerat,
668 2703 748 2768 nihil
767 2723 890 2768 novum
911 2703 974 2767 hoc
989 2728 996 2767 :
1009 2724 1086 2768 nam
1103 2715 1137 2768 et
1153 2706 1342 2770 exorcistae
1360 2705 1592 2778 Hebraeorum
1610 2705 1718 2771 lacere
1736 2727 1812 2771 con·

462 2819 647 2874 sueverant.
665 2807 732 2873 Sed
750 2807 829 2891 quid
847 2805 953 2870 dicit?
970 2805 1067 2889 Quae
1094 2819 1143 2872 est
1171 2808 1252 2874 haec
1269 2809 1421 2873 doctrina
1448 2828 1535 2872 nova
1551 2813 1564 2871 t
1582 2808 1678 2892 Quae
1704 2815 1815 2875 nova?

465 2913 553 2992 Quia
578 2913 613 2980 in
621 2922 780 2996 potestate
803 2909 973 2994 spiritibus
989 2911 1158 2975 inmundis
1184 2912 1330 2994 imperat.
1347 2913 1424 2976 Non
1440 2911 1542 2976 alium
1570 2914 1731 2990 nominat,
1757 2913 1814 2977 sed

464 3019 535 3100 ipse
552 3001 733 3100 praecipit:
751 3035 816 3079 non
834 3016 867 3078 in
885 3015 1021 3078 alterius
1038 3017 1172 3080 nomine
1188 3017 1278 3093 dicit,
1294 3017 1352 3081 sed
1370 3018 1403 3080 in
1419 3034 1479 3079 sua
1497 3025 1671 3097 potestate.

505 3121 553 3183 Et
559 3120 715 3201 processit
727 3118 841 3184 statim
857 3138 972 3182 rumor
983 3117 1053 3184 eius
1068 3120 1102 3182 in
1118 3141 1242 3186 omnem
1259 3119 1417 3202 regionem
1437 3118 1611 3186 Galilaeae.
1618 3119 1695 3186 Non
1712 3122 1744 3186 in
1763 3121 1816 3186 Iu·
1835 3147 1866 3198 25

462 3226 590 3300 daeam,
606 3244 673 3288 non
690 3225 722 3287 in
732 3223 1012 3306 ‚Hierosolymam
1028 3224 1203 3288 :doctores
1220 3225 1308 3288 enim
1324 3223 1523 3288 ludaeorum
1541 3224 1728 3290 invidentes
1742 3224 1816 3289 lesu

463 3347 628 3392 rumorem
645 3329 757 3410 egredi
775 3349 840 3392 non
857 3327 1021 3402 sinebant.
1048 3327 1202 3411 Denique
1218 3338 1251 3392 et
1268 3327 1394 3392 Pilatus
1410 3337 1443 3392 et
1466 3327 1521 3392 alii
1539 3339 1699 3398 noverant
1726 3327 1817 3413 quod

463 3431 630 3496 Pharisaei
649 3432 758 3495 lesum
776 3445 909 3517 propter
925 3433 1084 3504 invidiam
1101 3435 1322 3500 tradidissent.
1336 3435 1475 3498 'Rumor
1489 3453 1570 3516 ergo
1585 3434 1769 3517 ingreditur
1783 3435 1816 3497 in

462 3555 518 3598 eas
534 3554 640 3612 aures,
655 3553 740 3618 quae
755 3536 878 3601 invidia
896 3556 961 3600 non
978 3537 1185 3603 clauduntur.
1204 3538 1281 3603 Hoc
1297 3547 1404 3604 toturn
1421 3555 1523 3618 quare
1535 3537 1636 3601 dico?
1652 3536 1742 3619 Quia
1766 3557 1818 3600 ru·
1892 3574 1897 3586 ·

464 3638 620 3701 moreius
636 3656 788 3719 egressus
804 3640 901 3703 estin
918 3661 1052 3724 omnem
1070 3640 1263 3706 Galilaeam.
1282 3643 1320 3705 In
1338 3651 1444 3707 totam
1460 3637 1643 3705 Galilaeam
1660 3641 1819 3725 pervenit,
1838 3669 1871 3720 30

463 3751 496 3805 et
512 3742 545 3805 in
563 3759 665 3805 unum
683 3741 827 3806 viculum
847 3742 991 3808 iudaeae
1007 3766 1072 3809 non
1101 3747 1259 3830 pervenit.
1279 3747 1354 3810 Hoc
1371 3755 1479 3809 totum
1497 3764 1599 3828 quare
1615 3746 1714 3810 dico?
1731 3744 1819 3828 Quia

463 3846 575 3910 anima
591 3865 677 3929 quae
694 3845 796 3908 semel
813 3867 966 3928 possessa
984 3848 1079 3913 luerit
1095 3851 1139 3913 ab
1163 3850 1297 3925 invidia,
1311 3848 1446 3914 difficile
1461 3861 1511 3914 est
1528 3859 1564 3914 ut
1581 3850 1718 3916 virtutes
1739 3853 1819 3916 reci·

464 3951 541 4033 piat
560 3947 759 4033 inpossibile
774 3969 881 4032 paene
908 3961 958 4016 est
984 3954 1157 4017 remediari
1184 3955 1341 4030 animam,
1356 3947 1457 4038 quam
1486 3955 1610 4020 invidia
1627 3957 1819 4040 possederit.

496 4153 512 4204 6
523 4153 575 4218 his]
586 4153 674 4220 scripsi
688 4171 695 4214 ς
707 4153 748 4204 iic
759 4169 788 4222 χ.
802 4151 842 4204 Cl.
857 4153 948 4214 Morel,
962 4153 1010 4204 col.
1027 4165 1098 4204 1010.
1173 4167 1190 4216 9
1200 4157 1329 4222 corporcis]
1341 4156 1428 4222 scripsi
1438 4177 1445 4218 ς
1457 4159 1564 4226 corporis
1575 4175 1602 4229 χ.
1682 4170 1713 4221 27
1724 4159 1822 4224 egredi]

465 4251 486 4304 χ
497 4237 554 4301 (pro
567 4236 684 4300 ingredi?
694 4235 726 4285 cl.
741 4235 758 4283 l.
773 4237 832 4299 sq.).

508 4429 551 4488 15.
569 4413 683 4472 Deiest
711 4413 850 4484 Exod.8,
867 4432 911 4489 19.
1169 4416 1197 4475 in
1226 4419 1332 4480 liant.
1363 4440 1408 4495 12,
1425 4439 1461 4496 27
1491 4421 1605 4482 ‘Filios
1629 4425 1821 4498 ludaeorum,

509 4512 551 4568 17·
568 4495 685 4553 corbulo
714 4497 780 4554 Act.
798 4514 825 4570 3,
843 4497 868 4553 6.
1169 4499 1214 4556 vel
1230 4501 1389 4562 exorcistas
1413 4502 1510 4580 gentis
1535 4501 1612 4564 illius
1626 4522 1663 4563 ex
1688 4521 1771 4566 more
1784 4503 1824 4564 si-

568 4571 707 4655 egredere]
721 4573 793 4634 ibid.
810 4578 854 4648 16,
875 4577 917 4634 18.
1168 4579 1298 4655 gnificat,
1315 4583 1360 4642 vel
1375 4584 1528 4659 apostolos
1542 4585 1550 4614 ’
1564 4595 1620 4644 etc.

507 4676 551 4716 21.
570 4657 723 4715 exorcistae
747 4653 961 4737 Hebraeorum]
989 4657 1115 4718 Hieron.
1211 4663 1256 4720 28.
1274 4659 1473 4744 tradidissent]
1490 4665 1600 4729 Malth.
1617 4683 1664 4741 27,
1684 4669 1727 4728 18.
