<?xml version="1.0" encoding="UTF-8"?>
<!DOCTYPE html PUBLIC "-//W3C//DTD XHTML 1.0 Transitional//EN"
    "http://www.w3.org/TR/xhtml1/DTD/xhtml1-transitional.dtd">
<html xmlns="http://www.w3.org/1999/xhtml" xml:lang="en" lang="en">
 <head>
  <title>
</title>
<meta http-equiv="Content-Type" content="text/html;charset=utf-8" />
  <meta name='ocr-system' content='tesseract 3.04.00' />
  <meta name='ocr-capabilities' content='ocr_page ocr_carea ocr_par ocr_line ocrx_word'/>
</head>
<body>
  <div class='ocr_page' id='page_1' title='image "./commentarioliin00morigoog/commentarioliin00morigoog_0075.png"; bbox 0 0 4112 5496; ppageno 0'>
   <div class='ocr_carea' id='block_1_1' title="bbox 448 399 1801 495">
    <p class='ocr_par' dir='ltr' id='par_1_1' title="bbox 448 399 1801 495">
     <span class='ocr_line' id='line_1_1' title="bbox 448 399 1801 495; baseline -0.004 -21"><span class='ocrx_word' id='word_1_1' title='bbox 448 413 504 495; x_wconf 87' lang='lat'>40</span> <span class='ocrx_word' id='word_1_2' title='bbox 907 399 1062 474; x_wconf 73' lang='lat' dir='ltr'>ssuc&#39;rr</span> <span class='ocrx_word' id='word_1_3' title='bbox 1093 405 1346 474; x_wconf 70' lang='lat' dir='ltr'>munorum</span> <span class='ocrx_word' id='word_1_4' title='bbox 1698 403 1801 488; x_wconf 73' lang='lat' dir='ltr'>[xxxo</span> 
     </span>
    </p>
   </div>
   <div class='ocr_carea' id='block_1_2' title="bbox 339 605 1805 996">
    <p class='ocr_par' dir='ltr' id='par_1_2' title="bbox 339 605 1805 996">
     <span class='ocr_line' id='line_1_2' title="bbox 448 605 1803 733; baseline -0.005 -19"><span class='ocrx_word' id='word_1_5' title='bbox 448 623 705 731; x_wconf 86' lang='lat' dir='ltr'>Abessalon,</span> <span class='ocrx_word' id='word_1_6' title='bbox 728 617 770 715; x_wconf 80' lang='lat' dir='ltr'>et</span> <span class='ocrx_word' id='word_1_7' title='bbox 808 615 1048 713; x_wconf 84' lang='lat' dir='ltr'>Dominum</span> <span class='ocrx_word' id='word_1_8' title='bbox 1069 617 1096 711; x_wconf 82' lang='lat' dir='ltr'>a</span> <span class='ocrx_word' id='word_1_9' title='bbox 1118 625 1333 711; x_wconf 88' lang='lat' dir='ltr'>Farisaeis</span> <span class='ocrx_word' id='word_1_10' title='bbox 1353 638 1440 710; x_wconf 91' lang='lat' dir='ltr'>eta</span> <span class='ocrx_word' id='word_1_11' title='bbox 1463 605 1647 712; x_wconf 82' lang='lat' dir='ltr'>Iudaeis.</span> <span class='ocrx_word' id='word_1_12' title='bbox 1684 625 1803 733; x_wconf 81' lang='lat' dir='ltr'>Quia</span> 
     </span>
     <span class='ocr_line' id='line_1_3' title="bbox 339 753 1805 882; baseline -0.003 -29"><span class='ocrx_word' id='word_1_13' title='bbox 339 781 343 790; x_wconf 84' lang='lat'>&#39;</span> <span class='ocrx_word' id='word_1_14' title='bbox 448 753 681 854; x_wconf 79' lang='lat' dir='ltr'>veritatem</span> <span class='ocrx_word' id='word_1_15' title='bbox 703 769 891 882; x_wconf 79' lang='lat' dir='ltr'><em>requirit</em></span> <span class='ocrx_word' id='word_1_16' title='bbox 910 767 1138 852; x_wconf 80' lang='lat' dir='ltr'><em>Dominus,</em></span> <span class='ocrx_word' id='word_1_17' title='bbox 1162 767 1347 878; x_wconf 89' lang='lat' dir='ltr'>Aquila:</span> <span class='ocrx_word' id='word_1_18' title='bbox 1372 771 1380 806; x_wconf 87' lang='lat'>‘</span> <span class='ocrx_word' id='word_1_19' title='bbox 1403 765 1519 876; x_wconf 77' lang='lat' dir='ltr'>Quia</span> <span class='ocrx_word' id='word_1_20' title='bbox 1549 763 1697 850; x_wconf 90' lang='lat' dir='ltr'>fideles</span> <span class='ocrx_word' id='word_1_21' title='bbox 1718 792 1805 849; x_wconf 90' lang='lat' dir='ltr'>ser-</span> 
     </span>
     <span class='ocr_line' id='line_1_4' title="bbox 448 909 807 996; baseline 0.011 -4"><span class='ocrx_word' id='word_1_22' title='bbox 448 922 522 993; x_wconf 93' lang='lat' dir='ltr'>vat</span> <span class='ocrx_word' id='word_1_23' title='bbox 546 909 766 994; x_wconf 84' lang='lat' dir='ltr'>Dominus</span> <span class='ocrx_word' id='word_1_24' title='bbox 787 911 807 996; x_wconf 89' lang='lat'>’.</span> 
     </span>
    </p>
   </div>
   <div class='ocr_carea' id='block_1_3' title="bbox 1028 1030 1211 1169">
    <p class='ocr_par' dir='ltr' id='par_1_3' title="bbox 1028 1030 1211 1169">
     <span class='ocr_line' id='line_1_5' title="bbox 1028 1030 1211 1169; baseline 0.005 -2"><span class='ocrx_word' id='word_1_25' title='bbox 1028 1030 1211 1169; x_wconf 70' lang='lat' dir='ltr'>xxm.</span> 
     </span>
    </p>
   </div>
   <div class='ocr_carea' id='block_1_4' title="bbox 449 1347 1860 3121">
    <p class='ocr_par' dir='ltr' id='par_1_4' title="bbox 449 1347 1860 2960">
     <span class='ocr_line' id='line_1_6' title="bbox 509 1347 1855 1462; baseline 0.001 -28"><span class='ocrx_word' id='word_1_26' title='bbox 509 1351 620 1435; x_wconf 83' lang='lat' dir='ltr'>Curre</span> <span class='ocrx_word' id='word_1_27' title='bbox 641 1352 847 1462; x_wconf 78' lang='lat' dir='ltr'>infigitur</span> <span class='ocrx_word' id='word_1_28' title='bbox 879 1350 993 1435; x_wconf 81' lang='lat' dir='ltr'>milei</span> <span class='ocrx_word' id='word_1_29' title='bbox 1008 1350 1148 1460; x_wconf 77' lang='lat' dir='ltr'>spina.</span> <span class='ocrx_word' id='word_1_30' title='bbox 1185 1347 1483 1456; x_wconf 79' lang='lat' dir='ltr'>Conscientiae</span> <span class='ocrx_word' id='word_1_31' title='bbox 1519 1349 1724 1434; x_wconf 91' lang='lat' dir='ltr'>stimulus</span> <span class='ocrx_word' id='word_1_32' title='bbox 1743 1363 1806 1435; x_wconf 90' lang='lat' dir='ltr'>at·</span> <span class='ocrx_word' id='word_1_33' title='bbox 1839 1377 1855 1436; x_wconf 88' lang='lat' dir='ltr'>s</span> 
     </span>
     <span class='ocr_line' id='line_1_7' title="bbox 450 1481 1806 1603; baseline 0.001 -32"><span class='ocrx_word' id='word_1_34' title='bbox 450 1481 535 1599; x_wconf 77' lang='lat' dir='ltr'>que</span> <span class='ocrx_word' id='word_1_35' title='bbox 556 1490 723 1603; x_wconf 88' lang='lat' dir='ltr'>peccati.</span> <span class='ocrx_word' id='word_1_36' title='bbox 755 1492 1068 1574; x_wconf 80' lang='lat' dir='ltr'><em>Verumtamen</em></span> <span class='ocrx_word' id='word_1_37' title='bbox 1089 1487 1135 1570; x_wconf 86' lang='lat' dir='ltr'>in</span> <span class='ocrx_word' id='word_1_38' title='bbox 1155 1486 1548 1596; x_wconf 83' lang='lat' dir='ltr'>dr&#39;luur&#39;oaquorrem</span> <span class='ocrx_word' id='word_1_39' title='bbox 1564 1490 1806 1573; x_wconf 83' lang='lat' dir='ltr'>multorum</span> 
     </span>
     <span class='ocr_line' id='line_1_8' title="bbox 449 1625 1807 1741; baseline 0.001 -31"><span class='ocrx_word' id='word_1_40' title='bbox 449 1628 515 1711; x_wconf 85' lang='lat' dir='ltr'>od</span> <span class='ocrx_word' id='word_1_41' title='bbox 537 1655 634 1712; x_wconf 82' lang='lat' dir='ltr'>euru</span> <span class='ocrx_word' id='word_1_42' title='bbox 664 1657 747 1713; x_wconf 86' lang='lat' dir='ltr'>nore</span> <span class='ocrx_word' id='word_1_43' title='bbox 767 1627 1187 1741; x_wconf 72' lang='lat' dir='ltr'>adproprirquabunt.</span> <span class='ocrx_word' id='word_1_44' title='bbox 1213 1625 1320 1709; x_wconf 88' lang='lat' dir='ltr'>Sine</span> <span class='ocrx_word' id='word_1_45' title='bbox 1353 1625 1579 1738; x_wconf 84' lang='lat' dir='ltr'>angustiis,</span> <span class='ocrx_word' id='word_1_46' title='bbox 1602 1627 1673 1729; x_wconf 90' lang='lat' dir='ltr'>ait,</span> <span class='ocrx_word' id='word_1_47' title='bbox 1697 1655 1807 1740; x_wconf 90' lang='lat' dir='ltr'>quae</span> 
     </span>
     <span class='ocr_line' id='line_1_9' title="bbox 449 1764 1804 1879; baseline -0.001 -29"><span class='ocrx_word' id='word_1_48' title='bbox 449 1767 573 1877; x_wconf 90' lang='lat' dir='ltr'>quasi</span> <span class='ocrx_word' id='word_1_49' title='bbox 594 1767 720 1879; x_wconf 91' lang='lat' dir='ltr'>aquis</span> <span class='ocrx_word' id='word_1_50' title='bbox 741 1765 1055 1851; x_wconf 89' lang='lat' dir='ltr'>inundantibus</span> <span class='ocrx_word' id='word_1_51' title='bbox 1075 1775 1370 1876; x_wconf 83' lang='lat' dir='ltr'>conparantur,</span> <span class='ocrx_word' id='word_1_52' title='bbox 1406 1764 1460 1848; x_wconf 91' lang='lat' dir='ltr'>ad</span> <span class='ocrx_word' id='word_1_53' title='bbox 1492 1765 1637 1850; x_wconf 91' lang='lat' dir='ltr'>Deum</span> <span class='ocrx_word' id='word_1_54' title='bbox 1669 1766 1804 1851; x_wconf 89' lang='lat' dir='ltr'>sancti</span> 
     </span>
     <span class='ocr_line' id='line_1_10' title="bbox 449 1903 1804 2018; baseline 0.001 -29"><span class='ocrx_word' id='word_1_55' title='bbox 449 1906 794 2018; x_wconf 89' lang='lat' dir='ltr'>adpropinquare</span> <span class='ocrx_word' id='word_1_56' title='bbox 828 1933 914 1989; x_wconf 90' lang='lat' dir='ltr'>non</span> <span class='ocrx_word' id='word_1_57' title='bbox 949 1915 1177 2017; x_wconf 88' lang='lat' dir='ltr'>poterunt:</span> <span class='ocrx_word' id='word_1_58' title='bbox 1199 1903 1302 2013; x_wconf 88' lang='lat' dir='ltr'>quia</span> <span class='ocrx_word' id='word_1_59' title='bbox 1335 1903 1440 2015; x_wconf 89' lang='lat' dir='ltr'>‘qui</span> <span class='ocrx_word' id='word_1_60' title='bbox 1475 1904 1728 1990; x_wconf 86' lang='lat' dir='ltr'>sustinuerit</span> <span class='ocrx_word' id='word_1_61' title='bbox 1761 1907 1804 1990; x_wconf 90' lang='lat' dir='ltr'>in</span> 
     </span>
     <span class='ocr_line' id='line_1_11' title="bbox 450 2042 1857 2153; baseline 0.001 -26"><span class='ocrx_word' id='word_1_62' title='bbox 450 2044 592 2145; x_wconf 87' lang='lat' dir='ltr'>finem,</span> <span class='ocrx_word' id='word_1_63' title='bbox 616 2044 686 2129; x_wconf 91' lang='lat' dir='ltr'>hic</span> <span class='ocrx_word' id='word_1_64' title='bbox 706 2045 854 2129; x_wconf 86' lang='lat' dir='ltr'>salvus</span> <span class='ocrx_word' id='word_1_65' title='bbox 874 2045 954 2128; x_wconf 92' lang='lat' dir='ltr'>erit</span> <span class='ocrx_word' id='word_1_66' title='bbox 976 2045 994 2126; x_wconf 94' lang='lat'>’.</span> <span class='ocrx_word' id='word_1_67' title='bbox 1019 2042 1274 2153; x_wconf 80' lang='lat' dir='ltr'>Intellegere</span> <span class='ocrx_word' id='word_1_68' title='bbox 1292 2047 1335 2126; x_wconf 82' lang='lat' dir='ltr'>te</span> <span class='ocrx_word' id='word_1_69' title='bbox 1341 2043 1532 2153; x_wconf 81' lang='lat' dir='ltr'>fecium,</span> <span class='ocrx_word' id='word_1_70' title='bbox 1546 2049 1591 2126; x_wconf 87' lang='lat' dir='ltr'>et</span> <span class='ocrx_word' id='word_1_71' title='bbox 1604 2044 1750 2128; x_wconf 84' lang='lat' dir='ltr'>docebo</span> <span class='ocrx_word' id='word_1_72' title='bbox 1765 2050 1807 2128; x_wconf 83' lang='lat' dir='ltr'>te</span> <span class='ocrx_word' id='word_1_73' title='bbox 1825 2079 1857 2116; x_wconf 85' lang='lat'>10</span> 
     </span>
     <span class='ocr_line' id='line_1_12' title="bbox 449 2181 1808 2294; baseline 0.001 -26"><span class='ocrx_word' id='word_1_74' title='bbox 449 2184 495 2270; x_wconf 80' lang='lat' dir='ltr'>in</span> <span class='ocrx_word' id='word_1_75' title='bbox 515 2185 588 2268; x_wconf 81' lang='lat' dir='ltr'>via</span> <span class='ocrx_word' id='word_1_76' title='bbox 609 2185 702 2284; x_wconf 81' lang='lat' dir='ltr'>leae,</span> <span class='ocrx_word' id='word_1_77' title='bbox 725 2211 812 2294; x_wconf 85' lang='lat' dir='ltr'>qna</span> <span class='ocrx_word' id='word_1_78' title='bbox 834 2183 1101 2293; x_wconf 80' lang='lat' dir='ltr'>ingredieris.</span> <span class='ocrx_word' id='word_1_79' title='bbox 1124 2182 1224 2266; x_wconf 90' lang='lat' dir='ltr'>Vox</span> <span class='ocrx_word' id='word_1_80' title='bbox 1241 2181 1421 2267; x_wconf 89' lang='lat' dir='ltr'>Domini</span> <span class='ocrx_word' id='word_1_81' title='bbox 1443 2181 1660 2294; x_wconf 84' lang='lat' dir='ltr'>loquentis</span> <span class='ocrx_word' id='word_1_82' title='bbox 1681 2183 1808 2269; x_wconf 90' lang='lat' dir='ltr'>indu·</span> 
     </span>
     <span class='ocr_line' id='line_1_13' title="bbox 450 2321 1808 2431; baseline -0.001 -27"><span class='ocrx_word' id='word_1_83' title='bbox 450 2323 571 2423; x_wconf 86' lang='lat' dir='ltr'>citur,</span> <span class='ocrx_word' id='word_1_84' title='bbox 603 2333 645 2407; x_wconf 94' lang='lat' dir='ltr'>et</span> <span class='ocrx_word' id='word_1_85' title='bbox 665 2322 860 2407; x_wconf 91' lang='lat' dir='ltr'>docentis</span> <span class='ocrx_word' id='word_1_86' title='bbox 880 2321 1101 2431; x_wconf 89' lang='lat' dir='ltr'>quomodo</span> <span class='ocrx_word' id='word_1_87' title='bbox 1122 2321 1252 2405; x_wconf 91' lang='lat' dir='ltr'>homo</span> <span class='ocrx_word' id='word_1_88' title='bbox 1284 2347 1413 2404; x_wconf 90' lang='lat' dir='ltr'>suum</span> <span class='ocrx_word' id='word_1_89' title='bbox 1446 2332 1658 2406; x_wconf 85' lang='lat' dir='ltr'>mereatur</span> <span class='ocrx_word' id='word_1_90' title='bbox 1687 2321 1808 2406; x_wconf 86' lang='lat' dir='ltr'>auxi-</span> 
     </span>
     <span class='ocr_line' id='line_1_14' title="bbox 451 2457 1806 2569; baseline 0.001 -26"><span class='ocrx_word' id='word_1_91' title='bbox 451 2459 584 2544; x_wconf 89' lang='lat' dir='ltr'>lium:</span> <span class='ocrx_word' id='word_1_92' title='bbox 609 2461 645 2543; x_wconf 90' lang='lat' dir='ltr'>si</span> <span class='ocrx_word' id='word_1_93' title='bbox 670 2460 752 2546; x_wconf 91' lang='lat' dir='ltr'>Dei</span> <span class='ocrx_word' id='word_1_94' title='bbox 772 2459 971 2545; x_wconf 90' lang='lat' dir='ltr'>videlicet</span> <span class='ocrx_word' id='word_1_95' title='bbox 1003 2470 1226 2569; x_wconf 87' lang='lat' dir='ltr'>praecepta</span> <span class='ocrx_word' id='word_1_96' title='bbox 1244 2457 1494 2545; x_wconf 86' lang='lat' dir='ltr'>custodiens</span> <span class='ocrx_word' id='word_1_97' title='bbox 1515 2471 1628 2544; x_wconf 89' lang='lat' dir='ltr'>recto</span> <span class='ocrx_word' id='word_1_98' title='bbox 1649 2459 1806 2548; x_wconf 82' lang='lat' dir='ltr'>feratur</span> 
     </span>
     <span class='ocr_line' id='line_1_15' title="bbox 451 2595 1805 2710; baseline 0.001 -30"><span class='ocrx_word' id='word_1_99' title='bbox 451 2595 612 2698; x_wconf 90' lang='lat' dir='ltr'>itinere,</span> <span class='ocrx_word' id='word_1_100' title='bbox 628 2609 670 2682; x_wconf 91' lang='lat' dir='ltr'>et</span> <span class='ocrx_word' id='word_1_101' title='bbox 689 2623 954 2710; x_wconf 89' lang='lat' dir='ltr'>quamquam</span> <span class='ocrx_word' id='word_1_102' title='bbox 974 2595 1028 2681; x_wconf 90' lang='lat' dir='ltr'>ad</span> <span class='ocrx_word' id='word_1_103' title='bbox 1051 2597 1283 2708; x_wconf 85' lang='lat' dir='ltr'>perfectum</span> <span class='ocrx_word' id='word_1_104' title='bbox 1301 2596 1539 2681; x_wconf 90' lang='lat' dir='ltr'>munditiae</span> <span class='ocrx_word' id='word_1_105' title='bbox 1559 2597 1705 2682; x_wconf 89' lang='lat' dir='ltr'>venire</span> <span class='ocrx_word' id='word_1_106' title='bbox 1718 2623 1805 2686; x_wconf 91' lang='lat' dir='ltr'>non</span> 
     </span>
     <span class='ocr_line' id='line_1_16' title="bbox 449 2733 1860 2844; baseline 0.004 -25"><span class='ocrx_word' id='word_1_107' title='bbox 449 2734 601 2837; x_wconf 89' lang='lat' dir='ltr'>valeat,</span> <span class='ocrx_word' id='word_1_108' title='bbox 625 2747 768 2820; x_wconf 89' lang='lat' dir='ltr'>tamen</span> <span class='ocrx_word' id='word_1_109' title='bbox 791 2735 834 2819; x_wconf 92' lang='lat' dir='ltr'>in</span> <span class='ocrx_word' id='word_1_110' title='bbox 856 2734 1110 2819; x_wconf 89' lang='lat' dir='ltr'>animalium</span> <span class='ocrx_word' id='word_1_111' title='bbox 1134 2733 1312 2818; x_wconf 91' lang='lat' dir='ltr'>modum</span> <span class='ocrx_word' id='word_1_112' title='bbox 1333 2760 1495 2844; x_wconf 89' lang='lat' dir='ltr'>pronus</span> <span class='ocrx_word' id='word_1_113' title='bbox 1528 2761 1615 2819; x_wconf 90' lang='lat' dir='ltr'>non</span> <span class='ocrx_word' id='word_1_114' title='bbox 1649 2737 1807 2822; x_wconf 84' lang='lat' dir='ltr'>feratur</span> <span class='ocrx_word' id='word_1_115' title='bbox 1827 2763 1860 2824; x_wconf 69' lang='grc' dir='ltr'>ιε</span> 
     </span>
     <span class='ocr_line' id='line_1_17' title="bbox 451 2873 633 2960; baseline 0.016 -3"><span class='ocrx_word' id='word_1_116' title='bbox 451 2873 496 2958; x_wconf 91' lang='lat' dir='ltr'>in</span> <span class='ocrx_word' id='word_1_117' title='bbox 517 2875 633 2960; x_wconf 88' lang='lat' dir='ltr'>vitia.</span> 
     </span>
    </p>

    <p class='ocr_par' dir='ltr' id='par_1_5' title="bbox 1030 3036 1231 3121">
     <span class='ocr_line' id='line_1_18' title="bbox 1030 3036 1231 3121; baseline 0.015 -3"><span class='ocrx_word' id='word_1_118' title='bbox 1030 3036 1231 3121; x_wconf 91' lang='lat' dir='ltr'>XXXII.</span> 
     </span>
    </p>
   </div>
   <div class='ocr_carea' id='block_1_5' title="bbox 440 3299 1863 3986">
    <p class='ocr_par' dir='ltr' id='par_1_6' title="bbox 440 3299 1863 3986">
     <span class='ocr_line' id='line_1_19' title="bbox 485 3299 1810 3431; baseline 0.002 -25"><span class='ocrx_word' id='word_1_119' title='bbox 485 3299 487 3304; x_wconf 15' lang='lat' dir='ltr'><em>s</em></span> <span class='ocrx_word' id='word_1_120' title='bbox 514 3321 652 3406; x_wconf 87' lang='lat' dir='ltr'>Verbo</span> <span class='ocrx_word' id='word_1_121' title='bbox 673 3320 858 3404; x_wconf 78' lang='lat' dir='ltr'>Domini</span> <span class='ocrx_word' id='word_1_122' title='bbox 877 3319 997 3405; x_wconf 47' lang='lat' dir='ltr'>&#39;coele&#39;</span> <span class='ocrx_word' id='word_1_123' title='bbox 1011 3320 1201 3429; x_wconf 80' lang='lat' dir='ltr'>firmati</span> <span class='ocrx_word' id='word_1_124' title='bbox 1227 3325 1342 3420; x_wconf 80' lang='lat' dir='ltr'>suut,</span> <span class='ocrx_word' id='word_1_125' title='bbox 1364 3325 1408 3403; x_wconf 81' lang='lat' dir='ltr'>et</span> <span class='ocrx_word' id='word_1_126' title='bbox 1426 3321 1590 3431; x_wconf 76' lang='lat' dir='ltr'>spiritu</span> <span class='ocrx_word' id='word_1_127' title='bbox 1609 3324 1698 3407; x_wconf 84' lang='lat' dir='ltr'>oris</span> <span class='ocrx_word' id='word_1_128' title='bbox 1716 3325 1810 3409; x_wconf 81' lang='lat' dir='ltr'>eius</span> 
     </span>
     <span class='ocr_line' id='line_1_20' title="bbox 452 3457 1805 3549; baseline -0.001 0"><span class='ocrx_word' id='word_1_129' title='bbox 452 3462 590 3549; x_wconf 80' lang='lat' dir='ltr'>omnis</span> <span class='ocrx_word' id='word_1_130' title='bbox 609 3463 753 3546; x_wconf 80' lang='lat' dir='ltr'>virtus</span> <span class='ocrx_word' id='word_1_131' title='bbox 772 3473 928 3542; x_wconf 81' lang='lat' dir='ltr'>eornm.</span> <span class='ocrx_word' id='word_1_132' title='bbox 953 3459 1145 3542; x_wconf 82' lang='lat' dir='ltr'>Trinitas</span> <span class='ocrx_word' id='word_1_133' title='bbox 1168 3457 1519 3544; x_wconf 79' lang='lat' dir='ltr'>manifestissime</span> <span class='ocrx_word' id='word_1_134' title='bbox 1544 3460 1805 3549; x_wconf 87' lang='lat' dir='ltr'>declaratur:</span> 
     </span>
     <span class='ocr_line' id='line_1_21' title="bbox 455 3595 1863 3709; baseline -0.006 -24"><span class='ocrx_word' id='word_1_135' title='bbox 455 3601 687 3700; x_wconf 69' lang='lat' dir='ltr'>Dominus</span> <span class='ocrx_word' id='word_1_136' title='bbox 709 3597 916 3698; x_wconf 84' lang='lat' dir='ltr'>Verbum,</span> <span class='ocrx_word' id='word_1_137' title='bbox 941 3595 1132 3707; x_wconf 89' lang='lat' dir='ltr'>Spiritus</span> <span class='ocrx_word' id='word_1_138' title='bbox 1163 3595 1355 3682; x_wconf 89' lang='lat' dir='ltr'>Domini.</span> <span class='ocrx_word' id='word_1_139' title='bbox 1396 3598 1672 3709; x_wconf 81' lang='lat' dir='ltr'>Congregaus</span> <span class='ocrx_word' id='word_1_140' title='bbox 1692 3607 1743 3683; x_wconf 84' lang='lat' dir='ltr'>ut</span> <span class='ocrx_word' id='word_1_141' title='bbox 1762 3600 1808 3684; x_wconf 85' lang='lat' dir='ltr'>r&#39;n</span> <span class='ocrx_word' id='word_1_142' title='bbox 1825 3637 1863 3677; x_wconf 72' lang='grc' dir='ltr'>ω</span> 
     </span>
     <span class='ocr_line' id='line_1_22' title="bbox 454 3734 1812 3847; baseline 0.001 -25"><span class='ocrx_word' id='word_1_143' title='bbox 454 3745 552 3823; x_wconf 81' lang='lat' dir='ltr'>utre</span> <span class='ocrx_word' id='word_1_144' title='bbox 571 3764 712 3847; x_wconf 83' lang='lat' dir='ltr'>aquas</span> <span class='ocrx_word' id='word_1_145' title='bbox 732 3735 881 3818; x_wconf 76' lang='lat' dir='ltr'>enoris.</span> <span class='ocrx_word' id='word_1_146' title='bbox 906 3735 1116 3818; x_wconf 88' lang='lat' dir='ltr'>Clausum</span> <span class='ocrx_word' id='word_1_147' title='bbox 1139 3761 1255 3819; x_wconf 92' lang='lat' dir='ltr'>mare</span> <span class='ocrx_word' id='word_1_148' title='bbox 1275 3734 1475 3820; x_wconf 89' lang='lat' dir='ltr'>litoribus</span> <span class='ocrx_word' id='word_1_149' title='bbox 1495 3738 1696 3826; x_wconf 89' lang='lat' dir='ltr'>ostendit.</span> <span class='ocrx_word' id='word_1_150' title='bbox 1717 3740 1812 3847; x_wconf 78' lang='lat' dir='ltr'>Qui</span> 
     </span>
     <span class='ocr_line' id='line_1_23' title="bbox 440 3873 1808 3986; baseline 0.002 -27"><span class='ocrx_word' id='word_1_151' title='bbox 440 3877 592 3986; x_wconf 81' lang='lat' dir='ltr'>finxit</span> <span class='ocrx_word' id='word_1_152' title='bbox 613 3880 701 3986; x_wconf 73' lang='lat' dir='ltr'>per</span> <span class='ocrx_word' id='word_1_153' title='bbox 728 3873 921 3984; x_wconf 77' lang='lat' dir='ltr'>singulos</span> <span class='ocrx_word' id='word_1_154' title='bbox 937 3911 939 3916; x_wconf 47' lang='lat'><strong><em>¹</em></strong></span> <span class='ocrx_word' id='word_1_155' title='bbox 953 3873 1083 3956; x_wconf 85' lang='lat' dir='ltr'>cordo</span> <span class='ocrx_word' id='word_1_156' title='bbox 1113 3899 1270 3958; x_wconf 86' lang='lat' dir='ltr'>eorum.</span> <span class='ocrx_word' id='word_1_157' title='bbox 1307 3873 1497 3982; x_wconf 82' lang='lat' dir='ltr'>Quidam</span> <span class='ocrx_word' id='word_1_158' title='bbox 1531 3875 1645 3960; x_wconf 89' lang='lat' dir='ltr'>hunc</span> <span class='ocrx_word' id='word_1_159' title='bbox 1666 3877 1808 3962; x_wconf 91' lang='lat' dir='ltr'>locum</span> 
     </span>
    </p>
   </div>
   <div class='ocr_carea' id='block_1_6' title="bbox 444 4095 1811 4580">
    <p class='ocr_par' dir='ltr' id='par_1_7' title="bbox 444 4095 1811 4580">
     <span class='ocr_line' id='line_1_24' title="bbox 489 4095 1806 4162; baseline -0.001 -11"><span class='ocrx_word' id='word_1_160' title='bbox 489 4097 875 4160; x_wconf 73' lang='lat' dir='ltr'>raludaei51AdlC3Eom.a.</span> <span class='ocrx_word' id='word_1_161' title='bbox 977 4096 1081 4162; x_wconf 81' lang='lat' dir='ltr'>5Cunr]</span> <span class='ocrx_word' id='word_1_162' title='bbox 1095 4095 1154 4155; x_wconf 72' lang='lat' dir='ltr'>EC:</span> <span class='ocrx_word' id='word_1_163' title='bbox 1182 4096 1254 4146; x_wconf 85' lang='lat' dir='ltr'>Dum</span> <span class='ocrx_word' id='word_1_164' title='bbox 1263 4095 1325 4146; x_wconf 79' lang='lat' dir='ltr'>AM.</span> <span class='ocrx_word' id='word_1_165' title='bbox 1429 4096 1606 4158; x_wconf 56' lang='lat' dir='ltr'>Conscientiae]</span> <span class='ocrx_word' id='word_1_166' title='bbox 1615 4097 1740 4160; x_wconf 73' lang='lat' dir='ltr'>AMC5in</span> <span class='ocrx_word' id='word_1_167' title='bbox 1749 4100 1806 4150; x_wconf 89' lang='lat' dir='ltr'>cod.</span> 
     </span>
     <span class='ocr_line' id='line_1_25' title="bbox 455 4178 1808 4249; baseline 0 -15"><span class='ocrx_word' id='word_1_168' title='bbox 455 4181 671 4234; x_wconf 80' lang='lat' dir='ltr'>Eultimaeadd.</span> <span class='ocrx_word' id='word_1_169' title='bbox 686 4197 740 4246; x_wconf 88' lang='lat' dir='ltr'>sup.</span> <span class='ocrx_word' id='word_1_170' title='bbox 756 4180 816 4239; x_wconf 84' lang='lat' dir='ltr'>lin.;</span> <span class='ocrx_word' id='word_1_171' title='bbox 829 4181 850 4229; x_wconf 88' lang='lat' dir='ltr'>C</span> <span class='ocrx_word' id='word_1_172' title='bbox 862 4179 934 4230; x_wconf 82' lang='lat' dir='ltr'>addit</span> <span class='ocrx_word' id='word_1_173' title='bbox 945 4186 987 4231; x_wconf 79' lang='lat' dir='ltr'>est.</span> <span class='ocrx_word' id='word_1_174' title='bbox 1091 4191 1117 4228; x_wconf 89' lang='lat'>11</span> <span class='ocrx_word' id='word_1_175' title='bbox 1131 4178 1187 4240; x_wconf 81' lang='lat' dir='ltr'>hac]</span> <span class='ocrx_word' id='word_1_176' title='bbox 1199 4181 1264 4230; x_wconf 78' lang='lat' dir='ltr'><em>hanc</em></span> <span class='ocrx_word' id='word_1_177' title='bbox 1275 4181 1305 4230; x_wconf 87' lang='lat' dir='ltr'>E.</span> <span class='ocrx_word' id='word_1_178' title='bbox 1410 4193 1437 4242; x_wconf 85' lang='lat'>13</span> <span class='ocrx_word' id='word_1_179' title='bbox 1449 4181 1550 4245; x_wconf 76' lang='lat' dir='ltr'>r&#39;tr&#39;nm]</span> <span class='ocrx_word' id='word_1_180' title='bbox 1564 4182 1699 4234; x_wconf 81' lang='lat' dir='ltr'>Einserit:</span> <span class='ocrx_word' id='word_1_181' title='bbox 1711 4184 1808 4249; x_wconf 77' lang='lat' dir='ltr'>adper-</span> 
     </span>
     <span class='ocr_line' id='line_1_26' title="bbox 444 4259 1811 4330; baseline 0.004 -17"><span class='ocrx_word' id='word_1_182' title='bbox 444 4265 539 4330; x_wconf 82' lang='lat' dir='ltr'>seclam</span> <span class='ocrx_word' id='word_1_183' title='bbox 559 4262 713 4312; x_wconf 77' lang='lat' dir='ltr'>nrunditiam</span> <span class='ocrx_word' id='word_1_184' title='bbox 732 4261 795 4310; x_wconf 76' lang='lat' dir='ltr'>dicit</span> <span class='ocrx_word' id='word_1_185' title='bbox 811 4260 936 4310; x_wconf 84' lang='lat' dir='ltr'>honu&#39;nem</span> <span class='ocrx_word' id='word_1_186' title='bbox 954 4259 1049 4310; x_wconf 74' lang='lat' dir='ltr'>venisse</span> <span class='ocrx_word' id='word_1_187' title='bbox 1069 4278 1119 4311; x_wconf 84' lang='lat' dir='ltr'>non</span> <span class='ocrx_word' id='word_1_188' title='bbox 1135 4269 1214 4326; x_wconf 74' lang='lat' dir='ltr'>posse,-</span> <span class='ocrx_word' id='word_1_189' title='bbox 1235 4259 1267 4330; x_wconf 74' lang='grc' dir='ltr'>βε</span> <span class='ocrx_word' id='word_1_190' title='bbox 1288 4264 1372 4327; x_wconf 78' lang='lat' dir='ltr'>iraque</span> <span class='ocrx_word' id='word_1_191' title='bbox 1389 4263 1424 4312; x_wconf 81' lang='lat' dir='ltr'>ud</span> <span class='ocrx_word' id='word_1_192' title='bbox 1435 4261 1571 4327; x_wconf 79' lang='lat' dir='ltr'>perfectum</span> <span class='ocrx_word' id='word_1_193' title='bbox 1591 4265 1733 4316; x_wconf 79' lang='lat' dir='ltr'>nrundiu&#39;ae</span> <span class='ocrx_word' id='word_1_194' title='bbox 1746 4266 1811 4318; x_wconf 78' lang='lat' dir='ltr'>dr&#39;cit</span> 
     </span>
     <span class='ocr_line' id='line_1_27' title="bbox 452 4343 1809 4416; baseline 0.002 -18"><span class='ocrx_word' id='word_1_195' title='bbox 452 4349 577 4398; x_wconf 67' lang='lat' dir='ltr'>bononem</span> <span class='ocrx_word' id='word_1_196' title='bbox 588 4345 674 4396; x_wconf 76' lang='lat' dir='ltr'>uenire</span> <span class='ocrx_word' id='word_1_197' title='bbox 685 4359 736 4394; x_wconf 81' lang='lat' dir='ltr'>nou</span> <span class='ocrx_word' id='word_1_198' title='bbox 744 4349 818 4408; x_wconf 78' lang='lat' dir='ltr'>posse.</span> <span class='ocrx_word' id='word_1_199' title='bbox 833 4343 915 4408; x_wconf 75' lang='lat' dir='ltr'>Quam</span> <span class='ocrx_word' id='word_1_200' title='bbox 927 4343 1029 4409; x_wconf 88' lang='lat' dir='ltr'>quidem</span> <span class='ocrx_word' id='word_1_201' title='bbox 1041 4344 1231 4394; x_wconf 77' lang='lat' dir='ltr'>adnotationem</span> <span class='ocrx_word' id='word_1_202' title='bbox 1239 4361 1270 4395; x_wconf 82' lang='lat' dir='ltr'>ex</span> <span class='ocrx_word' id='word_1_203' title='bbox 1277 4344 1390 4410; x_wconf 82' lang='lat' dir='ltr'>margine</span> <span class='ocrx_word' id='word_1_204' title='bbox 1399 4343 1424 4394; x_wconf 91' lang='lat' dir='ltr'>in</span> <span class='ocrx_word' id='word_1_205' title='bbox 1434 4353 1530 4396; x_wconf 88' lang='lat' dir='ltr'>textum</span> <span class='ocrx_word' id='word_1_206' title='bbox 1539 4363 1670 4412; x_wconf 80' lang='lat' dir='ltr'>perperam</span> <span class='ocrx_word' id='word_1_207' title='bbox 1682 4358 1809 4416; x_wconf 83' lang='lat' dir='ltr'>receptam</span> 
     </span>
     <span class='ocr_line' id='line_1_28' title="bbox 451 4425 1806 4490; baseline 0.001 -8"><span class='ocrx_word' id='word_1_208' title='bbox 451 4448 505 4482; x_wconf 89' lang='lat' dir='ltr'>esse</span> <span class='ocrx_word' id='word_1_209' title='bbox 522 4428 646 4480; x_wconf 88' lang='lat' dir='ltr'>existimo.</span> <span class='ocrx_word' id='word_1_210' title='bbox 670 4427 709 4478; x_wconf 78' lang='lat' dir='ltr'>Cf.</span> <span class='ocrx_word' id='word_1_211' title='bbox 731 4427 817 4476; x_wconf 81' lang='lat' dir='ltr'>adnot.</span> <span class='ocrx_word' id='word_1_212' title='bbox 840 4425 895 4478; x_wconf 89' lang='lat' dir='ltr'>crit.</span> <span class='ocrx_word' id='word_1_213' title='bbox 916 4427 949 4476; x_wconf 77' lang='lat' dir='ltr'>ad</span> <span class='ocrx_word' id='word_1_214' title='bbox 961 4441 986 4490; x_wconf 92' lang='lat' dir='ltr'>p.</span> <span class='ocrx_word' id='word_1_215' title='bbox 1000 4440 1025 4488; x_wconf 74' lang='grc'>4,</span> <span class='ocrx_word' id='word_1_216' title='bbox 1038 4427 1055 4476; x_wconf 89' lang='lat'>1.</span> <span class='ocrx_word' id='word_1_217' title='bbox 1069 4441 1093 4487; x_wconf 84' lang='lat'>4.</span> <span class='ocrx_word' id='word_1_218' title='bbox 1194 4440 1227 4476; x_wconf 88' lang='lat'>20</span> <span class='ocrx_word' id='word_1_219' title='bbox 1237 4427 1266 4477; x_wconf 82' lang='lat' dir='ltr'>in</span> <span class='ocrx_word' id='word_1_220' title='bbox 1279 4427 1344 4489; x_wconf 77' lang='lat' dir='ltr'>utre]</span> <span class='ocrx_word' id='word_1_221' title='bbox 1358 4427 1416 4488; x_wconf 85' lang='lat' dir='ltr'>EC;</span> <span class='ocrx_word' id='word_1_222' title='bbox 1450 4429 1479 4479; x_wconf 76' lang='lat' dir='ltr'>in</span> <span class='ocrx_word' id='word_1_223' title='bbox 1491 4437 1573 4480; x_wconf 80' lang='lat' dir='ltr'>utrem</span> <span class='ocrx_word' id='word_1_224' title='bbox 1584 4430 1638 4481; x_wconf 76' lang='lat' dir='ltr'>AM</span> <span class='ocrx_word' id='word_1_225' title='bbox 1651 4433 1806 4484; x_wconf 80' lang='lat' dir='ltr'>Pealt.Rom.</span> 
     </span>
     <span class='ocr_line' id='line_1_29' title="bbox 451 4509 1806 4580; baseline 0.004 -16"><span class='ocrx_word' id='word_1_226' title='bbox 451 4528 480 4565; x_wconf 81' lang='lat'>21</span> <span class='ocrx_word' id='word_1_227' title='bbox 495 4512 621 4574; x_wconf 68' lang='lat' dir='ltr'>luteribus]</span> <span class='ocrx_word' id='word_1_228' title='bbox 634 4511 656 4560; x_wconf 86' lang='lat' dir='ltr'><strong>E</strong></span> <span class='ocrx_word' id='word_1_229' title='bbox 668 4512 742 4572; x_wconf 77' lang='lat' dir='ltr'>(corr.</span> <span class='ocrx_word' id='word_1_230' title='bbox 757 4527 787 4560; x_wconf 85' lang='lat' dir='ltr'>ex</span> <span class='ocrx_word' id='word_1_231' title='bbox 799 4509 937 4571; x_wconf 76' lang='lat' dir='ltr'>lictoribus)</span> <span class='ocrx_word' id='word_1_232' title='bbox 949 4511 973 4560; x_wconf 77' lang='lat' dir='ltr'>A</span> <span class='ocrx_word' id='word_1_233' title='bbox 988 4522 997 4558; x_wconf 90' lang='lat'>1</span> <span class='ocrx_word' id='word_1_234' title='bbox 1012 4525 1046 4558; x_wconf 89' lang='lat' dir='ltr'>m.</span> <span class='ocrx_word' id='word_1_235' title='bbox 1062 4509 1105 4568; x_wconf 55' lang='grc' dir='ltr'>,Νὴ</span> <span class='ocrx_word' id='word_1_236' title='bbox 1138 4509 1369 4561; x_wconf 69' lang='lat' dir='ltr'>littoribusnam.</span> <span class='ocrx_word' id='word_1_237' title='bbox 1384 4512 1414 4563; x_wconf 87' lang='lat' dir='ltr'>C.</span> <span class='ocrx_word' id='word_1_238' title='bbox 1515 4514 1651 4580; x_wconf 75' lang='lat' dir='ltr'>zaſsruit]</span> <span class='ocrx_word' id='word_1_239' title='bbox 1659 4515 1759 4580; x_wconf 80' lang='lat' dir='ltr'>fincxit</span> <span class='ocrx_word' id='word_1_240' title='bbox 1775 4518 1806 4570; x_wconf 81' lang='lat' dir='ltr'>B.</span> 
     </span>
    </p>
   </div>
   <div class='ocr_carea' id='block_1_7' title="bbox 494 4672 982 4757">
    <p class='ocr_par' dir='ltr' id='par_1_8' title="bbox 494 4672 982 4757">
     <span class='ocr_line' id='line_1_30' title="bbox 494 4672 982 4757; baseline -0.02 -11"><span class='ocrx_word' id='word_1_241' title='bbox 494 4704 538 4748; x_wconf 86' lang='lat'>10.</span> <span class='ocrx_word' id='word_1_242' title='bbox 561 4681 660 4742; x_wconf 78' lang='lat' dir='ltr'>soltus</span> <span class='ocrx_word' id='word_1_243' title='bbox 672 4672 743 4757; x_wconf 81' lang='lat' dir='ltr'>erit]</span> <span class='ocrx_word' id='word_1_244' title='bbox 761 4680 852 4738; x_wconf 82' lang='lat' dir='ltr'>Marc.</span> <span class='ocrx_word' id='word_1_245' title='bbox 875 4697 918 4754; x_wconf 85' lang='lat'>13,</span> <span class='ocrx_word' id='word_1_246' title='bbox 939 4697 982 4752; x_wconf 81' lang='lat'>¹3·</span> 
     </span>
    </p>
   </div>
   <div class='ocr_carea' id='block_1_8' title="bbox 0 0 2061 5496">
    <p class='ocr_par' dir='ltr' id='par_1_9' title="bbox 0 0 2061 5496">
     <span class='ocr_line' id='line_1_31' title="bbox 0 0 2061 5496; baseline 0 0"><span class='ocrx_word' id='word_1_247' title='bbox 0 0 2061 5496; x_wconf 95' lang='lat' dir='ltr'> </span> 
     </span>
    </p>
   </div>
  </div>
 </body>
</html>
