4154 5494
576 449 831 512 TRACTATUS
854 451 911 510 DE
935 448 1102 510 PSALMO
1124 449 1217 510 CXV.
1501 447 1581 535 217

224 668 325 732 dixi?
344 667 391 732 Ut
408 665 642 750 intellegamus
658 665 795 730 calicem
812 667 983 749 passiones
1000 666 1150 749 martyrii
1166 685 1246 732 esse.
1266 666 1411 733 Grandis
1428 687 1480 732 res
1497 688 1582 733 mar-

224 773 363 855 tyrium.
381 770 562 855 Quomodo
578 771 714 852 grandis
731 776 805 834 res?
821 771 979 855 quoniam
997 771 1148 836 retribuit
1166 771 1314 835 Domino
1339 773 1429 855 quod
1451 771 1582 854 accepit

223 898 245 941 a
263 877 423 943 Domino.
439 876 582 959 Xpistus
599 895 658 958 pro
685 875 758 958 ipso
774 894 892 958 passus
907 884 968 952 est,
983 884 1017 939 et
1034 874 1088 939 ille
1103 896 1163 958 pro
1179 877 1314 940 nomine
1330 877 1433 958 ipsius
1449 877 1582 957 patitur.

225 979 398 1061 Quoniam
416 979 564 1043 diximus
581 977 670 1062 quod
689 989 814 1061 martyr
829 979 909 1042 nihil
927 978 1017 1044 aliud
1028 979 1129 1044 habet
1144 980 1234 1064 quod
1250 979 1410 1044 retribuat
1424 980 1582 1056 Domin0,

192 1097 206 1152 5
224 1092 262 1146 et
280 1082 447 1146 Dominus
462 1090 625 1163 conputat
653 1081 697 1144 illi
726 1103 787 1165 pro
802 1082 1013 1166 aequalitate,
1028 1085 1188 1166 quoniam
1215 1085 1307 1149 videt
1336 1105 1466 1148 servum
1484 1105 1581 1150 suum

226 1187 310 1252 nihil
328 1187 418 1250 aliud
434 1177 568 1250 ’habere
593 1187 682 1270 quod
713 1187 872 1250 retribuat
888 1189 926 1250 ei.
944 1187 1034 1270 Quid
1062 1188 1150 1252 enirn
1179 1189 1287 1253 simile
1312 1194 1387 1254 est?
1404 1190 1498 1253 Deus
1522 1211 1582 1271 pro

224 1291 420 1356 bominibus
444 1311 562 1374 passus
587 1301 647 1368 est,
664 1291 829 1355 Dominus
855 1313 915 1374 pro
941 1312 1045 1370 servo,
1062 1293 1167 1358 iustus
1192 1313 1253 1376 pro
1279 1302 1473 1376 peccatore:
1496 1315 1581 1376 quae

223 1395 436 1479 aequalitas?
454 1395 521 1460 Sed
537 1395 696 1478 quoniam
709 1395 788 1458 nihil
802 1395 891 1459 aliud
905 1395 1007 1460 habet
1018 1417 1131 1461 servus
1143 1398 1234 1481 quod
1247 1398 1409 1462 retribuat
1423 1397 1580 1475 Domino,

225 1498 321 1563 Deus
336 1498 431 1582 quasi
457 1499 604 1562 clemens
628 1519 688 1582 pro
704 1498 834 1582 aequali
861 1500 983 1582 accipit
1010 1502 1214 1584 martyrium.
1231 1502 1338 1585 Quasi
1354 1501 1381 1564 si
1397 1501 1472 1584 quis
1488 1501 1581 1565 dives

174 1619 207 1658 10
224 1605 354 1684 paverit
370 1602 514 1686 aliquem
533 1623 722 1685 pauperem,
733 1605 863 1668 eveniat
874 1614 987 1669 autern
1000 1605 1143 1670 eundern
1160 1605 1298 1670 divitem
1310 1605 1423 1671 venire
1434 1625 1509 1669 cum
1521 1625 1582 1670 sua

224 1704 361 1776 familia.
376 1716 409 1769 et
425 1707 537 1770 veniat
553 1727 631 1770 casu
656 1707 688 1770 in
713 1709 850 1772 domurn
875 1709 1040 1792 pauperis,
1054 1715 1088 1774 et
1106 1729 1172 1772 non
1198 1708 1322 1773 habeat
1339 1729 1467 1792 pauper
1487 1710 1579 1791 quod

223 1810 271 1874 illi
288 1811 437 1892 adponat
459 1820 493 1874 et
517 1810 662 1874 familiae
684 1811 789 1892 ipsius
811 1821 844 1878 et
860 1812 962 1896 equis,
978 1810 1086 1876 solum
1110 1822 1222 1875 autem
1239 1812 1331 1876 dicat
1356 1811 1412 1890 itti,
1430 1812 1523 1876 lntra
1547 1812 1579 1875 in

222 1916 363 1978 domurn
379 1913 510 1978 clientis
533 1915 591 1990 tui,
607 1925 640 1978 et
655 1915 812 1979 ostendat
838 1915 1055 1993 volantatem,
1070 1915 1229 1998 quoniam
1256 1915 1337 1980 nihil
1362 1916 1452 1981 aliud
1478 1915 1581 1980 habet

223 2019 313 2100 quod
331 2019 388 2082 det
404 2029 437 2082 et
454 2019 529 2101 plus
545 2018 644 2084 saciat
660 2037 800 2102 pauper:
816 2019 901 2085 sicut
918 2018 973 2082 illa
989 2019 1089 2082 vidua
1105 2039 1192 2101 quae
1204 2020 1272 2083 duo
1283 2020 1412 2084 minuta
1428 2020 1581 2086 contulit.

175 2137 205 2194 15
226 2121 364 2188 Calicem
379 2122 538 2186 salutans
553 2131 610 2188 aut
628 2123 702 2186 lesu
718 2121 881 2206 accipiam.
901 2123 945 2186 Et
960 2122 1024 2186 hoc
1040 2123 1149 2205 ipsum
1168 2125 1373 2207 martyrium,
1383 2125 1499 2207 inquit,
1512 2144 1579 2188 non

224 2235 275 2289 est
292 2245 385 2288 meae
400 2225 540 2303 virtutis,
556 2226 614 2289 sed
630 2225 757 2308 gratiae
774 2225 839 2290 Dei
853 2247 861 2290 ε
877 2236 1053 2310 propterea
1066 2246 1131 2290 non
1143 2246 1280 2309 possum
1292 2247 1369 2292 eum
1383 2229 1505 2306 bibere,
1518 2229 1579 2292 nisi

224 2347 346 2392 nomen
365 2328 502 2394 Domini
520 2329 726 2396 invocavero.
744 2329 836 2394 lesus
853 2330 955 2395 vincit
971 2331 1004 2394 in
1021 2350 1082 2394 suo
1099 2341 1245 2413 martyre
1260 2351 1267 2410 ;
1284 2331 1404 2414 ipsein
1422 2351 1483 2396 suo
1494 2351 1580 2397 mar-

223 2442 297 2514 tyre
312 2442 498 2498 coronatur.

268 2535 419 2600 Pretiosa
431 2537 466 2601 in
488 2546 649 2621 conspecta
666 2535 806 2601 Domini
820 2558 906 2601 mors
920 2547 1107 2602 sanctonem
1122 2537 1199 2604 eries.
1224 2540 1466 2624 Respondeant
1491 2561 1579 2606 nunc

176 2661 209 2700 eo
232 2639 352 2719 ludaei,
363 2641 534 2724 quomodo
549 2660 651 2704 omne
666 2660 786 2723 corpus
802 2641 987 2705 humanum
1003 2643 1120 2706 dicunt
1136 2663 1208 2706 esse
1224 2643 1433 2709 inmundum.
1453 2645 1491 2709 In
1506 2645 1580 2729 lege

227 2745 369 2827 denique
384 2745 410 2812 si
427 2744 501 2828 quis
518 2745 677 2810 moriatur
693 2745 782 2827 apud
801 2745 953 2824 ludaeos,
969 2746 1038 2809 sive
1054 2745 1227 2828 propheta,
1243 2747 1311 2810 sive
1327 2748 1579 2831 qualiscumque

226 2859 369 2926 sanctus,
384 2850 411 2914 si
427 2849 502 2934 quis
525 2867 601 2912 eum
626 2848 782 2931 tetigerit,
797 2858 830 2913 et
847 2851 874 2912 si
890 2853 1054 2927 sacerdos,
1070 2869 1175 2933 usque
1191 2850 1233 2913 ad
1250 2871 1423 2934 vesperam
1448 2853 1578 2916 inmun·

226 2953 288 3016 dus
302 2963 361 3020 est.
379 2954 456 3022 Hoc
481 2955 664 3019 secundum
690 2955 835 3019 litteram
852 2957 884 3019 in
902 2956 974 3039 lege
1004 2957 1164 3040 scriptum
1182 2964 1240 3018 est.
1259 2954 1418 3018 Dicamus
1436 2954 1520 3020 illis:
1543 2954 1579 3021 Si

227 3058 348 3124 mortui
371 3079 492 3141 corpus
517 3059 716 3123 inmundum
742 3068 801 3137 est,
817 3061 988 3142 quomodo
1012 3079 1101 3124 nunc
1128 3059 1258 3134 dicitur,
1275 3058 1424 3122 Pretiosa
1452 3059 1485 3122 in
1502 3078 1580 3122 con-

178 3183 209 3238 ²⁵
227 3170 341 3242 specta
367 3161 505 3228 Domini
532 3181 621 3225 mors
645 3171 835 3226 sanctorum
861 3162 955 3226 eius?
979 3162 1014 3227 Si
1043 3161 1225 3245 pretiosum
1253 3170 1304 3225 est
1329 3181 1449 3245 corpus
1472 3163 1579 3226 sancti

227 3263 405 3341 morientis,
421 3265 592 3347 quomodo
620 3265 817 3330 inmundum
835 3276 885 3329 est
899 3266 910 3328 ἓ
936 3265 1027 3348 Ergo
1043 3265 1096 3330 hic
1112 3267 1154 3330 de
1171 3265 1376 3346 evangelista
1391 3265 1521 3342 dicitur,
1537 3265 1580 3329 de

227 3378 370 3452 martyre
387 3370 603 3452 praedicatur.

260 3577 269 3614 1
280 3563 415 3629 passiones]
427 3565 474 3613 AC
481 3583 488 3624 ;
497 3565 635 3628 passionem
648 3565 680 3624 ὃς
687 3565 813 3628 passionis
824 3563 911 3632 βΒῦΙ.
1004 3565 1137 3628 martyrii]
1147 3563 1202 3622 CS;
1216 3564 1354 3626 martyriae
1365 3563 1403 3623 G;
1417 3563 1532 3612 martiris
1545 3564 1580 3624 B;

226 3655 366 3710 sampirum
379 3649 402 3696 Α
412 3663 420 3706 ;
432 3648 585 3710 marryn'nn
599 3645 638 3714 βΙ.
740 3655 810 3710 5pro
820 3647 980 3712 aequalitate]
1000 3647 1088 3712 scripsi
1108 3663 1139 3697 ex
1156 3647 1317 3706 coniecture;
1332 3654 1382 3710 pro
1392 3647 1514 3711 qualitate
1527 3645 1543 3714 β
1555 3655 1580 3696 et

225 3729 298 3778 codd.
380 3740 410 3778 to
419 3725 528 3787 eueniat]
541 3729 583 3778 Bc
595 3746 602 3789 3
614 3736 638 3778 et
648 3730 735 3778 veniat
745 3731 777 3790 G,
793 3731 805 3778 1
817 3747 873 3780 corr
884 3748 891 3790 ;
902 3730 998 3779 eveniet
1010 3730 1027 3781 S
1038 3749 1046 3790 ;
1057 3729 1167 3780 evenerit
1180 3726 1204 3794 β.
1290 3730 1405 3792 eundem]
1415 3730 1494 3778 eaden
1503 3729 1577 3779 BSG.

229 3809 427 3872 ttetveniatJet
438 3811 508 3858 venit
519 3809 549 3860 C.
622 3813 742 3875 nequis]
755 3812 781 3871 S,
796 3812 882 3876 Csup.
897 3812 1006 3878 lin3qai
1018 3811 1210 3876 A1313qmuG,
1225 3811 1381 3870 Ccorrtom.
1394 3808 1417 3878 β
1486 3811 1580 3872 autem]

225 3908 274 3943 otu.
286 3893 302 3959 β
313 3910 321 3952 ;
332 3900 450 3958 expunct.
462 3891 487 3941 in
497 3893 529 3942 A.
634 3904 662 3956 13
673 3893 793 3954 ostendat]
805 3893 842 3943 GI
855 3892 930 3944 inser.
943 3894 998 3942 tibi.
1103 3902 1131 3956 15
1143 3896 1189 3942 ant
1199 3889 1266 3952 Iesu]
1277 3897 1324 3940 aut
1334 3891 1388 3940 ihm
1399 3892 1458 3942 BGI
1470 3907 1477 3952 ;
1489 3907 1539 3941 om.
1551 3892 1577 3941 S.

228 3977 318 4040 tyipse
329 3976 359 4023 irs
369 3989 413 4024 seeo
425 3972 831 4040 martyreJSoptime30m.pet
842 3973 927 4025 ceteri.
997 3987 1029 4024 20
1039 3973 1166 4038 qaansado]
1177 3974 1393 4039 codd3qssone'ane
1407 3973 1431 4042 β.
1499 3973 1580 4036 amne]

225 4057 338 4106 ornnianr
350 4055 405 4106 BG.
506 4067 538 4105 22
548 4063 572 4104 et
582 4052 619 4115 si]
629 4056 705 4106 etiarn
719 4052 743 4123 β.

270 4245 293 4284 ι.
315 4224 464 4302 passiones
488 4224 629 4298 neartyrii
647 4218 714 4302 esse]
746 4220 870 4282 Hieron.
969 4241 1012 4294 14.
1028 4218 1161 4302 contulit]
1178 4223 1250 4282 Luc.
1268 4241 1315 4292 21,
1333 4241 1348 4280 2
1364 4240 1428 4298 sqq.

226 4305 254 4366 in
280 4306 445 4383 praefatum
471 4303 617 4364 Matthaei
640 4305 758 4364 locum:
776 4307 782 4334 ‘
798 4303 874 4364 Call·
966 4323 1012 4380 23.
1028 4299 1285 4382 scriptitationes.
1298 4303 1389 4362 Num.
1406 4320 1449 4374 19,
1466 4321 1498 4359 rr
1513 4319 1578 4377 sqq.

224 4407 290 4448 cem
307 4386 337 4446 in
352 4383 502 4462 scripturis
526 4384 634 4445 divinis
649 4383 817 4460 passionem
833 4383 875 4443 in·
968 4388 1013 4443 26.
1029 4387 1063 4444 de
1077 4391 1206 4459 neartyre
1220 4382 1424 4464 praeditatur]
1451 4382 1578 4441 Hieron.

225 4468 399 4544 tellegimus,
416 4465 496 4526 iuxta
510 4464 694 4538 illud-Pater,
709 4466 738 4524 si
741 4467 876 4543 possibile
925 4467 956 4524 in
980 4465 1242 4528 commentariolis
1267 4485 1294 4540 p.
1312 4468 1359 4537 84,
1379 4465 1398 4524 l.
1415 4468 1433 4524 8
1449 4486 1456 4523 ι
1472 4465 1580 4523 ‘Mors

226 4557 274 4622 est,
289 4555 422 4608 transeat
433 4567 455 4605 a
467 4565 510 4606 ene
522 4547 601 4606 calr'es
615 4547 673 4607 iste.
691 4547 730 4606 Et
745 4547 775 4606 in
802 4547 875 4624 psal·
926 4546 956 4605 in
972 4548 1036 4623 lege
1051 4557 1081 4606 et
1101 4544 1304 4606 contaminata
1330 4557 1418 4605 estet
1438 4544 1581 4604 contami·

228 4649 298 4690 mo:
316 4629 400 4708 Quid
411 4628 570 4688 retribuam
583 4629 711 4686 Domino
717 4637 751 4705 p.
766 4648 789 4687 a
806 4648 832 4705 q.
849 4647 874 4687 r.
927 4640 997 4686 nat:
1026 4625 1114 4703 igitur
1149 4627 1188 4686 de
1225 4625 1400 4702 martyribus
1436 4623 1581 4701 evangelii

229 4711 326 4772 mitit
344 4709 464 4770 Calicem
488 4709 630 4768 salutaris
653 4709 873 4786 acnpiarn'etc.
927 4707 1120 4784 prophetatur
1134 4709 1151 4766 '.

278 4837 390 4882 Amodata
400 4835 552 4879 binredsolana
561 4835 607 4884 111.
617 4849 638 4878 a.
1508 4838 1531 4874 as
