4062 5504
505 440 915 503 EXPOSITIUNCULAE
937 441 983 500 IN
1007 442 1304 504 EVANGELIUM.
1509 449 1578 534 151

750 653 1065 708 INTERPRETATIO.

274 761 495 828 Sacerdotum
523 761 718 844 parabolam
745 763 837 838 dicit,
861 773 894 826 et
927 762 1069 828 Iudaeos
1100 765 1264 847 obiurgat.
1295 764 1428 828 Nobilis
1458 763 1583 828 scilicet

230 867 385 932 Christus
410 877 470 944 est,
493 867 549 948 qui
577 875 611 928 et
638 866 738 929 homo
765 866 875 929 dictus
891 878 950 930 est.
967 867 1068 950 Quod
1084 879 1196 934 antem
1213 870 1305 947 dicit,
1322 869 1417 933 Abiit
1433 869 1582 952 accipere

228 991 369 1054 regnum
393 982 426 1036 et
443 973 571 1048 reverti,
593 970 656 1033 hoc
673 980 732 1048 est,
752 971 842 1053 quod
870 971 911 1034 ad
941 972 1074 1037 Patrem
1099 993 1195 1037 suum
1219 974 1380 1051 ascendit,
1395 983 1429 1036 et
1453 973 1582 1056 accepit

190 1097 208 1150 5
229 1086 432 1159 potestatem
451 1076 562 1139 iudicii
577 1075 689 1157 inquo
703 1085 860 1139 venturus
876 1085 935 1141 est.
953 1076 1053 1160 Quod
1070 1088 1182 1141 autem
1196 1078 1286 1154 dicit,
1297 1077 1390 1142 dedit
1399 1077 1501 1152 servis
1513 1078 1581 1148 suis

229 1181 345 1246 decem
364 1201 469 1260 mnas,
494 1181 639 1256 horest,
664 1180 754 1262 quod
783 1180 1013 1243 sacerdotibus
1038 1181 1191 1263 decalogi
1217 1182 1325 1264 legem
1353 1181 1456 1245 dedit.
1482 1180 1581 1246 Cives

230 1297 353 1363 antem,
368 1306 452 1368 quos
465 1285 547 1349 dicit
560 1283 725 1366 respuisse
737 1303 876 1365 regnum
887 1285 968 1360 eius,
981 1285 1097 1347 Iudaei
1108 1295 1195 1362 sunt,
1213 1287 1268 1367 qui
1283 1284 1453 1350 Christum
1467 1304 1580 1366 regem

226 1400 434 1472 respuerunt.
452 1390 597 1453 Proinde
615 1390 647 1451 in
665 1390 810 1452 adventu
827 1407 888 1451 suo
905 1389 1316 1470 promovebitsacerdotes
1333 1389 1417 1453 bene
1433 1400 1580 1470 agentes.

228 1493 273 1557 Et
290 1495 451 1569 inimicos,
467 1495 594 1575 inquid,
611 1494 666 1574 qui
689 1494 866 1555 noluerunt
884 1512 937 1554 me
953 1512 1091 1575 regnare
1107 1513 1206 1575 super
1222 1514 1266 1570 se,
1279 1492 1341 1558 hoc
1358 1504 1418 1567 est.
1436 1493 1579 1557 ludaeos

167 1621 207 1658 ro
224 1601 340 1681 puniet
358 1601 477 1662 merito
492 1619 561 1662 su0.

745 1714 964 1765 CAPITULUM
991 1715 1070 1766 XIII.

278 1825 380 1902 Venit,
397 1826 514 1907 inquit,
529 1824 599 1886 dies
608 1821 762 1898 Paschae,
778 1833 809 1884 et
823 1823 917 1886 misit
931 1823 1070 1885 Petram
1086 1831 1117 1885 ct
1130 1821 1309 1886 Iohannem
1324 1821 1433 1885 diceus
1444 1845 1456 1886 .·
1472 1823 1521 1886 Ite
1543 1822 1579 1887 in

221 1931 388 1994 cim'tatcm
404 1929 453 1992 ad
464 1927 635 2010 quendam,
659 1936 691 1989 et
713 1936 854 1989 occurret
879 1925 968 1989 nobis
990 1926 1082 1989 horno
1096 1925 1289 2008 amphoram
1304 1947 1407 2008 aquae
1415 1937 1554 2008 portans
1562 1952 1578 2003 ,·

221 2034 399 2117 sequimini
413 2054 485 2096 rum
509 2032 543 2095 in
559 2031 652 2094 domo
667 2030 702 2093 in
717 2051 783 2117 qua
797 2030 969 2106 introierit,
983 2041 1015 2093 et
1037 2031 1150 2093 dicetis
1168 2030 1417 2111 patrifamilias
1439 2031 1554 2094 domus
1566 2054 1578 2096 .·

164 2160 203 2215 ¹5
223 2139 315 2202 Dicit
330 2139 392 2202 tibi
410 2137 575 2218 magister,
597 2136 662 2200 Ubi
679 2145 727 2198 est
749 2136 879 2213 refectio
894 2156 974 2212 mea,
989 2134 1047 2198 ubi
1060 2134 1183 2216 paseha
1204 2155 1277 2196 cum
1302 2133 1474 2214 discipulis
1498 2134 1578 2198 mers

223 2243 447 2307 rrranducem?
464 2243 495 2304 E
497 2252 511 2305 t
525 2242 579 2304 ille
594 2240 682 2302 vobis
697 2240 840 2303 ostendet
848 2239 1031 2301 triclinium
1046 2248 1189 2302 stratum
1204 2247 1236 2301 et
1249 2237 1381 2300 domurn
1398 2258 1553 2320 inagnum
1565 2262 1577 2303 .·

227 2348 276 2411 ibi
285 2358 409 2429 parate.
424 2347 473 2410 Et
486 2356 595 2409 enrnrs
611 2345 806 2407 inuenerunt
826 2345 911 2407 sicut
930 2343 1061 2406 dixerat
1082 2341 1159 2419 illis,
1173 2350 1207 2404 et
1220 2352 1429 2424 paraverunt
1443 2341 1577 2424 pascha.

221 2451 269 2514 Et
279 2473 349 2515 curn
356 2452 456 2532 sacta
470 2460 551 2513 essct
564 2448 653 2524 icaro,
669 2447 838 2522 discubuit.
854 2458 886 2510 et
898 2446 1037 2529 apostoli
1048 2466 1120 2509 acm
1135 2465 1177 2509 co.

742 2582 1060 2632 INTERPRETATIO.

162 2729 203 2765 20
267 2695 403 2773 Pascha,
419 2693 531 2776 passio
547 2691 669 2758 Christi
693 2700 752 2754 est.
769 2689 963 2754 Triclinium
992 2698 1105 2751 autem
1126 2705 1286 2767 magnum
1304 2694 1446 2750 stratum
1471 2686 1574 2750 eccle·

222 2801 305 2863 siam
324 2801 543 2874 demonstrat,
558 2796 614 2859 ubi
632 2817 692 2858 nos
710 2795 833 2877 pascha
849 2793 1013 2876 passionis
1026 2790 1240 2854 celebramus.
1259 2789 1347 2852 Nam
1364 2800 1398 2853 et
1415 2789 1461 2851 sic
1479 2789 1574 2853 intel-

220 2903 326 2985 ligere
342 2922 529 2984 possumus‚
545 2901 633 2983 quod
653 2897 926 2983 patremfamilias
941 2899 1073 2959 Patrem
1089 2912 1185 2956 suum
1203 2894 1304 2970 dicit;
1322 2895 1443 2957 domus
1460 2903 1573 2956 autem

223 3007 466 3071 habitationem
495 3003 671 3067 caelestem
704 3000 879 3083 significat.
911 2999 1106 3063 Triclinium
1138 3017 1217 3062 vero
1247 3005 1390 3059 stratum
1427 2995 1574 3077 plenum,

222 3112 370 3192 hospitia
386 3118 526 3193 paterna
541 3109 759 3180 demonstrat,
775 3103 985 3167 Hierusalem
998 3102 1134 3177 scilicet,
1150 3100 1206 3162 ubi
1224 3119 1299 3162 cum
1318 3099 1443 3162 sanctis
1460 3099 1574 3162 convi-

161 3245 200 3299 25
219 3218 308 3278 vium
327 3214 502 3277 habiturus
514 3220 573 3274 est.
592 3211 712 3274 Amen.

611 3343 786 3395 EXPLICIT
809 3339 1018 3394 SECUNDUM
1045 3340 1183 3390 LUCAM.

252 3524 268 3573 8
275 3521 439 3587 promovebit]
450 3521 494 3582 bit,
508 3527 634 3584 expuncto
646 3527 673 3567 at
684 3519 716 3568 G.
820 3528 849 3564 12
862 3514 1058 3578 Paschas1pasce
1070 3512 1101 3562 G.

261 3693 305 3750 18.
321 3709 384 3750 cum
398 3685 441 3769 ea]
457 3690 508 3748 Lc.
528 3709 574 3760 22,
593 3705 669 3763 7⁴4-
