4092 5502
580 428 835 492 tracturus
858 429 905 488 ru
929 427 1059 492 usuc.
1084 427 1174 502 v111,
1197 430 1296 488 2ωό.
1530 425 1613 510 343

257 649 301 714 cti
328 645 533 732 presbyteri:
549 654 583 710 et
598 645 758 729 quoniam
785 645 856 728 ipse
880 646 924 711 de
939 644 1102 730 priucipio
1118 643 1238 729 psalmi
1266 645 1395 729 plenius
1418 644 1611 728 disputavit,

259 771 320 818 nos
335 751 461 836 reliqua
476 769 716 834 percurremus.

636 937 715 1036 [ru
750 937 917 1014 usuc.
947 937 1064 1022 vlu,
1096 936 1226 1036 22·26]

303 1183 473 1269 Quoniam
489 1190 626 1248 sanctus
642 1183 816 1266 presbyter
827 1184 871 1249 de
887 1183 1018 1267 psalmo
1027 1182 1141 1248 divina
1157 1183 1314 1261 cantavit,
1330 1204 1391 1278 nos
1403 1185 1613 1270 evangelium

227 1289 439 1363 §dividimus
458 1298 515 1368 ;et
531 1288 620 1371 quod
637 1285 757 1352 dicturi
780 1307 912 1352 eramus
936 1289 968 1352 in
993 1287 1170 1372 psalmum,
1196 1287 1229 1352 in
1258 1297 1352 1371 parte
1374 1289 1538 1372 evangelii
1564 1290 1615 1353 di·

260 1415 375 1460 cimus.

303 1499 350 1564 Et
365 1498 501 1562 venunt
516 1495 753 1561 Bethsaidam:
767 1505 802 1560 et
821 1496 988 1562 adducunt
1001 1496 1034 1560 ei
1052 1515 1186 1574 caecum,
1196 1505 1228 1560 et
1243 1507 1361 1580 rogant
1374 1497 1469 1562 illum
1486 1507 1523 1562 ut
1544 1520 1618 1563 eum

261 1614 412 1688 tangeret.
429 1602 580 1668 Veniunt
597 1600 814 1666 Bethsaidam
831 1601 983 1685 apostoli,
996 1601 1133 1666 veniunt
1146 1600 1267 1684 quihus
1281 1603 1415 1667 dixerat
1431 1607 1438 1636 ⁴
1455 1603 1617 1668 Nondum

262 1707 480 1792 intellegitis?
496 1706 503 1734 ’
521 1704 703 1771 Praeterita
723 1707 812 1771 enirn
829 1706 967 1772 historia
984 1706 1046 1771 hoc
1062 1707 1222 1774 continet.
1237 1705 1387 1772 Veniunt
1404 1707 1450 1771 ita
1467 1707 1617 1772 Bethsai-

214 1835 245 1872 ιο
261 1815 350 1890 dam,
364 1813 397 1876 in
415 1810 559 1875 viculum
577 1809 735 1874 Andreae
751 1819 785 1874 et
812 1809 910 1888 Petri,
929 1810 1040 1875 Iacobi
1064 1819 1097 1874 et
1116 1809 1283 1875 Iohannis.
1311 1809 1491 1876 Bethsaida
1518 1811 1618 1876 inter·

262 1927 410 2003 pretatur
436 1916 557 1981 domus
581 1924 800 1980 venatorum:
823 1915 868 1980 de
891 1915 955 1980 ista
977 1915 1067 1979 enim
1094 1915 1196 1979 domo
1222 1913 1314 1978 missi
1342 1925 1419 1979 sunt
1446 1917 1479 1982 in
1508 1901 1624 1982 totum'

262 2025 377 2090 orbem
393 2031 568 2088 venatores
583 2031 617 2085 et
634 2020 825 2104 piscatores.
848 2018 1067 2085 Considerate
1081 2017 1162 2102 quid
1189 2018 1317 2082 dicitur.
1336 2017 1488 2084 Historia
1514 2021 1618 2084 mani·

264 2128 348 2193 lesta
371 2135 431 2204 est,
458 2125 568 2190 littera
594 2132 708 2208 patet:
724 2125 860 2207 spiritus
886 2125 1079 2208 requiratur.
1107 2121 1197 2206 Quia
1220 2122 1347 2186 venerit
1363 2123 1396 2186 in
1426 2123 1617 2201 Bethsaida,

263 2232 341 2315 quia
355 2249 474 2296 caecus
490 2228 535 2293 ibi
552 2228 614 2293 loci
631 2227 739 2307 luerit,
754 2229 832 2311 quia
854 2227 1061 2293 discesseritz
1077 2227 1157 2310 quid
1173 2225 1237 2290 hoc
1254 2229 1438 2310 magnum?
1455 2227 1618 2310 Magnum

218 2354 247 2409 15
263 2335 400 2420 quidem
413 2332 570 2416 estquod
586 2330 664 2396 lecit
679 2351 687 2395 :
703 2334 761 2396 sed
786 2332 848 2396 nisi
864 2332 987 2398 cotidie
1003 2331 1071 2410 liat,
1086 2331 1177 2415 quod
1204 2329 1284 2394 olim
1301 2329 1426 2395 lactum
1442 2341 1502 2408 est,
1523 2331 1621 2394 nobis

265 2440 400 2524 quidem
418 2455 578 2519 magnum
595 2455 668 2500 esse
684 2437 834 2502 cessavit.
852 2438 896 2502 Et
913 2437 1050 2502 veniunt
1068 2435 1293 2500 Bethsaidam.
1309 2435 1459 2500 Veniunt
1475 2433 1620 2518 apostoli

265 2541 298 2606 in
314 2542 453 2607 domum
469 2559 574 2619 suam,
590 2539 647 2604 ubi
658 2543 728 2605 nati
740 2540 879 2607 fuerant.
898 2543 941 2606 Et
954 2542 1126 2606 adducunt
1141 2540 1172 2604 ei
1187 2560 1332 2606 caecum.
1349 2539 1538 2623 Diligenter
1550 2559 1619 2604 rem

266 2646 437 2722 advertite,
453 2653 568 2727 notate
583 2645 673 2728 quod
689 2645 820 2710 dicitur.
837 2646 876 2710 In
893 2647 997 2710 dorno
1012 2644 1242 2730 apostolorum
1258 2664 1376 2709 caecus
1392 2653 1442 2707 est
1457 2663 1464 2708 :
1477 2643 1533 2706 ubi
1550 2641 1620 2706 nati

266 2759 343 2815 sunt
358 2748 511 2835 apostoli,
528 2749 573 2814 ibi
588 2750 732 2814 caecitas
748 2759 807 2816 est.
821 2749 1121 2834 Intellegitisquod
1136 2750 1238 2814 dico?
1255 2749 1382 2814 Caecus
1398 2749 1460 2813 iste
1476 2746 1620 2832 populus

217 2879 250 2916 ιο
268 2855 468 2920 Iudaeorum
495 2861 556 2929 est,
580 2852 637 2934 qui
665 2851 698 2917 in
722 2855 825 2918 domo
852 2853 1081 2938 apostolorum
1106 2862 1187 2919 erat.
1205 2853 1250 2918 Et
1276 2853 1448 2918 adducunt
1475 2852 1517 2916 ad
1542 2871 1619 2917 eum

266 2977 412 3024 caecum.
437 2958 505 3022 Iste
521 2966 572 3020 est
588 2975 716 3035 caecus,
732 2959 788 3040 qui
805 2959 838 3022 in
858 2957 1019 3023 Hiericho
1034 2977 1129 3022 secus
1145 2957 1232 3022 viam
1249 2955 1410 3021 sedebat:
1425 2975 1492 3020 non
1510 2955 1543 3020 in
1560 2957 1623 3034 via,

267 3064 325 3128 sed
352 3062 536 3126 secundum
564 3059 675 3125 viam:
692 3081 759 3125 non
784 3062 817 3126 in
835 3062 908 3145 Iege
924 3081 1011 3138 vera,
1038 3063 1097 3126 sed
1125 3062 1157 3125 in
1177 3061 1251 3144 lege
1277 3059 1415 3124 litterae.
1433 3059 1480 3124 Et
1504 3070 1625 3143 rogant

268 3189 344 3234 eum
372 3167 528 3234 utillum
555 3173 716 3249 tangeret
746 3164 808 3230 Ille
834 3165 890 3249 qui
918 3175 989 3230 erat
1005 3166 1039 3230 io
1065 3165 1235 3241 Hiericho,
1250 3185 1325 3228 cum
1353 3164 1484 3228 audiret
1513 3163 1623 3227 lesum

268 3259 544 3358 praetereuntem,
558 3269 670 3353 coepit
697 3268 840 3334 clamare
866 3279 900 3334 et
915 3271 1024 3334 dicere
1049 3269 1233 3334 ‘Miserere
1255 3270 1330 3346 mei,
1346 3268 1391 3333 fili
1420 3267 1530 3333 David
1547 3267 1564 3344 ⁸,
1590 3276 1624 3331 et

221 3394 252 3449 25
270 3378 485 3462 increpabant
501 3376 594 3440 illum
612 3382 869 3458 praetereuntes.
885 3374 1041 3439 Ceterum
1061 3373 1154 3438 Iesus
1171 3392 1238 3438 non
1267 3373 1436 3457 increpat:
1452 3371 1622 3437 nonenim

270 3484 360 3550 venit
375 3482 437 3546 nisi
454 3482 497 3546 ad
512 3500 592 3544 oves
608 3478 754 3561 perditas
770 3479 891 3543 domus
918 3477 1052 3543 Israhel.
1071 3476 1172 3542 Iussit
1189 3496 1264 3541 eunt
1281 3479 1324 3542 ad
1342 3497 1378 3541 se
1405 3476 1535 3542 adduci.
1563 3473 1624 3536 Ille

271 3588 409 3652 audiens
424 3584 515 3668 quod
535 3585 628 3647 Iesus
654 3591 789 3646 vocaret
804 3601 840 3646 se
861 3585 868 3614 ⁴
886 3581 1037 3660 Exilivit‚
1061 3581 1178 3664 inquit,
1193 3589 1226 3646 et
1242 3601 1301 3645 sua
1317 3579 1517 3645 vestimenta
1532 3578 1625 3642 dere-

272 3689 376 3776 liquit,
390 3699 425 3754 et
440 3689 487 3752 sic
502 3687 645 3752 cucurrit
659 3685 675 3751 '.
697 3687 775 3750 Non
793 3685 903 3769 potuit
920 3687 966 3750 ire
982 3706 1057 3751 curn
1074 3685 1282 3750 vestimentis
1298 3684 1373 3748 suis.
1391 3682 1481 3764 Quid
1506 3701 1626 3744 causae

304 3889 320 3926 2
327 3874 513 3942 premerentur]
531 3889 551 3942 χ
569 3875 625 3938 (pro
633 3879 816 3938 percurramus
825 3874 846 3934 i)
858 3873 897 3924 Cl.
913 3873 1004 3926 Morel.
1018 3873 1067 3924 col.
1084 3885 1165 3936 10033
1185 3889 1205 3941 χ
1219 3871 1290 3924 addit
1305 3877 1449 3936 praestante
1462 3869 1571 3920 Doneirw
1581 3868 1629 3932 qui

272 3957 395 4008 uiuitetc.
497 3955 639 4020 3Honeilia
656 3970 723 4004 nona
737 3971 764 4022 χ.
865 3955 889 4006 8.
904 3952 1105 4018 9Betlrsar'danr]
1123 3953 1228 4020 scripsi;
1248 3954 1424 4022 Betlsarilaz.
1527 3949 1628 4012 talari]

272 4041 376 4092 abedit.
390 4040 449 4091 add.
463 4055 517 4090 esse
528 4039 648 4104 suspicor.

317 4227 343 4268 a.
352 4202 568 4286 percurremus]
583 4205 628 4267 Cl.
642 4221 731 4281 supra
745 4221 772 4280 p.
788 4223 856 4280 312,
869 4205 886 4264 l.
898 4207 923 4264 6.
978 4217 1008 4266 et
1021 4204 1136 4265 viculus
1153 4204 1231 4267 Petri
1247 4216 1277 4266 et
1293 4206 1432 4266 Andreae
1447 4203 1505 4263 hoc
1529 4201 1629 4279 appel·

316 4309 343 4366 9.
358 4289 532 4365 intellegitis]
548 4289 641 4347 Marc.
665 4287 692 4358 8,
717 4306 763 4345 21.
978 4287 1054 4348 latur
1069 4288 1234 4348 vocabulo:
1253 4284 1414 4348 Bethsaida
1428 4284 1509 4346 enirn
1525 4282 1555 4342 in
1577 4282 1629 4342 lin-

319 4391 363 4430 12.
379 4377 528 4431 venatores
540 4375 569 4428 et
577 4364 743 4447 piscatores]
757 4366 881 4429 Hieron.
897 4367 926 4428 in
977 4389 1036 4447 gua
1057 4381 1157 4430 nostra
1173 4367 1380 4446 interpretatur
1400 4368 1500 4426 domm
1519 4371 1630 4424 venato

276 4451 383 4513 Erech.
400 4453 448 4524 28,
473 4471 511 4511 ro
525 4467 589 4526 sqq.
608 4450 705 4509 ‘Sunt
726 4462 826 4510 autem
851 4449 925 4512 etin
977 4469 1043 4509 rum
1058 4453 1074 4511 ’.

275 4534 386 4594 bonam
400 4543 515 4612 partem
533 4530 579 4591 his
600 4529 739 4590 contrarii
761 4543 926 4605 venatores,
1022 4552 1067 4608 23.
1085 4533 1116 4591 in
1133 4531 1279 4605 Hiericho]
1294 4531 1337 4594 Cf.
1356 4532 1447 4590 Marc.
1468 4551 1512 4602 10,
1526 4546 1573 4602 47.

276 4614 437 4692 dequibus
461 4613 562 4674 scribit
582 4623 611 4673 et
628 4613 769 4672 Ieremias
790 4613 863 4672 Eece
882 4633 930 4691 ego
1023 4617 1068 4672 26.
1088 4613 1214 4693 Israhel]
1231 4614 1337 4673 Matth.
1358 4629 1402 4689 15,
1420 4632 1465 4687 24.

276 4697 392 4757 mr'ttam
410 4697 566 4774 pr'seatores
587 4702 615 4753 et
637 4702 819 4753 venatores...
839 4695 930 4756 Unde
1024 4709 1069 4767 27.
1086 4695 1249 4772 dereliquit]
1266 4696 1357 4755 Marc.
1378 4713 1423 4769 ro,
1439 4713 1486 4771 5⁰·
