4062 5504
501 312 578 394 144
971 303 1154 363 Annona
1181 303 1373 366 EPISCOPI
1417 337 1419 342 ,

492 505 700 588 patriarchae
710 515 871 578 coeuntes
882 525 994 568 semen
1009 506 1154 568 nominis
1167 505 1291 570 Christi
1303 505 1506 584 infuderunt,
1516 519 1549 570 et
1561 506 1661 572 fidem
1679 527 1850 590 nunquam

494 611 656 694 concepit.

1125 711 1210 760 XXV.

535 817 692 901 insurget
704 828 813 882 autem
831 838 966 900 reguum
982 830 1078 899 super
1094 839 1230 900 regnum
1247 817 1281 900 [i.
1303 819 1376 901 133]
1392 829 1423 881 et
1431 830 1546 902 gentes
1559 834 1656 904 super
1667 830 1810 902 gentem,
1824 831 1852 881 et

493 922 711 1002 eruntfames
725 932 757 985 et
771 932 983 986 terraemotus
999 933 1062 1004 per
1087 922 1154 986 loco
1176 922 1320 1004 singula.
1337 923 1408 987 Sed
1418 923 1496 988 boec
1508 926 1619 989 omnia
1642 925 1743 988 initia
1758 934 1853 988 emat
1867 951 1878 1000 5

488 1027 632 1106 gemitus
646 1036 679 1090 et
692 1026 819 1092 doloris.
841 1027 872 1090 T
869 1049 931 1091 unc
945 1026 1078 1091 tradent
1093 1047 1148 1090 uos
1162 1026 1198 1090 in
1209 1037 1353 1104 mortem,
1368 1037 1446 1091 tunc
1459 1029 1560 1092 multi
1583 1029 1851 1094 scandalizabun-

495 1139 560 1207 tur,
576 1140 607 1193 et
620 1131 752 1194 tradent
765 1153 798 1196 se
813 1132 1008 1202 alterutrum
1024 1131 1071 1193 nd
1099 1140 1243 1209 mortem,
1263 1141 1295 1194 et
1317 1132 1417 1194 multi
1433 1133 1719 1215 pseudoprophetae
1741 1155 1851 1195 exsur-

489 1244 568 1315 gent
578 1243 610 1296 et
618 1235 767 1298 seducent
775 1235 912 1312 multos;
928 1245 959 1297 et
962 1244 1099 1317 propter
1105 1236 1255 1298 scelerum
1264 1235 1527 1300 habundantiam
1538 1239 1852 1319 refrr'geseetcaritns

494 1338 679 1402 multorum.
700 1337 768 1416 Qui
779 1349 889 1402 autem
898 1340 1158 1421 perseveraverit
1172 1359 1271 1421 usque
1286 1339 1439 1424 infinem,
1455 1341 1509 1404 bii
1521 1341 1634 1405 salvus
1647 1342 1719 1406 erit.

1015 1473 1331 1524 INTERPRETATIO.
1867 1487 1891 1522 to

491 1615 495 1623 -
540 1580 696 1663 Regnum
714 1601 812 1663 super
828 1599 967 1664 regnum
984 1582 1074 1665 quod
1086 1581 1177 1657 dicit,
1188 1581 1251 1644 hoc
1268 1591 1328 1660 est,
1344 1583 1433 1664 quod
1450 1602 1550 1665 super
1566 1603 1707 1665 regnum
1725 1583 1848 1648 Christi

495 1686 597 1749 audet
613 1684 766 1749 diabolus
783 1684 935 1749 haereses
951 1669 1121 1749 suscitare.
1139 1685 1260 1749 Fames
1273 1696 1384 1750 autem
1401 1695 1434 1748 et
1451 1696 1681 1764 terraemotus,
1695 1688 1760 1752 hoc
1793 1697 1849 1762 est,

495 1789 585 1871 quod
603 1788 765 1872 aliquanti
781 1788 943 1867 homines,
960 1789 1046 1871 [qui]
1072 1801 1160 1854 terra
1181 1788 1425 1871 intelliguntur,
1440 1789 1564 1854 famem
1585 1792 1767 1873 patiuntur,
1784 1792 1845 1853 hoc

495 1901 557 1971 est,
571 1892 642 1956 sine
659 1891 786 1974 Spiritu
804 1891 885 1969 Deis
895 1913 956 1956 nec
966 1893 1174 1957 intellectum
1187 1893 1359 1971 habentes,
1371 1894 1413 1956 ad
1431 1892 1584 1958 haereses
1600 1893 1848 1958 submoventur.

493 1997 541 2061 *Et
556 1998 691 2062 tradent
706 2016 752 2072 se,
765 1997 935 2078 Inquid,in
949 2005 1098 2060 mortem.
1113 1997 1158 2061 Et
1168 1997 1305 2079 pseudo,
1319 1997 1847 2080 inquid,prophetaeexsurgent;
1865 2025 1886 2076 15

497 2112 532 2166 ut
549 2112 629 2184 puta
645 2101 870 2178 Amaxobius‚
886 2101 943 2184 qui
961 2099 1085 2165 multos
1101 2101 1243 2185 decepit.

1125 2237 1226 2288 XXVI.
1269 2304 1273 2318 1
1349 2239 1351 2246 ’

546 2341 645 2422 Tunc,
662 2341 787 2426 inquid,
803 2342 863 2425 qui
876 2343 911 2406 in
926 2343 1052 2406 Iudaeo
1067 2320 1295 2424 suntsugiont
1309 2341 1358 2406 ad
1370 2339 1492 2406 montes
1503 2367 1518 2419 ,·
1532 2353 1564 2407 et
1578 2343 1639 2426 qui
1652 2344 1688 2408 in
1702 2365 1782 2428 agro
1795 2354 1846 2418 est,

497 2469 560 2512 non
583 2456 768 2512 reuertatur
781 2458 867 2511 retro
888 2447 937 2510 ad
947 2447 1175 2510 uestimentum
1194 2468 1301 2512 snum.
1326 2448 1392 2512 Vae
1415 2463 1525 2511 autem
1537 2449 1800 2531 praegnantibus
1817 2459 1845 2512 et

495 2553 693 2618 lactantibus
708 2553 743 2615 in
760 2551 829 2616 illis
843 2551 962 2616 diebus.
983 2549 1082 2614 Orate
1097 2561 1216 2627 autem,
1232 2560 1345 2615 utnon
1361 2551 1522 2634 liatsuga
1538 2562 1647 2616 uestra
1670 2553 1771 2618 bieme
1794 2553 1842 2616 uel
1859 2580 1883 2616 a

496 2658 635 2724 sabbato.

1016 2757 1331 2807 INTERPRETATIO.

542 2868 667 2933 Iudaea
684 2865 809 2928 scilicet
824 2874 911 2928 terra
927 2873 1044 2928 sancta
1060 2874 1122 2941 est,
1137 2865 1201 2928 hoc
1217 2874 1277 2942 est,
1304 2865 1387 2928 casti
1403 2865 1556 2929 homiues
1572 2867 1697 2949 quique
1713 2887 1837 2931 carnem

496 2992 591 3035 suam
608 2968 910 3034 sanctificaverunt.
926 2967 1082 3049 Fugiant,
1099 2968 1225 3051 inquid,
1241 2968 1283 3032 ad
1298 2979 1430 3031 montes
1445 2991 1452 3031 :
1468 2969 1531 3032 hoc
1547 2981 1608 3048 est,
1624 2972 1666 3033 ad
1684 2971 1842 3054 apostolo

498 3096 570 3139 rum
587 3073 785 3140 doctrinam.
802 3071 847 3135 Et
863 3073 917 3155 qui
935 3072 968 3134 in
986 3091 1067 3153 agro
1077 3080 1137 3150 est,
1150 3091 1216 3135 non
1231 3078 1415 3135 revertatur
1424 3073 1467 3136 ad
1481 3075 1718 3138 vestImentum
1731 3095 1822 3138 suurn
1836 3097 1841 3134 :
1856 3099 1878 3148 ις

498 3179 561 3242 hoc
571 3179 696 3260 est,qui
709 3177 741 3239 in
756 3174 889 3239 saeculo
902 3184 961 3250 est,
974 3195 1040 3237 non
1053 3184 1236 3238 revertatur
1246 3173 1288 3238 ad
1303 3188 1448 3238 veterem
1459 3174 1640 3243 hominem.
1653 3177 1728 3241 Vae
1738 3195 1841 3242 autem

498 3281 760 3366 praegnantibus
776 3290 808 3343 et
825 3278 1049 3344 lactantibus:
1072 3279 1134 3343 hoc
1151 3293 1211 3358 cst,
1226 3281 1415 3363 quicunque
1431 3279 1570 3343 fratrum
1591 3292 1623 3345 et
1640 3283 1841 3347 sacerdotum

498 3387 671 3451 avaritiam
690 3385 779 3449 velut
792 3403 979 3466 praegnans
991 3383 1191 3466 conceperit,
1209 3403 1269 3446 vae
1285 3382 1351 3446 iiIis
1367 3384 1437 3446 erit.
1453 3383 1599 3448 Laetaris
1615 3396 1728 3451 autem
1741 3389 1767 3450 is
1777 3387 1841 3460 erit,

498 3492 554 3574 qui
572 3488 732 3556 mandata
749 3487 873 3554 Christi
896 3507 965 3551 non
990 3499 1077 3551 recte
1094 3487 1265 3551 docuerit:
1283 3486 1336 3549 hic
1357 3506 1425 3550 non
1443 3487 1519 3551 cibo
1534 3489 1593 3552 sed
1609 3489 1697 3553 lacte
1712 3489 1842 3572 potavit.

500 3595 619 3660 Hiems
642 3604 755 3660 autem
782 3593 871 3675 quod
898 3592 990 3668 dicit,
1008 3602 1141 3674 tempus
1165 3589 1319 3673 capiendi
1345 3590 1499 3655 homines
1523 3594 1680 3658 ostendit
1711 3595 1790 3656 Item
1812 3603 1842 3655 et
1856 3620 1878 3671 ³0

497 3701 625 3764 Iudaeo
640 3697 784 3763 sabbato
799 3697 913 3778 fugere
927 3715 992 3759 non
1008 3695 1096 3772 licet,
1106 3715 1167 3760 nec
1183 3695 1284 3759 etiam
1302 3694 1344 3758 de
1358 3695 1493 3760 civitate
1509 3697 1662 3761 recedere
1677 3697 1841 3781 permittit.

497 3807 550 3870 Ita
566 3812 600 3868 et
615 3823 677 3868 nos
692 3821 835 3878 oremus,
851 3807 888 3863 ut
903 3798 1075 3863 saeculum
1092 3799 1206 3881 ingere
1223 3798 1401 3881 possimus,
1417 3819 1459 3862 ne
1475 3799 1518 3863 ab
1533 3799 1732 3866 antichristo
1747 3799 1840 3866 veluti

495 3909 538 3974 ab
553 3908 665 3973 hIeme
682 3915 741 3970 aut
756 3904 900 3970 sabbato
916 3922 1186 3986 preoccupemur.

1119 4038 1234 4088 XXVII.

547 4153 578 4218 T
575 4171 644 4229 unc,
659 4149 778 4232 inquit,
801 4146 908 4209 simile
933 4145 1165 4208 aestimabitur
1188 4165 1324 4228 regnum
1350 4148 1510 4211 caelorum
1530 4147 1634 4210 decern
1658 4147 1841 4230 virginibus,
1855 4167 1876 4220 35

529 4302 656 4370 agentes]
677 4301 719 4360 (ὴ
736 4317 798 4365 gens
811 4317 839 4364 μ.
942 4310 971 4362 13
993 4298 1049 4362 qur]
1072 4299 1188 4364 supplevi
1210 4316 1241 4348 ex
1267 4317 1286 4364 μ
1296 4317 1305 4360 3
1327 4317 1378 4351 orn.
1404 4301 1436 4351 G.
1541 4314 1569 4362 14
1592 4301 1645 4363 nec]
1668 4297 1707 4365 pi
1731 4303 1793 4351 necis
1812 4299 1839 4348 G.

500 4391 529 4438 16
540 4394 571 4437 ut
576 4391 642 4452 puta
654 4382 822 4444 Amaxobioe]
840 4382 863 4432 G
876 4389 961 4439 recte;
974 4387 1065 4445 utpote
1076 4381 1231 4445 Antapobius
1244 4398 1270 4444 μ.
1373 4395 1405 4447 23
1416 4382 1520 4448 quique]
1532 4385 1554 4433 G
1567 4401 1574 4443 3
1586 4384 1633 4448 qui
1645 4399 1673 4448 μ.

539 4541 566 4595 9.
583 4510 764 4596 retruserit]
781 4515 836 4574 Mt.
854 4532 900 4585 aa,
919 4530 935 4587 7
951 4531 1017 4590 sqq.
1244 4533 1289 4572 21.
1306 4511 1435 4596 sabbato]
1454 4517 1508 4574 Mt.
1528 4535 1572 4588 24,
1593 4532 1687 4590 ipro.

1951 356 1954 436 i

1954 436 1955 484 i

1954 496 1956 556 t
