4160 5500
456 443 540 553 384
839 467 868 526 s.
892 459 1147 526 nrnnourm
1169 461 1434 523 Pressuram

457 685 643 750 consideret
671 704 786 748 vocem
816 692 849 747 et
876 681 1055 747 clamorem
1084 679 1205 756 divitis,
1221 687 1254 742 et
1271 678 1389 743 Lazari
1416 680 1559 762 digitum
1580 684 1818 765 postulantem.

503 787 677 873 Simulque
692 787 909 861 considerate,
933 785 1022 868 quod
1041 802 1147 866 paene
1162 781 1257 846 obliti
1285 779 1452 846 fueramus
1469 784 1586 852 dicere.
1604 787 1705 855 Dicat
1727 791 1817 858 enirn

460 893 589 977 aliquis,
616 903 649 958 et
676 894 801 976 dogma
817 909 1007 974 perversum
1025 886 1167 951 inierat:
1197 886 1273 949 Hoc
1289 886 1380 969 quod
1396 887 1536 967 videtur,
1562 901 1641 955 ante
1656 879 1815 960 iudicium

458 999 598 1075 videtur,
614 1017 655 1062 an
673 1005 750 1081 post
776 991 956 1060 iudicium?
974 991 1073 1056 Dicat
1094 990 1223 1072 aliquis,
1243 999 1317 1072 post
1341 991 1498 1056 iudicium
1512 1015 1520 1058 ε
1536 1012 1614 1058 nam
1631 995 1709 1061 ideo
1724 1007 1757 1062 et
1782 999 1815 1064 in

457 1122 565 1186 poena
582 1111 632 1166 est
649 1100 742 1176 alius,
753 1109 785 1164 et
798 1099 882 1163 alius
899 1097 932 1161 in
950 1095 1125 1178 refrigerio
1138 1093 1183 1157 Et
1194 1095 1365 1177 quomodo
1380 1093 1509 1173 dicitur,
1521 1096 1660 1163 Habent
1671 1100 1815 1184 Moysen
1855 1126 1872 1179 5

456 1214 491 1270 et
503 1205 709 1289 prophetas?
728 1203 763 1270 Si
776 1213 887 1267 autern
900 1201 971 1283 ipse
984 1198 1125 1281 Xpistus
1136 1197 1244 1274 docet,
1251 1205 1284 1260 et
1296 1196 1351 1279 qui
1369 1196 1514 1280 loquitur
1529 1199 1600 1282 ipse
1612 1211 1672 1280 est,
1687 1213 1721 1269 et
1736 1216 1817 1270 ante

457 1310 729 1374 resurrectionem
746 1293 854 1384 docet,
869 1315 903 1370 et
925 1305 1106 1368 secundum
1130 1301 1438 1384 interpretationem
1455 1311 1603 1368 nostram
1620 1311 1816 1374 resurrectio

457 1413 568 1496 Xpisti
586 1411 791 1497 postulatur:
803 1431 884 1494 ergo
899 1417 977 1474 ante
994 1405 1266 1471 resurrectionem
1280 1414 1339 1482 est,
1356 1416 1389 1472 et
1401 1407 1491 1471 dicat
1504 1406 1633 1491 aliquis,
1642 1431 1723 1494 ergo
1735 1423 1815 1479 ante

456 1517 615 1582 iudicium
633 1515 802 1580 iudicium.
841 1516 897 1578 Do
912 1512 1006 1577 vobis
1033 1509 1167 1594 aliquod
1184 1508 1387 1592 exemplum,
1411 1519 1447 1574 ut
1463 1513 1630 1596 exemplis
1646 1517 1813 1598 possimus

455 1640 656 1704 cognoscere
682 1619 865 1683 veritatem.
895 1617 1001 1699 Finge
1027 1615 1172 1698 aliquem
1201 1612 1233 1677 in
1258 1612 1433 1677 latrocinio
1461 1635 1535 1680 esse
1549 1617 1815 1700 deprehensum:
1838 1649 1874 1686 ro

455 1727 544 1790 hunc
560 1724 698 1789 missum
715 1743 788 1787 esse
804 1722 835 1785 in
861 1741 990 1786 carcere
1015 1718 1202 1795 tenebroso,
1225 1717 1312 1782 hunc
1339 1719 1476 1783 missum
1505 1741 1578 1785 esse
1595 1721 1627 1785 in
1656 1742 1759 1789 nervo
1781 1736 1816 1790 et

457 1829 641 1907 tormentis,
656 1836 891 1910 expectantem
904 1825 1038 1908 quidem
1050 1821 1260 1898 sententiam,
1272 1821 1329 1885 sed
1344 1831 1377 1886 et
1389 1843 1454 1886 non
1469 1844 1540 1888 esse
1553 1825 1599 1889 ibi
1617 1827 1688 1891 sine
1698 1849 1816 1911 poena.

458 1933 514 1996 Ex
531 1933 605 2015 ipso
620 1931 694 1996 loco
721 1929 885 2013 intellegit
915 1929 993 2011 quid
1022 1945 1179 2011 passurus
1201 1926 1243 1989 sit
1260 1949 1267 1990 ε
1282 1925 1360 1991 licet
1379 1928 1467 1992 enim
1486 1931 1628 1995 necdum
1655 1933 1816 2017 suscipiat

458 2056 600 2119 poenam
623 2034 812 2118 capitalem,
828 2034 903 2099 licet
921 2033 1063 2097 necdum
1089 2031 1216 2096 venerit
1242 2017 1312 2096 dies
1341 2031 1462 2110 iudicii,
1487 2041 1598 2098 tamen
1617 2035 1660 2100 de
1676 2057 1816 2119 carcere,

460 2142 502 2203 de
518 2139 672 2217 tenebris,
688 2138 731 2202 de
756 2137 918 2222 squalore,
933 2139 976 2202 de
999 2137 1096 2214 lame,
1110 2134 1154 2199 de
1181 2134 1377 2200 stridoribus
1402 2146 1605 2216 catenarum,
1620 2139 1663 2203 de
1688 2143 1814 2224 gemitu
1839 2171 1873 2225 ις

457 2243 735 2327 compeditorum,
758 2244 801 2307 de
827 2241 970 2306 lacrimis
991 2261 1105 2305 eorum
1132 2240 1288 2324 quicum
1316 2261 1355 2304 eo
1383 2249 1470 2316 sunt,
1496 2239 1660 2326 intellegit
1675 2245 1707 2308 in
1723 2247 1815 2330 quali

459 2367 567 2433 poena
584 2349 625 2412 sit
641 2347 779 2412 futurus.
796 2347 832 2412 Si
849 2347 937 2410 enim
954 2354 1049 2410 tauta
1065 2364 1248 2428 poenarum
1265 2345 1435 2427 prooemia
1450 2354 1538 2422 sunt,
1561 2347 1640 2429 quid
1667 2347 1813 2416 futurum

458 2452 501 2516 sit
519 2451 551 2515 in
569 2451 641 2535 ipsa
658 2450 847 2534 supplicia?
872 2449 907 2516 Si
934 2451 1076 2514 necdum
1102 2448 1193 2512 venit
1219 2448 1262 2511 ad
1289 2449 1457 2526 iudicium,
1483 2459 1517 2512 et
1545 2451 1687 2516 necdum
1705 2474 1816 2536 poena

458 2555 603 2638 perlecta
624 2565 685 2632 est,
701 2564 734 2619 et
750 2555 916 2619 desiderat
937 2559 1058 2637 'aquam
1076 2552 1230 2635 frigidam
1247 2552 1350 2635 :quid
1367 2554 1399 2616 in
1417 2551 1540 2616 iudicio
1566 2575 1722 2636 passurus
1737 2564 1815 2622 est?

501 2659 674 2742 Simulque
701 2656 989 2734 considerandum,
1004 2656 1093 2739 quod
1120 2654 1293 2720 Abraham
1318 2657 1407 2738 apud
1424 2658 1546 2723 interos
1563 2671 1653 2726 crat:
1670 2664 1812 2729 necdum
1833 2691 1874 2730 20

455 2763 543 2827 enim
562 2763 705 2845 Xpistus
726 2769 959 2844 resurrexerat,
975 2761 1032 2843 qui
1054 2759 1147 2824 illum
1174 2759 1206 2822 in
1234 2760 1425 2841 paradisum
1447 2763 1591 2828 duceret.
1617 2765 1811 2850 Antequam

456 2868 596 2948 Xpistus
613 2875 804 2944 moreretur,
820 2885 920 2928 nemo
932 2865 965 2928 in
978 2864 1168 2946 paradisum
1182 2863 1420 2929 conscenderat
1431 2865 1494 2928 uisi
1508 2865 1601 2932 latro.
1613 2869 1813 2952 Romphaea

456 2971 511 3036 illa
542 2971 698 3035 flammea
721 2979 755 3034 et
778 2971 907 3051 vertigo
934 2969 990 3032 illa
1018 2968 1195 3062 claudebat
1222 2968 1430 3050 paradisum:
1447 2988 1513 3033 non
1539 2982 1671 3052 poterat
1693 2974 1813 3058 aliquis

454 3075 576 3140 intrare
592 3075 624 3138 in
643 3073 848 3156 paradisum,¹
859 3091 959 3155 quem
977 3071 1119 3153 Xpistus
1134 3071 1306 3136 clauserat.
1326 3072 1429 3137 Latro
1446 3073 1573 3154 primus
1590 3075 1811 3145 intravitcum

455 3179 587 3261 Xpisto.
604 3179 805 3261 Magnitudo
830 3178 918 3240 enim
945 3175 1020 3239 fidei
1047 3177 1165 3240 meruit
1190 3176 1455 3258 magnitudinem
1474 3179 1707 3260 praemiorum.
1733 3183 1810 3247 Non
1832 3213 1871 3266 ²3

453 3284 541 3347 enirn
559 3283 699 3346 credidit
733 3283 766 3346 in
784 3300 887 3364 regno
913 3280 1029 3345 videns
1047 3279 1215 3361 Xpistum,
1230 3299 1297 3343 non
1321 3279 1413 3345 illum
1430 3280 1514 3344 vidit
1532 3280 1726 3365 fulgentem,
1744 3305 1811 3350 non

453 3387 546 3453 illum
560 3387 642 3451 vidit
657 3387 701 3450 de
717 3385 810 3450 caelo
826 3384 1067 3467 respicientem,
1077 3403 1143 3447 non
1160 3383 1244 3448 vidit
1255 3383 1284 3446 ei
1301 3385 1528 3448 ministrantes
1544 3386 1691 3468 angelos.
1704 3387 1811 3468 Certe,

453 3500 489 3556 ut
506 3491 607 3554 libere
622 3491 742 3566 dicam,
758 3510 825 3554 non
842 3490 925 3553 vidit
941 3489 1043 3552 libere
1058 3486 1297 3566 ambulantem,
1313 3489 1370 3552 sed
1383 3488 1465 3553 vidit
1476 3508 1552 3552 eurn
1564 3488 1597 3552 in
1610 3511 1716 3570 cruce,
1727 3492 1812 3558 vidit

454 3594 546 3658 illum
559 3594 728 3658 bibentem
743 3593 972 3669 acetum,vidit
984 3611 1060 3655 eum
1074 3591 1223 3655 sentibus
1234 3598 1440 3668 coronatum,
1451 3591 1533 3656 uidit
1547 3612 1623 3658 eum
1636 3594 1810 3662 confixum

453 3698 496 3762 ad
512 3718 652 3775 crucem,
672 3698 754 3761 vidit
771 3717 847 3761 eum
865 3706 1056 3778 precantem
1073 3694 1257 3758 auxilium:
1272 3700 1280 3728 ‘
1299 3697 1391 3759 Deus
1409 3697 1502 3760 Deus
1519 3717 1612 3763 meus
1629 3701 1754 3782 respice
1771 3702 1807 3766 in
1832 3731 1873 3784 30

454 3823 515 3880 me,
530 3823 634 3886 quare
665 3822 719 3865 rne
746 3800 949 3882 dereliquisti
966 3800 1003 3862 ?'
1030 3809 1063 3862 et
1088 3801 1134 3863 sic
1162 3799 1310 3863 credidit.
1338 3799 1370 3865 Ο
1387 3800 1536 3865 conditio
1551 3803 1653 3880 varia,
1668 3814 1701 3868 et
1713 3825 1813 3871 casus

487 3983 789 4051 idigitumlrlr'ctumFL.
858 3985 927 4048 ean]
935 3993 981 4034 aut
991 3987 1018 4036 F.
1085 3982 1344 4046 4.8‹lr'rat]Nmutat
1355 3987 1458 4039 indicit.
1521 3990 1738 4054 Sancti.]etuute
1750 3995 1768 4044 i.
1781 4011 1812 4064 χ.

450 4067 614 4128 9r'udr'cirrm]
627 4067 664 4116 bis
675 4067 848 4126 codrl;scmel
862 4083 889 4135 χ.
990 4061 1106 4130 aliquod]
1126 4068 1227 4131 aliquid
1238 4069 1289 4118 FL.
1394 4083 1419 4119 tt
1434 4071 1569 4120 incarcere
1584 4075 1764 4144 tenebrosum
1783 4081 1815 4127 ἐπ

450 4167 570 4198 ωνιίνειη
582 4151 735 4198 tenebrosum
747 4148 821 4198 codd.
895 4144 1052 4216 ΙὶῄοιηαΙχ
1063 4148 1150 4198 inserit
1163 4165 1230 4198 narn.
1311 4163 1319 4198 t
1325 4154 1480 4217 Jsrrsrr'piat]
1490 4157 1623 4218 susceperit
1633 4172 1660 4224 χ.
1732 4169 1815 4222 15sa.

450 4234 577 4295 tenarmn]
589 4247 608 4300 χ
619 4248 626 4290 ;
636 4230 665 4280 de
676 4238 822 4278 catenarum
837 4230 858 4277 L
869 4245 876 4286 ς
888 4229 916 4278 de
927 4230 1091 4278 cathenarum
1106 4229 1125 4276 l·'
1137 4245 1144 4286 3
1155 4229 1184 4277 dc
1195 4231 1297 4289 carentis
1306 4248 1360 4297 sup.
1373 4233 1416 4283 lin.
1428 4233 1454 4283 in
1464 4237 1525 4295 ras.)
1534 4236 1567 4286 N.
1667 4239 1696 4288 de
1702 4242 1816 4305 geurien]

451 4312 473 4361 1.
483 4329 534 4361 our.
549 4313 585 4362 de.
665 4323 692 4372 17
701 4307 838 4376 prooemia]
849 4310 936 4374 scripsi
948 4312 1079 4374 3praemr'a
1093 4309 1113 4358 F
1123 4327 1130 4366 ;
1137 4312 1237 4374 premia
1251 4311 1274 4359 N
1284 4329 1291 4370 3
1298 4315 1406 4376 praevia
1419 4331 1446 4384 χ.
1527 4317 1556 4367 18
1567 4317 1611 4379 sit]
1622 4319 1687 4368 codd
1700 4337 1707 4378 ς
1718 4321 1770 4370 erit
1782 4338 1812 4390 χ,

450 4393 479 4442 r'n
491 4395 545 4457 ipsa
559 4394 692 4458 supplicia]
712 4393 788 4442 codd.
805 4404 814 4439 ι
830 4408 872 4452 πι;
893 4393 922 4441 in
934 4391 995 4456 φη)
1014 4391 1144 4455 suppliciis
1164 4391 1189 4439 N
1201 4407 1256 4456 sup.
1270 4393 1305 4442 lin
1317 4410 1324 4452 3
1343 4395 1412 4445 r'nter
1422 4399 1440 4447 ι’.
1454 4415 1473 4448 s.
1488 4415 1516 4466 χ.
1618 4413 1650 4450 22
1662 4406 1816 4468 necteretur]

449 4477 588 4526 esuriretur
599 4477 627 4526 F.
729 4471 1015 4538 RonrphaeaJrumplrca
1030 4473 1062 4522 N.
1165 4473 1496 4535 24rlauserot'1cluseratF.
1598 4485 1816 4555 3tvarioe11ffi

449 4559 537 4608 uariae
550 4559 609 4618 FL3
621 4575 634 4608 o
645 4559 734 4607 variae
747 4557 771 4605 N
784 4559 883 4616 (mutat.
898 4573 956 4622 sup.
967 4557 1012 4606 lin.
1026 4557 1139 4617 avarici.

492 4745 539 4802 3¹·
555 4724 733 4802 derelr'qur'str'
745 4720 771 4803 l]
788 4724 833 4782 Ps
853 4741 900 4796 αι,
918 4741 943 4780 a.
