4160 5500
640 439 686 501 IN
709 439 785 502 DIE
808 435 1029 502 DOMINICA
1049 432 1253 498 PASCHAR
1537 430 1622 518 413

267 657 362 724 istius
399 657 632 725 maledictione
659 657 831 742 (quoniam
855 659 1005 723 Hermon
1030 656 1264 738 interpretatur
1289 651 1493 736 anathema),
1516 660 1550 718 et
1579 652 1622 718 de

268 771 386 828 monte
409 763 541 830 modico
552 762 649 829 huius
663 764 779 829 mundi
792 764 958 847 (quamvis
967 763 1056 826 enirn
1072 760 1192 844 aliquis
1207 767 1342 824 sanctus
1353 758 1405 835 sit,
1414 757 1495 823 dum
1512 757 1544 821 in
1558 756 1623 822 isto

265 877 418 934 versatur
434 866 577 946 saeculo,
592 887 659 932 non
684 877 735 934 est
759 869 791 934 in
809 877 923 933 monte
939 867 1057 950 grandi
1082 877 1183 949 atque
1198 864 1342 942 sublimi,
1362 863 1422 928 sed
1449 863 1482 926 in
1509 871 1623 928 monte

267 971 402 1036 modico
419 979 519 1054 atque
541 971 866 1055 humili)clamemus
889 972 932 1036 ad
950 971 1145 1048 Dominum,
1158 979 1192 1035 et
1207 968 1373 1051 profunda
1384 966 1620 1049 scripturarum

234 1090 248 1146 5
268 1078 371 1161 ipsius
381 1077 423 1142 de
433 1077 506 1142 aliis
515 1078 751 1161 seripturarum
762 1078 962 1143 testimoniis
972 1073 1409 1160 interpretemur.Quidquid
1420 1073 1622 1136 inabsconso

267 1183 387 1248 veteris
400 1183 593 1248 testamenti
608 1203 673 1248 non
685 1202 863 1266 possumus
876 1180 1100 1261 invenire,hoc
1112 1181 1155 1244 de
1164 1179 1329 1244 absconso
1342 1176 1420 1241 novi
1429 1174 1621 1240 testamenti

266 1288 425 1352 solvimus
437 1287 471 1351 in
487 1307 569 1352 voce
584 1298 825 1352 cataractarum
844 1288 917 1363 Dei,
927 1286 991 1351 hoc
1006 1294 1067 1362 est,
1076 1283 1313 1367 prophetarum
1328 1280 1430 1364 ipsius
1442 1290 1476 1345 et
1488 1287 1621 1362 aposto-

266 1391 382 1458 lomm.
398 1391 524 1458 Omnia
539 1391 674 1459 excelsa
692 1391 841 1469 Domini,
868 1402 900 1457 et
924 1391 1042 1455 fluctus
1058 1388 1170 1472 ipsius,
1185 1396 1219 1452 et
1235 1388 1380 1470 impetus
1396 1384 1542 1448 fluminis
1565 1383 1621 1468 qui

266 1495 422 1563 laetificat
437 1496 606 1564 civitatem
625 1495 700 1574 Dei,
722 1515 822 1580 super
837 1515 898 1560 nos
913 1494 1123 1560 transierunt.

538 1753 596 1827 IN
630 1753 729 1828 DIE
762 1751 1052 1828 DOMINICA
1083 1745 1351 1825 PASCHAE.

312 2007 390 2072 Non
416 2028 502 2092 queo
525 2009 615 2092 quod
643 2019 755 2076 mente
781 2010 934 2094 concipio
948 2031 1007 2075 ore
1021 2010 1176 2092 proferre,
1191 2017 1225 2074 et
1248 2006 1358 2071 cordis
1379 2003 1445 2070 mei
1460 2001 1622 2068 laetitiam

269 2111 383 2194 lingua
398 2131 465 2176 non
481 2113 638 2194 explicat.
659 2113 735 2177 Hoc
747 2125 861 2178 autem
875 2133 941 2178 non
958 2113 1065 2178 solum
1085 2134 1149 2196 ego
1161 2112 1278 2195 patior,
1293 2109 1349 2194 qui
1365 2108 1465 2191 cupio
1491 2123 1624 2170 narrare

266 2216 491 2298 quaesentio;
507 2217 566 2280 sed
581 2217 683 2281 etiam
695 2239 753 2282 vos
770 2239 900 2282 mecum
918 2218 1081 2301 patimini,
1098 2217 1171 2300 pius
1186 2213 1397 2279 exsultantes
1407 2212 1440 2276 in
1452 2209 1622 2274 conscien-

266 2319 322 2398 tia²
338 2341 438 2402 quam
452 2321 484 2383 in
497 2321 631 2404 eloquio
643 2321 857 2404 proferentes.
867 2323 1011 2387 Videtur
1023 2322 1103 2386 mihi
1116 2321 1198 2386 haec
1208 2320 1279 2385 dies
1291 2318 1408 2384 ceteris
1420 2314 1537 2381 diebus
1550 2331 1622 2378 esse

219 2433 248 2489 Ι5
266 2423 414 2501 lucidior,
429 2423 478 2488 sol
508 2424 634 2489 mundo
662 2425 780 2490 clarior
806 2426 977 2502 inluxisse,
995 2436 1083 2490 astra
1111 2442 1244 2508 quoque
1266 2431 1300 2487 et
1326 2421 1439 2484 omnia
1454 2417 1621 2482 elementa

267 2528 391 2606 laetari,
401 2539 434 2593 et
446 2547 532 2612 quae
542 2530 691 2611 patiente
706 2531 856 2594 Domino
871 2531 1041 2613 proprium
1055 2529 1165 2593 lumen
1184 2533 1402 2604 retraxerant,
1410 2532 1444 2589 et
1461 2523 1623 2604 fugerant,

266 2639 299 2692 et
316 2629 490 2694 noluerant
514 2638 696 2696 creatorem
723 2653 820 2697 suum
847 2635 995 2716 aspicere
1020 2632 1225 2706 crucifixum,
1241 2631 1324 2695 haec
1349 2648 1437 2694 nunc
1461 2627 1621 2691 victorem

266 2733 360 2798 illurn
376 2742 410 2797 et
426 2735 469 2797 ab
495 2734 608 2798 inferis
635 2749 863 2819 resurgentem
889 2759 950 2803 suo
965 2738 1008 2821 (si
1030 2737 1096 2802 dici
1122 2738 1248 2821 potest)
1271 2735 1407 2818 fulgore,
1422 2752 1483 2797 suo
1510 2750 1621 2814 prose·

265 2845 413 2921 quuntur
424 2835 541 2903 officio.
552 2837 666 2904 Credit
676 2842 815 2922 caelum,
827 2843 932 2907 credit
942 2852 1039 2908 terra:
1051 2850 1085 2906 et
1097 2861 1230 2924 sagena,
1240 2861 1326 2923 quae
1338 2849 1446 2904 totum
1458 2836 1620 2901 muudum

215 2959 248 2996 20
265 2941 392 3022 piscata
404 2951 464 3019 est,
481 2941 625 3006 Iudaeos
642 2953 754 3010 tenere
770 2966 836 3010 non
855 2948 971 3028 potuit.

307 3047 315 3075 ‘
334 3045 429 3108 Haec
455 3045 526 3110 dies
542 3066 642 3128 quam
659 3046 736 3112 fecit
754 3049 941 3116 Dominus:
957 3049 1165 3114 exsultemus
1180 3057 1214 3112 et
1230 3047 1392 3112 laetemur
1406 3046 1440 3110 in
1456 3064 1503 3109 ea
1520 3045 1527 3071 '
1544 3042 1622 3126 Quo

297 3231 450 3298 3111111111]
464 3231 535 3282 Hier.
547 3232 587 3292 V;
598 3241 710 3284 certatur
721 3238 787 3301 Aug.
884 3247 898 3300 5
912 3239 940 3286 sic
952 3237 1073 3300 absconso]
1088 3237 1160 3288 Hier.
1175 3237 1197 3286 V
1209 3255 1215 3298 ς
1228 3239 1258 3285 ior
1269 3238 1352 3300 alysso
1363 3238 1428 3300 Aug.
1524 3249 1541 3300 9
1552 3241 1621 3282 tran·

263 3311 372 3374 siarum]
385 3314 464 3363 Editt.
478 3322 503 3363 et
515 3315 589 3365 codd.
603 3316 663 3366 add.
677 3317 847 3384 doxologiam.
928 3332 959 3369 10
970 3321 1060 3369 Exstat
1072 3321 1098 3369 in
1110 3321 1219 3385 append.
1231 3329 1249 3370 t.
1259 3319 1282 3363 V
1294 3319 1427 3384 Augustini
1435 3319 1515 3370 Serm.
1525 3317 1621 3375 CLIX,

264 3399 329 3448 inter
347 3397 432 3461 spuria
443 3413 544 3461 quoque
566 3397 716 3463 Hieronymi
736 3402 856 3464 opuscula
868 3402 901 3450 ab
915 3402 1020 3452 Erasmo
1040 3403 1151 3462 reletus;
1170 3402 1214 3452 sed
1227 3409 1251 3452 et
1264 3417 1322 3466 pars
1341 3401 1395 3452 eius
1414 3401 1504 3466 legitur
1516 3399 1541 3450 in
1554 3399 1620 3462 Aug.

265 3478 318 3527 Mai
332 3478 406 3527 Nova
419 3478 466 3528 PP.
483 3478 639 3530 Bibliotheca
652 3489 669 3530 t.
686 3483 707 3542 1,
721 3498 746 3547 p.
761 3497 793 3533 20
812 3499 842 3533 ex
855 3484 911 3534 cod.
927 3483 1182 3534 Bobiensi-Vaticauo
1197 3484 1261 3548 5758
1281 3501 1346 3536 saec.
1361 3484 1413 3534 VII
1427 3486 1462 3544 (=
1476 3485 1515 3544 B),
1531 3481 1623 3532 Hiero·

264 3559 383 3624 nymiauo
395 3560 511 3610 tractatui
523 3561 548 3610 in
561 3563 622 3626 psal.
633 3563 732 3614 CXVII
746 3565 819 3624 tinisa
832 3582 856 3629 p.
868 3564 927 3627 416)
939 3565 1091 3615 intermixta.
1103 3567 1208 3629 Insuper
1220 3567 1317 3622 contuli
1324 3583 1381 3617 oum
1390 3566 1465 3616 codd.
1476 3564 1623 3615 Sessoriano

264 3642 319 3702 LV,
333 3641 376 3692 fol.
394 3642 439 3704 176
452 3643 488 3701 (2
501 3643 529 3703 S)
541 3653 566 3692 et
582 3644 703 3695 Vaticano
720 3660 776 3710 344,
792 3647 834 3696 fol.
852 3658 897 3711 105
910 3648 946 3707 (=
958 3648 1000 3708 V).
1104 3659 1131 3697 11
1154 3648 1213 3698 Non
1233 3650 1303 3714 queo]
1317 3649 1396 3700 Editt.
1410 3655 1436 3699 et
1456 3648 1531 3699 codd.
1545 3646 1620 3697 inser.

256 3724 354 3788 fraires
373 3725 508 3775 carissimi.
625 3727 704 3790 quod]
725 3729 790 3792 Aug.
812 3729 848 3788 Sc
867 3746 939 3794 quem
961 3730 1033 3780 Hier.
1151 3731 1268 3797 concipio]
1289 3733 1354 3795 Aug.
1375 3731 1411 3789 S;
1430 3729 1527 3792 concepi
1547 3727 1619 3777 Hier.

260 3808 383 3875 postserra]
396 3807 467 3856 Hier.
482 3807 541 3857 add.
555 3824 698 3859 scursonem.
803 3825 831 3876 13
850 3813 938 3874 otiam]
960 3815 1031 3865 Hier.
1046 3815 1104 3865 add.
1120 3821 1151 3866 ei.
1256 3827 1286 3875 14
1306 3815 1335 3862 ios
1354 3811 1460 3877 eloquio]
1482 3811 1546 3874 Aug.
1561 3809 1621 3868 SV;

266 3887 337 3938 Hier.
349 3903 399 3938 om.
412 3891 449 3938 in.
549 3889 670 3951 haeclhic
679 3891 751 3943 Hier.
850 3897 1041 3958 150mnia10m.
1055 3897 1081 3946 S.
1180 3897 1209 3945 16
1217 3897 1350 3960 proprium
1363 3897 1380 3943 i.
1392 3910 1415 3944 r.
1426 3909 1447 3944 c.
1451 3892 1578 3956 fugerant
1587 3891 1621 3952 et]

264 3985 313 4019 orn.
329 3969 365 4030 S;
386 3971 452 4034 Aug.
466 3985 516 4019 oro.
530 3977 554 4019 et
564 3971 698 4034 fugerant.
804 3987 831 4036 17
844 3975 912 4037 hoec]
931 3992 979 4026 cccc
990 3978 1056 4041 Aug.
1161 3977 1190 4026 18
1201 3994 1244 4027 1111
1254 3979 1280 4026 11”
1288 3977 1341 4026 dici
1354 3982 1432 4041 polest
1442 3975 1552 4040 ficlgsre,
1566 3971 1621 4033 1111]

264 4068 325 4102 novo
334 4053 459 4101 claor'tatis
471 4069 531 4102 suae
538 4055 603 4117 Aug.
704 4069 748 4104 1111
754 4058 953 4122 prosequuntur]
960 4063 1128 4121 prosecuntur
1135 4059 1163 4118 S,
1171 4075 1222 4108 orn.
1235 4075 1293 4117 suo3
1305 4075 1349 4108 suo
1357 4065 1531 4123 protestantur
1541 4053 1618 4105 codd.

263 4133 303 4183 cb.
317 4133 461 4198 Augustini.
531 4147 559 4184 21
574 4136 653 4203 Haec]
664 4137 730 4200 Aug.
743 4136 818 4189 inser.
829 4146 870 4188 est.
937 4139 1089 4189 exsultemus
1099 4147 1123 4189 ei
1133 4141 1264 4202 luctemur]
1276 4142 1400 4190 laetemur
1409 4147 1434 4190 ei
1443 4135 1619 4189 exultemusS.

266 4363 273 4377 ·
309 4305 332 4345 1.
355 4286 567 4363 torterpreoaour
590 4284 760 4368 anathema]
790 4287 916 4349 Hieron.
1001 4292 1090 4347 ar.r'n
1103 4286 1149 4369 ea]
1165 4291 1211 4348 Ps.
1234 4307 1297 4364 117,
1316 4309 1362 4360 24·

266 4384 295 4424 rn
310 4385 352 4442 ps.
364 4383 487 4460 caxxrr.
501 4386 566 4445 250,
584 4387 617 4444 ¹7
631 4373 637 4402 ¹
654 4369 765 4428 Ermon
779 4367 809 4428 in
818 4368 919 4447 lingua
1055 4370 1314 4445 QuonrodoMooia
1323 4371 1404 4448 virgo
1415 4365 1486 4448 etc]
1495 4367 1620 4430 Hieron.

265 4459 365 4507 nostra
381 4459 590 4526 interpretatur
604 4454 726 4522 ἀνάθημα
738 4452 753 4510 ’.
969 4453 1080 4530 prolog.
1096 4464 1258 4513 comment.
1285 4451 1316 4512 in
1335 4451 1467 4528 Sophon.
1497 4451 1621 4512 ‘Taceo

299 4549 332 4622 ⁹2.
348 4532 481 4606 qumvis
501 4531 577 4591 enim
600 4533 710 4609 alr'qrni
734 4540 849 4592 sanctus
864 4529 916 4612 sii]
968 4535 1007 4595 de
1021 4535 1110 4593 Anna
1124 4544 1155 4594 et
1170 4532 1323 4608 Elisabeth
1338 4543 1367 4593 et
1389 4531 1496 4594 ceteris
1510 4533 1619 4593 sanctis

267 4610 397 4704 Dicendi
427 4613 535 4673 modus
578 4615 659 4692 apud
695 4613 915 4691 Hieronymum
970 4613 1151 4688 mulieribus,
1163 4631 1289 4692 quarum
1304 4616 1386 4676 velut
1400 4613 1533 4676 siderum
1549 4613 1620 4690 igni-

266 4689 347 4753 haud
362 4694 542 4772 infrequens.
970 4697 1054 4757 culos
1063 4697 1175 4756 clarum
1192 4695 1305 4760 Mariae
1320 4697 1422 4758 iumen
1436 4695 1611 4759 abscondit'
