4092 5502
549 425 804 484 TRACTAI'US
830 425 885 481 DE
908 423 1075 483 I’SALMO
1097 425 1270 484 CXLVIII.
1505 422 1588 504 309

232 650 385 705 etcreato
399 652 483 707 suat.
503 643 580 706 Una
597 653 715 707 natura
741 643 833 707 iubet
862 652 895 706 et
921 642 1000 706 facit
1016 667 1022 706 :
1041 644 1133 707 Deus
1150 645 1250 722 iubet,
1267 644 1359 707 Deus
1384 643 1471 707 facit.
1491 642 1586 704 Iubet

233 747 340 828 pictor
356 757 392 810 ut
409 748 526 831 pingat
542 747 658 829 pictor,
674 758 707 811 et
724 747 831 829 pictor
847 748 956 830 pingit
972 749 1059 829 quod
1078 748 1170 830 pingi
1191 755 1412 830 praeceperat.

278 857 409 923 Statuit
421 879 458 922 co
475 860 510 924 in
525 861 696 936 saecnlum,
711 870 742 922 et
753 859 788 922 in
803 859 967 923 saeculam
981 860 1103 922 saeculi
1111 884 1123 923 .·
1131 869 1336 942 precaeptum
1343 859 1465 942 posuit,
1480 867 1511 920 et
1526 878 1587 920 non

225 962 428 1046 praeteribit.
446 963 590 1028 Grandis
618 962 762 1027 bominis
779 964 894 1036 bonor,
910 973 942 1026 et
960 965 1095 1046 grandis
1112 964 1296 1029 infelicitas.
1326 962 1382 1029 Sol
1401 961 1460 1026 tibi
1477 961 1586 1035 currit,

201 1090 215 1144 ς
232 1067 397 1131 elementa
413 1068 472 1131 tibi
490 1067 636 1132 serviunt
650 1091 657 1132 :
672 1075 706 1130 et
722 1077 757 1130 tu
770 1069 903 1148 ignoras
920 1076 1101 1131 creatorem
1118 1077 1222 1132 tuum.
1235 1069 1452 1150 Praeceptum
1466 1065 1586 1148 posuit,

233 1181 266 1236 et
281 1192 349 1235 non
366 1171 565 1254 praeteribit
585 1173 804 1254 Praeceptum
821 1172 883 1234 soli
910 1173 1043 1254 posuit:
1068 1193 1144 1236 ecce
1161 1194 1218 1255 per
1243 1181 1354 1235 tantos
1370 1191 1476 1235 annos
1492 1189 1585 1251 prae·

233 1285 365 1359 ceptum
385 1275 449 1340 Dei
466 1295 649 1360 numquam
666 1277 845 1358 praeteriit.
861 1277 898 1340 In
917 1285 1049 1342 tanturn
1061 1297 1126 1341 non
1145 1276 1322 1358 praeteriit,
1337 1284 1373 1339 ut
1389 1293 1503 1338 cursus
1515 1272 1585 1336 eius

122 1393 128 1404 ·
232 1389 265 1444 et
290 1379 439 1444 humana
465 1379 701 1445 observatione
726 1379 974 1462 conprehensus
1002 1381 1054 1444 sit.
1077 1380 1294 1462 Praeceptum
1322 1377 1443 1462 posuit,
1460 1386 1492 1440 et
1519 1395 1585 1438 non

234 1484 435 1564 praeteribit.
452 1486 568 1548 Lunae
584 1493 800 1566 praeceptum
828 1483 949 1566 posuit,
967 1494 1002 1548 ut
1019 1505 1078 1568 per
1094 1484 1231 1567 triginta
1247 1483 1318 1547 dies
1344 1489 1470 1546 crescat
1486 1489 1587 1562 atque

186 1614 216 1651 ro
232 1586 425 1652 decrescat:
441 1588 602 1671 numquid
620 1607 734 1651 cursus
750 1607 827 1652 suos
855 1586 1036 1670 aliquando
1055 1593 1189 1652 mutat?
1206 1589 1246 1651 In
1262 1586 1355 1652 caelo
1371 1591 1585 1668 praeceptum

235 1689 298 1753 Dei
314 1701 472 1766 servatur,
488 1701 522 1754 et
538 1690 571 1754 in
588 1699 675 1755 terra
692 1712 758 1756 non
777 1701 936 1756 servatur.
954 1693 1039 1755 Mari
1058 1702 1273 1775 praeceptum
1297 1691 1416 1776 posuit,
1433 1699 1469 1753 ut
1491 1688 1588 1754 litora

233 1811 292 1857 sua
318 1813 384 1857 non
411 1794 622 1876 egrediatur:
638 1795 730 1859 venit
756 1815 902 1862 oceanus
926 1809 1061 1862 tumens
1078 1797 1242 1877 fluctibus,
1259 1806 1292 1860 et
1320 1797 1352 1860 in
1381 1817 1416 1859 se
1443 1795 1536 1872 redit,
1553 1801 1586 1856 et

233 1908 448 1980 praeceptum
467 1899 531 1962 Dei
556 1898 717 1965 meminit.
734 1901 841 1965 Totus
858 1902 1003 1966 mundus
1021 1902 1095 1966 Deo
1112 1903 1220 1979 servit,
1236 1911 1269 1966 et
1286 1909 1499 1985 praeceptum
1516 1899 1587 1962 eius

234 2002 406 2067 meminit:
423 2012 456 2066 et
473 2005 574 2067 bomo
591 2004 682 2068 solus
699 2024 764 2068 non
784 2006 943 2070 meminit.
965 2006 1047 2070 Ideo
1062 2007 1203 2070 dicimus
1216 2017 1248 2070 et
1265 2007 1297 2068 in
1314 2004 1465 2068 oratione
1479 2001 1586 2066 dorni-

185 2133 215 2189 ις
233 2107 326 2172 nica:
344 2113 351 2141 ‘
371 2108 446 2172 Fiat
467 2106 621 2173 voluntas
649 2111 808 2173 tuasicut
825 2109 968 2174 incaelo
985 2118 1017 2173 et
1034 2111 1067 2173 in
1084 2110 1196 2174 terra'.
1214 2109 1308 2175 Sicut
1325 2109 1356 2172 in
1374 2108 1467 2172 caelo
1477 2105 1586 2188 angeli

232 2211 292 2276 tibi
308 2213 465 2290 serviunt,
481 2221 514 2276 et
530 2222 681 2277 creatura
704 2215 814 2290 servit,
830 2213 877 2277 ita
906 2215 1026 2279 serviat
1044 2227 1077 2278 et
1094 2216 1203 2280 horno,
1223 2213 1254 2278 Ο
1279 2213 1394 2277 infelix
1411 2211 1584 2275 hominum

233 2317 359 2398 genusl
379 2317 563 2381 Descendit
579 2317 621 2381 ad
640 2325 673 2380 te
687 2315 789 2394 Deus,
805 2320 962 2400 quoniam
980 2327 1016 2382 tu
1033 2320 1075 2382 ad
1092 2317 1221 2381 caelum
1239 2337 1305 2381 non
1333 2317 1382 2380 vis
1397 2315 1577 2379 ascendere

235 2419 310 2483 Non
328 2420 388 2484 tibi
405 2418 528 2485 sufficit
543 2423 633 2504 quod
660 2440 726 2484 non
754 2423 905 2505 suscipis,
924 2423 982 2487 sed
999 2421 1123 2488 occidis
1138 2443 1146 2486 :
1161 2421 1295 2498 occidis,
1311 2419 1484 2503 crucifigis,
1498 2419 1584 2484 blas-

233 2523 381 2608 phemas,
397 2524 555 2608 flagellas.
575 2524 651 2588 Non
680 2524 740 2588 tihi
767 2523 888 2592 sufficit
905 2527 993 2610 quod
1011 2527 1154 2592 occidis:
1169 2527 1227 2590 sed
1255 2545 1315 2590 nec
1343 2523 1584 2607 paenitentiam

182 2657 215 2694 eo
233 2629 315 2712 agis,
330 2631 419 2712 quod
437 2629 605 2696 occideris.
623 2629 721 2693 Dixit
746 2631 789 2693 de
805 2630 1033 2707 invisibilibus
1049 2631 1137 2695 dixit
1153 2641 1187 2694 et
1202 2632 1244 2695 de
1260 2629 1452 2706 visibilibus,
1468 2630 1526 2693 sed
1543 2628 1585 2691 de

233 2732 417 2797 visibilibus
434 2734 651 2798 caelestibus:
667 2753 755 2796 nunc
782 2735 882 2798 etiarn
901 2737 943 2798 de
958 2744 1053 2800 terra.
1070 2735 1194 2800 Videte
1209 2734 1360 2800 ordinem
1377 2732 1586 2797 laudationis.

234 2839 381 2902 Primum
400 2837 538 2902 laudant
563 2837 749 2916 invisibilia,
765 2840 886 2902 deinde
911 2839 1075 2903 visibilia:
1093 2849 1126 2904 et
1142 2841 1213 2922 ipsa
1230 2838 1370 2902 visibilia
1394 2837 1588 2901 dividuntur

232 2942 266 3004 in
283 2943 359 3020 du0,
376 2943 409 3005 in
434 2941 590 3006 caelestia
616 2951 649 3006 et
673 2943 706 3005 in
723 2945 898 3008 terrestria.
916 2944 1015 3007 Dixit
1042 2945 1084 3006 de
1110 2944 1318 3020 caelestibus,
1335 2963 1422 3006 nunc
1449 2941 1529 3004 dicit
1545 2941 1587 3003 de

232 3043 448 3109 terrestribus.

183 3183 214 3238 ²5
277 3157 426 3220 Laudato
456 3157 636 3221 Dominum
661 3157 700 3220 de
724 3167 819 3222 terro.
848 3131 1016 3242 Quoniam
1046 3160 1267 3224 laudaverunt
1292 3159 1411 3242 angeli,
1439 3158 1587 3222 laudavit

232 3261 383 3325 caelum:
400 3262 513 3325 laudet
528 3271 562 3326 et
585 3271 680 3328 terra.
698 3263 883 3326 Videamus
899 3263 941 3326 de
958 3273 1044 3328 terra
1071 3266 1127 3347 qui
1156 3265 1246 3347 prius
1260 3265 1405 3330 laudent.
1424 3265 1586 3327 Dracones

232 3373 263 3428 et
273 3385 382 3428 omnes
392 3365 522 3446 abyssi:
533 3365 772 3448 agnisgvando,
785 3366 850 3444 trra,
856 3367 986 3450 glacies,
997 3368 1361 3450 spiritnsproccllarum,
1370 3368 1589 3450 putrefaciunt

233 3469 365 3532 verbum
381 3470 451 3534 eius
463 3493 475 3535 .·
491 3481 613 3534 montes
626 3481 658 3534 ct
672 3491 779 3535 omnes
802 3471 901 3550 colles,
915 3471 1009 3554 legno
1015 3473 1209 3554 fructifero,
1224 3483 1255 3536 et
1270 3494 1379 3537 omnes
1393 3473 1481 3537 cedri
1494 3497 1507 3541 .·
1522 3472 1587 3537 bes·

232 3573 305 3650 tiae,
319 3583 351 3636 et
376 3573 531 3638 rccriverso
548 3586 671 3656 pecora,
687 3583 843 3657 serpentes
868 3584 900 3638 et
924 3577 1065 3640 volucres
1082 3588 1253 3659 penetratas.
1282 3579 1361 3642 Post
1386 3587 1480 3642 tanta
1507 3580 1586 3662 quid

184 3703 216 3754 30
232 3676 377 3741 dicitur?
395 3677 475 3741 Post
491 3679 663 3758 dracones,
678 3689 753 3762 post
770 3688 952 3764 serpentes,
969 3690 1045 3761 post
1061 3683 1182 3763 ignem,
1199 3691 1275 3765 post
1290 3683 1498 3764 grandinem,
1509 3693 1586 3766 post

232 3783 355 3847 bestias
371 3792 405 3847 et
421 3783 574 3847 universa
591 3803 710 3864 pecora
725 3785 737 3849 i
754 3784 784 3850 O
814 3785 924 3862 bomo,
940 3786 997 3867 qui
1025 3785 1085 3848 tibi
1101 3787 1236 3866 grandis
1251 3786 1382 3864 videris,
1397 3787 1440 3850 de
1455 3795 1489 3850 te
1505 3788 1586 3852 dici-

231 3895 304 3952 tur:
320 3899 354 3951 et
370 3908 436 3951 non
466 3889 507 3950 de
532 3887 673 3972 simplici
690 3888 834 3966 homine,
854 3891 911 3952 sed
929 3890 971 3952 de
986 3889 1037 3952 his
1053 3890 1244 3953 hominibus
1260 3891 1316 3973 qui
1333 3892 1418 3955 inter
1433 3893 1585 3956 homines

264 4093 314 4142 8et
324 4093 407 4154 dunt.]
420 4093 486 4144 CSG
498 4110 505 4153 ;
517 4109 549 4141 ex
559 4093 583 4144 lc.
601 4091 616 4160 β
629 4111 635 4152 ;
648 4094 677 4143 in
689 4095 713 4143 tr.
730 4095 767 4153 B;
778 4095 809 4142 ab
820 4093 845 4143 h.
861 4094 881 4143 I.
961 4091 1136 4152 obseruatione]
1149 4095 1247 4142 cacione
1259 4095 1284 4144 S.
1367 4107 1392 4144 11
1407 4093 1492 4156 litora]
1504 4095 1568 4143 codd
1579 4113 1586 4154 ;

231 4177 280 4226 litt.
296 4173 320 4242 β.
392 4187 421 4224 12
431 4177 459 4224 iu
468 4173 501 4234 se]
513 4177 562 4240 ipse
572 4177 622 4226 BC.
695 4191 724 4238 14
733 4193 782 4226 non
792 4177 917 4237 crremim't]
925 4192 974 4224 nou
987 4184 1106 4226 oremorat
1118 4177 1150 4226 G.
1222 4176 1251 4225 18
1259 4177 1356 4238 occidis]
1368 4192 1417 4225 nnn
1428 4185 1505 4240 repet.
1519 4175 1585 4242 pBS.

231 4270 259 4306 21
275 4257 353 4320 nuru]
367 4257 410 4308 BC
422 4258 495 4308 inser.
509 4260 578 4308 dr'cit.
679 4258 843 4318 laudationis]
863 4258 993 4306 laudantis
1006 4257 1052 4324 βΒ.
1155 4257 1186 4306 26
1206 4255 1318 4316 incolent]
1339 4257 1364 4326 β,
1384 4259 1404 4307 C
1417 4261 1445 4318 (n
1457 4259 1515 4308 add.
1530 4275 1585 4324 sup.

230 4339 277 4400 Iinl
288 4357 295 4398 ς
307 4341 391 4388 laudet
404 4341 443 4390 BS
454 4359 460 4400 ;
472 4341 556 4389 tandit
566 4341 598 4390 G.
701 4353 730 4402 32
744 4339 896 4400 lorrvim‘lrus]
908 4355 958 4389 om.
973 4339 1002 4389 C.

274 4541 317 4602 15.
334 4525 366 4584 in
381 4519 473 4603 terro]
491 4524 598 4582 Mattb.
615 4525 642 4594 6,
663 4543 706 4583 ro.
936 4523 980 4582 Ut
990 4523 1146 4598 quomodo
1168 4521 1264 4598 angeli
1289 4521 1341 4583 tibi
1365 4523 1516 4600 inculpate
1530 4541 1586 4583 ser·

275 4609 318 4667 16.
335 4601 582 4685 serrrcotctlromo]
597 4605 677 4664 Hier.
690 4603 718 4661 in
733 4604 840 4662 Mattb.
855 4606 883 4677 6,
935 4603 1017 4661 vlunt
1034 4603 1176 4676 incaelis,
1197 4603 1281 4664 itaet
1306 4602 1336 4664 in
1358 4615 1434 4664 terra
1458 4603 1585 4664 serviant

236 4708 270 4746 ro
295 4688 387 4748 ‘Fcirt
402 4687 534 4746 voluntas
557 4693 575 4746 t.
591 4706 612 4745 s.
630 4688 647 4744 i.
664 4705 684 4744 c.
700 4705 721 4744 e.
738 4686 769 4742 in
794 4691 881 4742 terro.
935 4683 1072 4743 homines
1084 4685 1098 4744 ’.
