4154 5494
488 404 571 486 216
862 428 890 486 s
917 427 1170 488 bissonum
1194 427 1456 488 pensaurum

488 663 554 707 non
571 663 644 707 sum
662 643 767 706 elatus
792 643 825 706 in
853 642 1052 725 superbiam,
1069 662 1134 706 non
1164 661 1217 706 me
1244 641 1372 707 inflavit
1397 643 1537 709 notitia:
1562 645 1620 708 sed
1648 643 1730 728 quid
1758 643 1844 710 ieci?

490 748 696 812 Humiliatus
720 767 793 810 sum
822 747 928 811 nimis.
945 747 1073 812 Tamen
1092 747 1148 829 qui
1164 747 1264 811 docui
1294 767 1458 824 sermone,
1474 749 1567 831 potui
1594 759 1627 812 et
1655 749 1844 814 humilitate

487 855 615 916 docere.
630 851 702 934 Ego
716 852 790 916 dixi
803 853 839 915 iu
860 873 984 916 arcessa
1011 872 1087 929 mro,
1106 850 1222 917 Ommi
1245 850 1337 915 bomo
1364 851 1511 917 mendox.
1528 851 1712 930 Docebam,
1728 853 1844 937 inquit,

488 955 687 1039 discipulum
707 975 816 1020 meum
832 979 839 1019 :
856 966 889 1021 et
911 957 1126 1020 considerans
1153 954 1474 1037 contemplationem
1500 955 1689 1034 caelestem,
1704 966 1739 1021 et
1753 957 1843 1040 cogi·

489 1071 564 1125 tans
589 1061 761 1138 diviniora,
778 1061 929 1126 intellexi
956 1079 1056 1123 omne
1080 1059 1169 1142 quod
1193 1057 1296 1122 bomo
1321 1058 1415 1122 novit
1442 1079 1515 1122 esse
1541 1059 1727 1124 mendacia.
1752 1059 1877 1142 Quidt

489 1165 577 1229 euim
595 1166 742 1231 veritatis
759 1173 870 1247 potest
886 1183 958 1229 esse
969 1165 1001 1226 in
1018 1164 1081 1227 boc
1098 1164 1233 1240 mundo,
1249 1182 1324 1225 cum
1342 1161 1461 1226 umbra
1477 1162 1521 1228 sit
1531 1162 1600 1226 vita
1616 1173 1729 1227 nostra
1745 1182 1843 1246 super

488 1272 635 1333 terram?
653 1267 689 1333 Si
705 1287 787 1350 ergo
801 1268 855 1350 qui
872 1268 971 1332 docet
987 1265 1197 1348 discipulum,
1212 1264 1489 1348 confiteturquod
1505 1265 1616 1330 omnis
1632 1265 1734 1330 homo
1751 1286 1840 1331 men-

487 1370 556 1434 dax
573 1380 643 1435 est:
658 1381 786 1454 quanto
802 1371 909 1454 magis
924 1370 1107 1454 discipulus
1124 1391 1190 1434 non
1214 1369 1314 1434 debet
1330 1391 1366 1433 se
1382 1370 1555 1448 extollere,
1570 1379 1603 1434 et
1620 1371 1841 1434 exaestimare

489 1496 523 1538 se
539 1475 664 1558 aliquid
682 1480 781 1539 esse?

535 1579 628 1658 Quid
651 1579 830 1644 retribuam
846 1580 1058 1663 Doruinopro
1081 1579 1229 1644 omnibus
1254 1601 1335 1662 quoe
1360 1579 1513 1644 retribuit
1539 1577 1625 1644 nribi
1635 1582 1656 1645 Ρ
1672 1578 1838 1664 Quoniam
1847 1585 1892 1632 '⁵¹0

488 1685 570 1762 dixi,
588 1685 730 1748 Placebo
751 1685 900 1748 Domino
917 1687 950 1748 in
976 1685 1111 1769 regione
1127 1684 1287 1763 vivorum,
1302 1693 1336 1748 et
1352 1683 1415 1747 boc
1432 1683 1540 1766 ipsum
1558 1683 1694 1762 credidi,
1707 1692 1840 1766 propter

489 1787 578 1871 quod
596 1787 725 1851 locutus
741 1807 825 1864 sum,
841 1797 874 1852 et
897 1787 1091 1852 humiliatus
1113 1806 1186 1851 sum
1214 1786 1323 1864 nimis,
1339 1796 1372 1850 et
1388 1787 1470 1864 dixi,
1487 1785 1609 1851 Omnis
1631 1786 1733 1850 bomo
1751 1805 1839 1849 men·

487 1891 629 1968 dacium,
645 1891 754 1954 omnis
778 1891 880 1955 homo
905 1892 1031 1969 umbra,
1047 1891 1157 1955 omnis
1178 1890 1281 1955 homo
1297 1891 1410 1975 imago
1426 1918 1433 1958 :
1449 1913 1510 1976 pro
1535 1892 1640 1958 tantis
1664 1891 1838 1970 beneficiis,

487 1996 576 2079 quod
606 1994 744 2078 placebo
769 1996 918 2060 Domino
945 1997 977 2060 in
1006 1996 1140 2078 regione
1165 1996 1324 2073 vivorum,
1340 1996 1419 2078 quid
1449 1995 1556 2060 habeo
1582 1997 1722 2079 dignum
1750 1996 1839 2080 quod

488 2100 693 2165 retribuam?
711 2100 786 2182 Ego
802 2111 889 2164 terra
904 2118 988 2176 sum,
1004 2118 1067 2180 ego
1092 2097 1174 2168 cinis
1201 2117 1298 2160 sum:
1314 2098 1467 2180 promisit
1494 2097 1574 2161 mibi
1599 2097 1678 2180 quia
1702 2096 1840 2179 placebo
1861 2115 1888 2168 15

487 2205 534 2271 illi
551 2206 583 2269 in
601 2206 735 2288 regione
754 2206 903 2269 vivorum
920 2228 927 2268 r
944 2203 1020 2266 iecit
1038 2223 1091 2266 me
1108 2203 1324 2284 magistrum:
1341 2201 1477 2279 credidi,
1492 2211 1629 2285 propter
1644 2202 1734 2284 quod
1752 2201 1840 2265 loen·

488 2319 541 2374 tus
557 2297 746 2391 sum‘Quid
764 2307 872 2372 habeo
896 2309 1046 2390 dignum,
1063 2304 1216 2389 quod'illi
1241 2327 1300 2388 pro
1324 2309 1426 2372 tantis
1452 2304 1620 2369 beneficiis
1637 2305 1840 2370 retribuam?

489 2411 735 2496 Quodcumque
752 2409 798 2472 illi
816 2411 948 2487 dedero,
964 2409 1067 2492 ipsius
1082 2417 1142 2483 est,
1160 2416 1193 2471 et
1211 2407 1316 2490 magis
1333 2406 1379 2471 illi
1397 2409 1500 2474 reddo
1517 2429 1618 2492 quam
1635 2409 1733 2474 dono.
1746 2409 1837 2474 Nihil

488 2516 578 2579 aliud
594 2513 712 2592 babeo,
727 2514 860 2596 quodei
878 2513 1068 2588 retribuam,
1084 2511 1145 2573 nisi
1163 2530 1223 2592 pro
1240 2511 1312 2592 ipso
1328 2513 1526 2594 sanguinem
1544 2511 1692 2589 lundam,
1708 2513 1770 2576 nisi
1781 2533 1841 2594 pro

487 2621 560 2703 ipso
578 2628 704 2702 martyr
720 2617 973 2682 extiteroHaec
989 2626 1039 2680 est
1056 2614 1125 2680 sola
1136 2613 1309 2679 retributio
1324 2615 1438 2698 digna,
1453 2634 1514 2697 pro
1529 2616 1692 2698 sanguine
1708 2615 1841 2698 sangui·
1859 2637 1890 2675 ro

488 2743 563 2788 nem
581 2723 771 2800 retribuere,
786 2730 824 2787 ut
840 2721 968 2786 liberati
985 2741 1005 2784 a
1021 2711 1196 2786 Salvatore
1219 2740 1279 2802 pro
1296 2717 1471 2784 Salvatore
1488 2718 1629 2784 libenter
1644 2721 1841 2803 sanguinem

487 2827 674 2892 tundamus.

498 2930 500 2938 '
532 2930 670 2997 Calicem
682 2930 841 2994 salutaris
855 2927 1019 3011 accipiam,
1034 2937 1066 2990 et
1087 2947 1199 2990 nomeu
1215 2926 1358 2991 Domini
1372 2927 1532 2992 invocabo.
1552 2927 1590 2992 ln
1615 2927 1772 2993 hebraico
1796 2927 1842 2992 ita

487 3035 589 3098 habet
603 3059 609 3098 :
624 3033 782 3098 ‘calicem
797 3033 872 3096 lesu
889 3032 1050 3114 accipiam
1067 3030 1083 3096 '.
1102 3029 1178 3094 Hoc
1194 3029 1291 3112 ipsud
1309 3041 1342 3094 et
1359 3031 1497 3112 angelus
1514 3031 1782 3114 interpretatur:‘
1797 3031 1842 3096 Et

486 3137 620 3201 vocabis
638 3153 759 3200 nomen
776 3136 846 3199 eius
863 3135 985 3212 lesum,
1001 3135 1071 3216 ipse
1086 3134 1175 3198 enim
1203 3132 1346 3196 salvabit
1364 3134 1525 3217 populum
1542 3155 1639 3200 suum
1656 3137 1672 3201 '.
1694 3135 1840 3201 Calicem
1859 3157 1890 3212 ²5

485 3260 566 3324 ergo
592 3241 667 3304 lesu
694 3238 865 3322 accipiam.
882 3238 967 3322 Quis
994 3247 1044 3302 est
1069 3237 1131 3301 iste
1155 3236 1244 3300 calix
1272 3235 1374 3300 lesu?
1393 3239 1401 3270 ‘
1419 3237 1526 3314 Pater,
1542 3238 1569 3300 si
1598 3238 1755 3320 possibile
1781 3249 1841 3316 est,

485 3352 633 3408 transeat
657 3344 747 3407 calix
772 3343 834 3406 iste
849 3364 870 3406 a
887 3343 964 3408 me’
991 3353 1024 3407 et
1047 3343 1224 3420 ‘Potestis,
1239 3342 1356 3426 inquit,
1381 3342 1518 3408 calicem
1545 3364 1655 3409 meum
1684 3344 1840 3408 biberet·

489 3450 532 3514 Et
548 3449 707 3513 continuo
722 3449 886 3532 sequitur:
898 3454 906 3480 ‘
919 3448 1066 3514 Calicem
1078 3449 1213 3531 quidem
1230 3466 1341 3512 meum
1358 3447 1481 3512 bibetis
1491 3447 1507 3514 ¹.
1521 3449 1598 3512 Hoc
1610 3459 1722 3512 autem
1740 3468 1842 3532 quare

521 3633 905 3698 riusuperbiomliusuperbia
918 3635 970 3684 BC.
1056 3635 1156 3696 notitia]
1171 3635 1187 3683 S
1200 3633 1259 3684 add.
1273 3635 1468 3698 scripturarum.
1555 3633 1640 3699 aqui]
1653 3633 1841 3699 BC5quidG3

485 3717 551 3782 quod
563 3715 621 3784 pls.
689 3717 775 3777 itacui]
786 3717 867 3765 docere
880 3717 908 3765 B.
977 3713 1095 3774 serruoue]
1107 3731 1242 3765 sermonem
1261 3715 1312 3766 BC.
1376 3721 1464 3782 potui]
1472 3720 1579 3783 potuisti
1590 3719 1619 3768 B.
1687 3719 1842 3782 bumilitate]

485 3797 655 3846 humilitatem
669 3795 719 3847 BC.
797 3797 1131 3861 5nrcudorialmoudacium
1146 3795 1348 3864 {hrrrerrdatium
1362 3799 1406 3858 BI,
1421 3801 1509 3866 Csup.
1524 3801 1568 3851 lin.
1643 3799 1841 3864 Sexaertimare]

487 3880 541 3940 BG,
553 3881 700 3928 exestimore
712 3880 753 3938 C;
770 3881 917 3930 existimare
935 3883 971 3938 S;
988 3883 1120 3930 aestimare
1133 3878 1156 3946 β.
1261 3893 1286 3928 11
1306 3881 1379 3944 dixi]
1396 3883 1434 3942 C;
1451 3883 1520 3932 dixit
1536 3879 1629 3950 bBSG.
1732 3895 1763 3944 14
1778 3884 1845 3949 quod

480 3961 587 4028 placebo]
606 3962 688 4019 ECS;
705 3961 770 4024 quid
782 3969 807 4026 p.
823 3961 889 4019 Οἱς
907 3964 997 4027 quibus
1013 3971 1040 4028 p.
1057 3962 1080 4030 β.
1180 3963 1298 4025 dignum]
1319 3963 1394 4026 digne
1418 3965 1446 4014 L.
1547 3964 1624 4028 quad]
1641 3965 1706 4028 quid
1725 3963 1841 4032 ΒΟΙςβ

484 4046 558 4094 inser.
573 4043 623 4094 itti.
694 4041 938 4110 19ei1ipsifuom.
954 4045 1008 4094 ut.
1079 4056 1110 4092 20
1121 4043 1393 4106 extitero]S;existere
1406 4046 1618 4105 GL;exsirtrrem
1631 4045 1787 4106 Buxr'rtam
1799 4043 1840 4115 βΙ.

485 4127 676 4194 22suudamus]
685 4125 869 4190 profundamus
883 4124 906 4192 β.
1008 4139 1040 4187 24
1052 4125 1139 4189 ipsud]
1152 4125 1173 4176 C
1189 4138 1199 4174 t
1213 4142 1237 4174 m
1250 4143 1257 4184 3
1270 4127 1352 4189 ipsum
1364 4127 1449 4178 celeri.

526 4290 552 4344 6.
568 4279 789 4362 superterram]
808 4303 818 4360 r
838 4285 902 4341 Par.
921 4303 966 4358 29,
989 4301 1029 4360 ¹5-
1189 4281 1281 4360 empti
1310 4303 1415 4344 cruore
1437 4283 1548 4347 Christi
1574 4301 1628 4361 pro
1652 4285 1842 4363 redemptore

527 4387 572 4425 20.
587 4367 669 4425 Haec
677 4373 719 4424 cst
729 4365 790 4424 sota
802 4365 950 4423 retributio
963 4366 1052 4438 digna
1066 4361 1137 4444 etc]
1188 4364 1315 4424 libenter
1329 4366 1536 4426 occumbimus
1547 4367 1563 4427 ’.

488 4447 611 4506 Hieron.
639 4465 685 4523 ep.
718 4466 763 4516 22,
794 4464 821 4504 n.
849 4465 887 4522 39
915 4452 921 4478 ¹
946 4447 1029 4522 Quid
1051 4445 1138 4520 igitur
1231 4463 1377 4520 25.suum
1408 4447 1515 4507 Mattb.
1536 4467 1624 4520 r,21.

485 4529 643 4587 retribuam
667 4527 796 4586 Domino
814 4535 843 4603 p.
859 4547 882 4586 o.
907 4545 933 4603 q.
950 4547 975 4586 r.
1001 4526 1134 4586 inibit...
1231 4543 1276 4602 ²7·
1292 4545 1312 4586 o
1327 4547 1370 4587 me
1400 4529 1507 4588 Matth.
1526 4531 1572 4601 26,
1589 4549 1636 4606 39.

488 4611 574 4669 Haec
602 4620 646 4670 est
674 4609 738 4668 sola
761 4607 851 4684 digua
876 4607 1037 4678 retributio,
1066 4625 1136 4666 cum
1293 4607 1383 4667 bibere
1411 4609 1519 4668 Mattb.
1537 4629 1584 4680 20,
1601 4629 1648 4669 22.

485 4689 605 4766 sanguia
619 4688 763 4766 sarrguine
784 4701 1003 4764 compensatur,
1029 4699 1058 4748 et
1073 4690 1137 4748 red·
1231 4689 1277 4746 28.
1292 4603 1401 4768 bibetis]
1420 4688 1490 4748 ibid.
1510 4707 1555 4765 23.
