4092 5502
603 433 857 495 TRACTATUS
881 431 938 491 DE
960 431 1128 492 PSALMO
1150 432 1308 493 CXLVII.
1544 433 1628 515 303

318 652 388 732 Qui
398 651 523 716 emittit
546 649 707 734 eloquium
722 670 819 714 suum
843 657 956 712 terrae.
974 648 1156 731 Responde
1178 643 1306 714 ¹ludaee
1321 673 1328 714 :
1344 649 1371 713 s'i
1387 649 1430 714 de
1456 644 1623 715 l'rumento

272 757 414 834 dicebat,
432 757 476 820 Et
500 755 602 838 adipe
624 753 780 819 frumenti
809 752 908 817 satiat
934 762 976 828 te,
991 754 1163 836 quomodo
1189 773 1278 817 nunc
1302 753 1392 830 dicit,
1408 752 1475 837 Qui
1503 754 1628 818 emittit

270 860 442 943 eloquium
469 878 566 923 suum
592 863 721 922 terrae?
744 857 808 920 ‘ln
836 855 999 938 principio
1023 865 1095 920 erat
1112 856 1261 920 Verbum
1278 855 1294 921 '.
1314 857 1390 921 Hoc
1415 857 1565 922 Verbum
1594 857 1626 919 in

272 983 370 1028 carne
398 962 549 1027 mittitur.
564 965 571 994 ‘
589 961 635 1027 Et
659 961 796 1024 verbum
812 979 890 1023 caro
906 958 1031 1024 lactum
1059 968 1120 1036 est,
1135 969 1169 1023 et
1185 959 1349 1024 habitavit
1364 961 1396 1023 in
1414 959 1510 1023 nobis
1526 958 1542 1024 '.
1559 959 1626 1041 Qui

240 1087 254 1141 5
273 1070 396 1134 emittit
412 1068 579 1153 eloquium
607 1089 704 1133 suum
728 1076 842 1131 terrae.
861 1066 913 1129 Eo
937 1076 1089 1149 tempore
1114 1068 1307 1150 conpletum
1325 1075 1375 1130 est
1390 1069 1397 1096 ‘
1414 1064 1518 1128 Terra
1532 1065 1627 1128 dedit

198 1241 203 1248 ‚
272 1171 414 1237 fructum
440 1192 536 1236 suum
554 1171 570 1237 ¹.
597 1171 664 1254 Qui
689 1170 813 1236 emittit
839 1171 1009 1256 eloquium
1035 1190 1133 1236 suum
1159 1181 1273 1236 terrae.
1302 1170 1356 1233 De
1380 1169 1628 1251 praedicatione

272 1276 418 1360 loquitur
432 1275 633 1359 evangelica,
644 1276 687 1340 de
697 1275 849 1340 doctrina
865 1276 1103 1357 apostolorum.
1118 1275 1272 1359 Denique
1283 1274 1432 1356 sequitur
1446 1297 1452 1337 :
1477 1274 1632 1366 Veloeiter

271 1381 376 1444 curru
388 1399 493 1444 sermo
507 1379 585 1444 eius.
602 1379 642 1442 In
668 1378 760 1442 omni
785 1380 874 1442 enim
903 1389 991 1442 terra
1013 1379 1147 1444 auditus
1162 1387 1213 1443 est
1228 1397 1339 1442 sermo
1355 1378 1434 1454 eius,
1449 1389 1483 1441 et
1499 1378 1531 1442 in
1548 1378 1628 1442 orbe

272 1494 433 1548 terrarum
451 1483 635 1568 apostolica
650 1482 811 1548 doctrina.
830 1482 927 1548 Unus
951 1483 1054 1547 homo
1077 1482 1286 1566 pauperiem
1302 1501 1406 1546 senex
1424 1482 1629 1564 praedicavit

224 1607 254 1646 ro
272 1588 315 1651 ab
327 1586 537 1651 Hierusalem
551 1606 656 1669 usque
671 1587 956 1671 ad=lllyricum‚et
968 1586 1126 1652 velociter
1137 1588 1238 1652 currit
1247 1605 1356 1650 sermo
1368 1586 1447 1653 eius.
1459 1586 1627 1671 Quoniam

272 1709 351 1772 ergo
370 1700 506 1756 uenerat
518 1691 561 1755 de
580 1690 790 1756 Hierusalem
816 1711 920 1775 usque
945 1691 987 1754 ad
1012 1691 1190 1775 illyricum,
1207 1701 1240 1756 et
1260 1690 1416 1755 velociter
1439 1702 1627 1756 cucurrerat

271 1814 381 1859 sermo
396 1797 476 1874 eius,
491 1795 612 1860 deinde
628 1795 785 1878 sequitur,
800 1805 834 1860 et
850 1796 931 1860 dicit
948 1795 1018 1878 ipse
1033 1815 1143 1860 sermo
1158 1795 1215 1882 qui
1230 1795 1453 1878 praedixerat,
1475 1795 1527 1860 De
1546 1795 1628 1859 Hie-

272 1899 414 1964 rusalem
443 1919 547 1982 usque
577 1900 619 1964 ad
647 1898 817 1982 Illyricum
832 1923 840 1964 ε
855 1903 863 1932 ‘
880 1899 971 1964 Volo
997 1909 1109 1964 autem
1132 1899 1179 1962 ire
1194 1909 1228 1962 et
1254 1899 1297 1963 ad
1317 1898 1499 1981 Hispanias
1515 1897 1531 1964 '.
1551 1899 1627 1963 Hoc

272 2003 418 2086 loquitur
433 2003 606 2086 apostolus
634 2003 764 2067 Paulus.
793 2004 914 2069 Videte
939 2003 1151 2070 velocitatem
1179 2003 1349 2068 sermonis.
1368 2002 1446 2067 Non
1474 2014 1525 2068 est
1550 2024 1627 2068 con·

223 2130 252 2184 ¹5
271 2117 384 2173 tentus
400 2109 442 2173 ad
460 2109 644 2173 orientem:
660 2108 702 2172 ad
719 2109 927 2174 occidentem
944 2127 1073 2173 currere
1088 2109 1264 2173 desiderat.

317 2212 386 2291 Qui
398 2213 458 2277 dat
473 2213 581 2277 nivem
605 2214 689 2277 sicut
712 2214 835 2291 lanam,
851 2213 998 2278 nebulam
1015 2212 1099 2278 sieut
1119 2213 1256 2278 cinerem
1279 2213 1415 2296 spargit.
1430 2213 1544 2278 Mittit
1558 2235 1628 2297 cry·

269 2318 404 2382 stallum
418 2311 514 2382 inum
529 2317 615 2382 sicut
636 2318 794 2382 buccellas.
813 2319 936 2382 Videte
951 2325 1077 2400 quanta
1097 2318 1140 2381 sit
1155 2315 1342 2396 difficultas,
1358 2336 1458 2402 quam
1487 2319 1628 2384 obscura

271 2423 337 2487 sint
353 2443 439 2506 quae
453 2424 617 2488 dicuntur.
634 2423 726 2487 Ante
738 2421 853 2488 faciem
871 2419 1001 2505 frigoris
1017 2420 1088 2485 eius
1102 2421 1176 2504 quis
1193 2421 1393 2486 sustinebit?
1406 2421 1531 2486 Cuius?
1545 2421 1626 2486 nihil

268 2525 399 2590 dicitur.
417 2526 549 2590 Deinde
564 2527 686 2591 dicitur
701 2551 708 2590 :

220 2656 254 2694 ιο
314 2629 454 2694 Emittet
467 2631 627 2712 eloquium
642 2651 749 2707 suram,
758 2638 789 2692 et
799 2627 985 2711 liquefaciet
996 2619 1042 2691 ea.
1054 2627 1107 2692 De
1123 2627 1181 2691 illo
1195 2628 1239 2692 de
1254 2649 1322 2712 quo
1337 2629 1478 2707 dixerat,
1492 2630 1626 2695 Emittit
1742 2637 1744 2642 ’

271 2735 441 2818 eloquium
457 2755 554 2798 suum
570 2745 700 2799 terrae:
717 2735 862 2797 Emittet
879 2733 1016 2797 verbum
1033 2752 1138 2796 suum.
1150 2731 1234 2814 Quis
1246 2734 1403 2798 emittet?
1416 2734 1508 2798 Deus
1523 2735 1626 2798 Pater.
1640 2797 1644 2806 ,

271 2845 279 2872 ‘
296 2839 342 2903 Et
357 2839 506 2903 Verbum
523 2849 594 2904 erat
609 2839 698 2922 apud
717 2838 837 2915 Deum,
852 2847 886 2901 et
903 2838 996 2901 Deus
1022 2847 1094 2901 erat
1108 2836 1258 2901 Verbum
1276 2837 1292 2901 ’.
1310 2835 1467 2902 Diximus
1486 2839 1629 2917 Patrem,

271 2939 420 3004 diximus
433 2940 556 3005 Filium
571 2965 577 3004 :
594 2961 660 3006 non
672 2960 850 3023 possumus
861 2940 893 3002 in
907 2939 1030 3022 duplici
1048 2959 1187 3003 numero
1202 2942 1346 3019 credere,
1356 2942 1417 3005 nisi
1434 2941 1628 3024 conpleatur

272 3043 430 3108 Trinitas.
446 3044 561 3108 Flebit
576 3047 713 3127 spiritus
727 3045 805 3122 eius,
820 3053 852 3107 et
853 3043 964 3127 fluent
976 3045 1222 3126 oquae.Videtis
1238 3046 1395 3128 quoniam
1413 3047 1469 3110 ubi
1487 3046 1585 3110 Pater
1594 3057 1629 3111 et

221 3177 253 3231 ²5
272 3149 423 3214 Verbum
452 3151 526 3227 Dei,
542 3151 656 3215 statim
682 3165 715 3214 et
744 3148 889 3232 Spiritus
915 3158 1049 3212 sanctus
1077 3161 1136 3215 est.
1153 3149 1338 3214 Videamus
1365 3169 1445 3233 ergo
1472 3151 1515 3214 ab
1531 3151 1627 3216 initio

272 3254 353 3338 quid
369 3254 498 3318 dicitur.
517 3254 561 3317 Et
576 3256 674 3338 adipe
692 3253 847 3319 frumenti
864 3254 964 3318 satiat
980 3263 1034 3318 te:
1050 3254 1174 3319 emittit
1200 3253 1368 3336 eloquium
1386 3275 1482 3318 suum
1511 3266 1629 3335 terrae,

273 3357 430 3423 velociter
445 3360 546 3423 currit
561 3379 671 3423 sermo
686 3358 765 3423 eius.
782 3359 935 3441 Repente
957 3358 1038 3441 quid
1065 3360 1239 3441 sequitur?
1256 3359 1322 3442 Qui
1339 3361 1397 3424 dat
1415 3360 1524 3424 nivem
1542 3363 1628 3426 sicut

274 3464 395 3528 lanam.
412 3463 531 3528 Sermo
556 3462 704 3539 Domini,
719 3462 776 3546 qui
803 3462 960 3528 velociter
987 3462 1097 3540 currit,
1114 3463 1160 3526 sic
1186 3464 1284 3527 datur
1299 3465 1403 3548 ,quasi
1420 3465 1489 3544 nix,
1506 3476 1539 3531 et
1556 3467 1628 3549 ipsa

275 3569 336 3632 nix
362 3578 411 3630 est
429 3567 523 3651 quasi
550 3566 636 3630 lana.
651 3567 775 3630 Videte
803 3566 1062 3631 misericordiam
1089 3567 1236 3632 Domini.
1253 3568 1357 3633 Cibus
1374 3570 1512 3635 Domini
1528 3572 1628 3636 nobis

225 3702 260 3754 30
276 3673 309 3737 in
326 3673 562 3738 vestimentum
580 3671 725 3736 vertitur.
742 3671 885 3735 Dixerat
904 3671 1070 3734 lohannes
1086 3672 1129 3736 de
1145 3671 1293 3736 Domino
1304 3671 1478 3738 Salvatore
1494 3699 1500 3738 :
1517 3679 1523 3706 ⁸
1542 3675 1629 3740 Ecce

308 3889 323 3940 3
335 3878 364 3926 iu
375 3875 459 3937 carue]
471 3876 500 3924 r‘u
511 3889 610 3924 carrum
623 3875 643 3925 C
657 3877 692 3936 (ru
703 3876 762 3926 add.
776 3892 832 3941 sup.
846 3875 911 3936 lim).
1013 3874 1074 3925 8112
1085 3879 1157 3927 enini
1166 3895 1185 3928 e.
1199 3878 1278 3941 terro]
1298 3881 1331 3928 Ire
1348 3895 1443 3928 numeru
1454 3895 1474 3930 e.
1489 3887 1583 3930 terrum
1596 3883 1629 3932 G.

274 3957 428 4017 ordelorbem
440 3961 492 4011 sG.
595 3967 659 4009 tort
669 3961 790 4023 uelociter]
803 3961 835 4011 IS
847 3976 897 4010 om.
911 3968 941 4010 rt.
1046 3974 1071 4012 ιι
1085 3963 1241 4024 cucurrerat]
1258 3964 1425 4023 C;currerat
1443 3965 1582 4024 B;curr·at
1597 3966 1631 4026 ὃς

274 4044 388 4092 cucurrit
399 4041 424 4109 β.
528 4055 556 4090 12
567 4042 676 4106 pulpa]
694 4057 767 4106 quem
784 4048 825 4106 pr.
840 4042 861 4091 Ι.
965 4055 993 4106 13
1005 4043 1054 4106 ire]
1071 4058 1120 4092 om.
1137 4043 1157 4092 l.
1258 4042 1411 4107 Hispanias]
1431 4045 1541 4107 §paulas
1555 4045 1628 4095 BsG.

277 4137 306 4186 14
317 4124 446 4186 semeonis]
458 4139 600 4173 sermonum
612 4127 629 4173 S
640 4141 647 4183 ;
658 4140 792 4174 sermonem
805 4126 837 4174 G.
908 4123 937 4171 16
948 4125 1139 4186 sicutciuereru]
1147 4126 1212 4173 sicut
1222 4127 1293 4190 quic.
1305 4128 1338 4176 G.
1410 4137 1437 4188 17
1450 4127 1631 4188 suurulomnes

274 4207 348 4256 codd.
419 4207 448 4257 18
459 4207 522 4268 siut]
533 4213 594 4255 suut
605 4206 673 4256 SGI.
739 4205 882 4266 sustinebit]
893 4205 1004 4253 suluistit
1016 4207 1047 4255 G.
1116 4205 1196 4267 nillil]
1210 4207 1311 4256 lricnou
1324 4209 1351 4257 S.
1419 4220 1451 4256 20
1461 4225 1498 4272 sq.
1513 4207 1631 4268 Eurittet]

273 4290 365 4338 eme'ttit
381 4305 456 4354 saepe
473 4289 548 4339 codd.
561 4289 605 4352 qui
627 4297 709 4338 tamen
723 4303 774 4338 nou
786 4287 833 4338 sibi
844 4294 969 4337 constant.
1070 4301 1101 4352 ²3
1113 4288 1142 4336 irr
1153 4289 1250 4352 duplici
1260 4289 1374 4350 nurrrero]
1393 4290 1411 4338 i.
1425 4289 1500 4355 duplo
1512 4305 1538 4339 n.
1554 4287 1570 4356 β
1582 4307 1589 4350 3
1602 4290 1630 4338 irr

272 4372 370 4436 duplici
380 4387 515 4420 nuneeruru
530 4373 553 4422 G
565 4387 573 4430 ς
585 4371 614 4420 in
623 4358 746 4434 duplice'ru
758 4385 893 4420 nernmwu
907 4370 928 4419 C
939 4370 973 4420 al.
987 4385 1070 4420 manu.
1154 4412 1155 4418 ,
1172 4369 1204 4419 26
1215 4367 1318 4430 emittit]
1329 4372 1376 4434 qui
1385 4387 1404 4420 e.
1420 4372 1471 4421 SG.

316 4557 341 4613 3.
362 4531 628 4616 terburn]10.1,1.
1023 4557 1067 4596 10.
1083 4537 1125 4595 ad
1136 4537 1287 4613 Illyricum
1316 4540 1406 4597 Rom.
1427 4556 1472 4616 ις,
1492 4559 1535 4616 19.

314 4639 343 4693 4.
354 4620 386 4678 in
401 4613 491 4698 nobis]
506 4615 577 4678 ibid.
592 4637 636 4689 14.
1023 4637 1066 4694 13.
1079 4619 1292 4696 adHispanr'as
1320 4618 1389 4679 ibid.
1404 4640 1449 4694 24.

315 4703 341 4759 6.
354 4695 452 4780 suum]
468 4701 515 4758 Ps.
530 4700 579 4770 66,
598 4716 622 4774 7.
1021 4719 1067 4762 22.
1088 4697 1220 4780 Verbum]
1233 4702 1276 4761 10.
1297 4721 1321 4774 1,
1342 4721 1365 4759 r.
