4158 5492
502 420 560 503 86
946 445 1102 508 ssucrr
1131 445 1386 508 urnuourur
1708 522 1712 531 Ι
1767 442 1856 530 [om

502 659 720 743 clamavi:
739 660 1113 760 etexaadaame,
1127 663 1236 746 Tres
1257 661 1384 744 resin
1406 688 1495 745 uno
1515 662 1728 748 versiculo
1742 663 1858 749 velo·

504 797 607 880 citer
637 799 928 909 explicantur:
963 799 1178 910 angustia,
1202 826 1356 908 preces,
1380 801 1613 886 exauditio.
1656 803 1861 913 Sagittae

496 939 693 1048 patenas
712 945 870 1022 acutae
887 965 985 1022 cum
1006 936 1258 1021 carbonibus
1277 936 1558 1024 desolatoriis.
1586 942 1670 1024 Pro
1694 940 1860 1025 desola-

505 1079 629 1161 toriis
653 1077 912 1162 carbonibus
929 1078 971 1161 in
995 1078 1177 1161 hebraeo
1192 1087 1375 1183 ἀρκευθίνοις
1397 1077 1534 1162 habet.
1561 1079 1858 1162 Desolatorem

506 1228 611 1326 puto
630 1229 672 1299 et
696 1216 740 1297 in
776 1215 909 1298 Esaia
928 1242 1023 1299 esse
1042 1218 1282 1315 carbonem,
1306 1223 1381 1328 qui
1402 1216 1456 1299 ad
1479 1215 1591 1299 labia
1610 1215 1705 1299 eius
1725 1215 1862 1299 defer·
1894 1241 1907 1294 s

504 1366 585 1452 tur,
610 1366 657 1436 ut
678 1365 831 1464 purget
852 1352 958 1437 vitia
977 1381 1088 1465 quae
1109 1354 1338 1465 loquendo,
1362 1354 1453 1437 sive
1466 1352 1522 1434 ob
1536 1352 1734 1435 timorem
1750 1379 1862 1463 quae

506 1490 686 1574 tacendo
724 1503 1002 1574 contraxerat.
1043 1493 1102 1574 Et
1135 1491 1204 1575 hic
1236 1492 1379 1604 itaque
1410 1490 1651 1591 carbonem,
1675 1488 1860 1572 similem

505 1627 778 1738 deprecatur:
803 1640 850 1710 ut
870 1628 996 1711 detur
1015 1630 1053 1713 ei
1075 1619 1203 1713 carbo
1223 1630 1276 1714 de
1296 1630 1448 1713 altario
1472 1629 1566 1730 Dei,
1586 1627 1662 1740 qui
1688 1627 1732 1710 in
1767 1628 1861 1710 eius

506 1765 631 1850 labiis
652 1779 921 1878 peccatorum
943 1767 1222 1852 solitudinem
1245 1767 1381 1868 saciat,
1405 1767 1547 1868 idest,
1570 1765 1734 1860 avitiis
1760 1793 1861 1851 euru

506 1918 691 2018 praestet
710 1906 910 1990 alienum.
1881 1930 1910 1969 10

1111 2045 1252 2130 CXX.

561 2285 650 2367 Par
666 2285 780 2367 diem
801 2284 869 2367 sal
897 2313 979 2369 aaa
1001 2290 1100 2368 aret
1131 2291 1183 2385 te,
1206 2311 1339 2396 aequa
1358 2284 1466 2367 luna
1475 2288 1564 2394 per
1580 2287 1753 2366 nactam.
1790 2281 1865 2363 Iu·

505 2435 600 2506 stus
622 2450 698 2507 nec
719 2422 762 2506 in
781 2423 996 2534 prosperis
1016 2423 1172 2508 elevari
1189 2433 1342 2538 potest,
1358 2449 1435 2506 nec
1457 2421 1500 2504 in
1520 2418 1718 2504 tristibus
1738 2418 1859 2504 deici.

507 2560 636 2668 Quod
660 2561 704 2644 in
725 2561 795 2646 die
815 2574 857 2646 et
882 2574 1016 2666 noete,
1040 2559 1121 2647 hoc
1141 2573 1183 2648 et
1204 2561 1248 2644 in
1270 2560 1360 2645 sole
1386 2559 1655 2671 significatur
1683 2571 1725 2642 et
1745 2557 1860 2643 luna.

1098 2825 1265 2908 CXXI.
1649 2811 1651 2816 ⁸
1882 2864 1910 2916 ις

561 3065 784 3147 Laetatas
801 3089 898 3145 sain
919 3063 964 3145 ia
988 3063 1060 3145 liis
1077 3089 1189 3171 qaae
1220 3059 1340 3145 dz‘cta
1370 3067 1476 3144 sant
1509 3061 1630 3144 mr'lzi.
1670 3059 1786 3167 Quia
1818 3059 1862 3142 in

504 3201 634 3312 priori
658 3200 825 3310 psalmo
845 3199 1064 3283 audierat:
1102 3205 1110 3238 ‘
1138 3198 1356 3282 Dominus
1385 3197 1601 3282 custodiat
1635 3197 1862 3280 introitum

538 3411 591 3460 rin
602 3409 663 3471 aaa]
676 3410 752 3460 EAM
759 3427 767 3469 ;
780 3410 991 3476 praepositionem
1004 3426 1053 3460 om.
1068 3410 1098 3460 C.
1171 3409 1442 3472 2eaaudr'ti01EAM3
1473 3411 1611 3460 exauditur
1622 3409 1653 3460 C.
1722 3409 1864 3473 3patentr's]

502 3493 573 3551 ΑΜ;
603 3498 712 3556 patentes
724 3492 776 3542 EC.
869 3485 1070 3560 4ἂρκευθίνοις]
1083 3492 1155 3541 Brev.
1167 3507 1175 3550 ;
1208 3491 1382 3541 archaeatiaas
1395 3493 1489 3551 EAM3
1522 3491 1682 3541 arruechinas
1692 3490 1723 3542 C.
1807 3488 1864 3540 tot

500 3575 615 3626 tiraarem
626 3589 690 3638 qaae
700 3574 809 3635 tacenda]
823 3575 885 3634 EM,
900 3575 922 3623 Α
934 3575 1035 3635 (mutat.
1049 3573 1074 3622 in
1086 3588 1150 3638 quae
1161 3573 1188 3621 ab
1199 3573 1313 3623 timorem
1324 3574 1434 3633 tacenda)
1440 3591 1448 3634 ;
1481 3589 1544 3638 qaae
1555 3573 1655 3623 tacenda
1664 3573 1692 3622 ob
1702 3573 1818 3622 timorem
1827 3572 1849 3623 C
1855 3591 1863 3632 ς

500 3657 593 3720 optima
605 3671 715 3720 quaeque
725 3656 824 3704 tacenda
838 3653 861 3722 β.

541 3840 567 3893 4.
592 3820 752 3893 ἀρκευθίνοις
769 3817 864 3899 habet]
889 3819 1014 3878 Hieron.
1041 3819 1080 3879 ad
1102 3820 1154 3878 Fa·
1207 3817 1311 3896 legitur
1324 3819 1502 3879 desolatoriis
1516 3822 1531 3879 '.

500 3899 612 3961 biotam
627 3899 710 3977 epist.
730 3903 775 3976 78,
792 3900 843 3960 ubi
864 3901 904 3961 de
918 3917 961 3959 xv
976 3899 1154 3960 Mansione:
1249 3917 1275 3976 5.
1292 3899 1324 3959 in
1339 3897 1448 3981 Esaia]
1464 3904 1491 3976 6,
1508 3904 1534 3961 6.

502 3985 509 4014 ‘
525 3983 656 4042 Rethma
671 3982 843 4041 transfertus
857 3984 969 4041 saar'tus
982 3991 1033 4041 aut
1047 3983 1156 4059 iunipe-
1249 4001 1261 4039 r
1268 4001 1293 4057 3.
1306 3982 1338 4040 in
1343 3983 1492 4060 prosperis
1501 3979 1624 4062 elevari]
1637 3982 1761 4044 Hieron.
1779 3983 1809 4041 in
1820 3984 1860 4044 Is.

499 4083 558 4137 rus,
575 4081 757 4140 quamquam
783 4062 917 4141 plerique
932 4064 1153 4140 &paratosapud
1207 4083 1253 4133 21,
1286 4081 1396 4122 rr·12:
1424 4065 1433 4095 ‘
1459 4063 1689 4141 Responditque
1715 4062 1861 4124 eeclesiae

500 4147 631 4206 Graecos
645 4143 727 4206 aliud
741 4163 836 4221 genus
857 4143 969 4205 arboris
988 4142 1154 4221 significare
1206 4141 1387 4205 multitudo:
1401 4144 1473 4205 Non
1487 4144 1585 4206 solum
1600 4144 1630 4204 in
1641 4143 1796 4223 prosperis,
1806 4146 1861 4206 sed

498 4227 690 4286 contendant.
705 4225 878 4303 luniperum
888 4237 988 4286 autem
1001 4235 1030 4284 et
1042 4223 1154 4301 primus
1206 4223 1235 4283 in
1249 4224 1388 4300 adversis,
1400 4225 1458 4286 hoc
1472 4237 1525 4298 est,
1538 4236 1568 4286 et
1577 4225 1607 4286 in
1619 4226 1669 4287 die
1677 4238 1707 4288 et
1718 4225 1749 4286 in
1761 4237 1859 4299 nocte,

497 4309 644 4385 graduum
666 4308 798 4385 psalmus
820 4305 901 4367 iuxta
926 4304 1079 4367 veritatem
1105 4306 1154 4366 he·
1205 4317 1256 4367 tua
1271 4307 1354 4366 Deus
1370 4317 1526 4384 praecepta
1540 4307 1664 4368 servabo
1678 4309 1693 4368 '.
1710 4305 1788 4369 Ibid.
1812 4309 1859 4381 26,

499 4389 628 4450 braiearu
644 4400 739 4461 sonat,
755 4387 807 4449 ubi
822 4388 964 4466 scriptum
987 4398 1050 4448 est:
1074 4388 1158 4464 Quid
1207 4407 1275 4464 7-9:
1298 4389 1414 4449 'Unde
1438 4399 1468 4449 et
1493 4389 1523 4448 in
1547 4389 1607 4450 aiio
1631 4392 1747 4467 psalmo
1771 4407 1861 4466 super

497 4471 583 4530 detur
607 4472 668 4544 tibi,
683 4477 738 4529 aut
756 4471 830 4547 quii
851 4476 1020 4550 apponatur
1041 4470 1098 4529 tibi
1114 4471 1157 4528 ad
1206 4469 1273 4528 iusti
1289 4468 1447 4530 securitate
1463 4470 1612 4548 Propheta
1626 4470 1766 4531 decantat
1778 4492 1786 4529 ε
1800 4471 1863 4530 Per

498 4553 629 4628 linguam
652 4553 797 4610 dolosam?
815 4562 845 4612 et
869 4551 1015 4630 propheta
1034 4569 1154 4628 respon·
1205 4552 1278 4610 diem
1292 4551 1337 4610 sol
1348 4569 1406 4610 nan
1422 4559 1488 4611 uret
1500 4558 1533 4625 te,
1549 4571 1637 4629 neque
1656 4553 1729 4612 lana
1742 4561 1801 4629 par
1813 4570 1860 4610 na

498 4634 549 4694 det
564 4657 569 4692 :
585 4635 716 4710 Sagittae
723 4635 849 4710 patentis
862 4640 970 4706 acutae,
984 4651 1047 4692 cum
1061 4633 1154 4692 carba
1203 4640 1290 4702 ctenr,·
1304 4631 1334 4691 id
1349 4643 1402 4706 est,
1419 4650 1474 4694 nec
1489 4632 1518 4692 in
1533 4632 1681 4711 prosperis
1695 4632 1794 4694 necin
1809 4632 1861 4692 ad·

498 4715 582 4777 nibus
601 4716 809 4795 r'um‘perarum,
835 4735 888 4794 pro
910 4732 972 4794 quo
996 4715 1077 4793 apud
1098 4732 1154 4776 nos
1204 4714 1295 4776 versis
1307 4732 1450 4791 umquam
1461 4715 1500 4776 de
1508 4713 1731 4778 tuoruoveberis
1738 4713 1832 4796 gradu
1842 4714 1858 4776 ³.
