4158 5492
495 351 551 434 80
947 375 1101 439 seueri
1126 375 1378 440 manorum
1748 368 1852 457 [cvm

497 593 651 705 pretari
674 621 909 705 possumus
930 595 1259 679 criminatorem.
1292 595 1361 678 Et
1394 585 1536 678 aratro
1568 583 1663 676 eius
1681 591 1781 701 fiat
1809 591 1855 676 iu

489 737 726 841 peccatum.
752 733 864 818 Cum
886 733 999 816 enim
1022 759 1121 817 eum
1145 732 1402 845 proditionis
1435 733 1678 844 paeniteret,
1703 727 1855 844 laqueo

496 897 543 952 se
564 871 802 982 suspendit.
827 873 895 954 Et
914 878 1169 980 cognoscant
1188 872 1292 980 quia
1314 898 1472 954 uranus
1491 877 1571 954 tua
1607 865 1706 968 usta,
1729 875 1774 953 et
1804 874 1855 952 tu

497 1008 684 1092 Domine
704 1009 865 1117 fecisti
891 1037 952 1094 eo.
992 1010 1250 1121 Intellegant
1287 1010 1465 1109 Pilatus,
1492 1008 1701 1108 Herodes,
1724 1003 1854 1117 atque

501 1146 663 1248 ludaei,
686 1148 803 1258 quod
822 1176 908 1231 non
930 1175 1077 1231 eorum
1101 1160 1323 1259 potestate,
1339 1149 1414 1231 sed
1429 1160 1503 1230 tua
1515 1146 1738 1230 voluntate
1754 1172 1852 1229 sum
1891 1177 1905 1232 s

496 1311 664 1394 passus,
688 1313 764 1368 nec
786 1286 949 1370 invitus
970 1287 1059 1369 bibi
1081 1285 1266 1384 calicem,
1289 1313 1418 1398 quem
1441 1312 1537 1369 cum
1572 1283 1724 1370 scirem
1759 1311 1853 1368 esse

496 1421 748 1531 potandum,
773 1436 926 1532 sponte
957 1423 1107 1507 hausi:
1132 1451 1217 1507 non
1253 1452 1404 1523 meam,
1428 1423 1501 1507 sed
1541 1435 1673 1526 tuam,
1698 1421 1740 1505 id
1773 1436 1849 1524 est,

488 1565 582 1639 'non
604 1557 794 1642 hominis
807 1587 935 1670 quern
955 1561 1190 1662 indueram,
1206 1563 1279 1646 sed
1301 1564 1382 1646 Dei
1397 1565 1556 1647 faciens
1570 1562 1846 1648 voluntatem.

1084 1831 1278 1915 cV1111.

550 2042 690 2125 Dune't
709 2044 925 2127 Dominus
955 2045 1142 2128 Dornr'uo
1173 2071 1271 2126 uteo
1310 2044 1437 2128 Prius
1473 2071 1629 2128 nomen
1669 2042 1849 2135 Domini
1874 2084 1905 2122 to

497 2198 771 2288 τετραγράμματον
790 2196 867 2282 est,
883 2183 999 2292 quod
1023 2182 1191 2293 proprie
1212 2182 1255 2264 in
1276 2181 1370 2266 Deo
1391 2182 1580 2292 ponitur:
1597 2182 1847 2281 secundum,

496 2323 612 2432 quod
634 2349 863 2404 commune
882 2333 947 2404 est
977 2346 1075 2403 cum
1110 2321 1272 2422 ceteris,
1296 2348 1384 2432 quo
1418 2333 1460 2403 et
1495 2348 1615 2432 reges
1647 2333 1689 2404 et
1723 2321 1849 2406 ceteri

494 2461 693 2546 homines
713 2459 993 2572 appellantur.
1020 2458 1149 2566 Quod
1186 2459 1221 2542 si
1255 2459 1380 2543 nobis
1410 2460 1631 2571 'obponere
1665 2459 1850 2551 voluerit
1972 2447 1977 2457 ¹

493 2600 681 2684 haeresis
714 2601 910 2699 Arsiana,
946 2627 998 2681 ex
1031 2599 1110 2682 hac
1141 2599 1390 2684 diversitate
1426 2601 1636 2684 minorem
1673 2599 1847 2699 Filium,

494 2741 666 2824 Patrem
702 2766 796 2823 esse
833 2739 1050 2836 maiorem,
1091 2738 1451 2849 respondebimus
1484 2739 1549 2822 ei:
1593 2739 1653 2820 illi
1692 2764 1850 2821 nomen
1875 2769 1906 2823 ιε

493 2876 671 2959 inferius
692 2876 930 2976 convenire,
954 2876 1021 2958 cui
1045 2888 1091 2958 ut
1113 2875 1258 2958 sedeat
1280 2877 1523 2988 imperatur.
1553 2877 1710 2960 Tecum
1720 2875 1852 2985 prin-

491 3014 652 3124 cipium
674 3015 720 3097 in
741 3015 811 3098 die
829 3015 1013 3097 uirtutis
1044 3020 1148 3117 tuae
1182 3013 1226 3096 in
1261 3016 1556 3123 splendoribus
1586 3019 1847 3098 sauctorum.

492 3152 605 3234 Cum
641 3151 800 3260 Xpisto
836 3147 1005 3262 semper
1039 3150 1297 3261 principium
1331 3164 1422 3235 est:
1456 3163 1499 3235 et
1521 3152 1564 3233 in
1586 3151 1656 3234 die
1676 3175 1852 3261 quoque

491 3316 578 3400 qua
592 3288 831 3371 secundum
847 3287 1183 3372 incarnationem
1201 3287 1336 3371 vincit
1349 3289 1586 3390 inimicum,
1602 3287 1730 3370 habet
1747 3312 1852 3370 suae

492 3439 669 3509 naturae
709 3425 925 3510 ineffabile
965 3452 1133 3534 semper
1166 3424 1402 3509 exordium.
1437 3428 1535 3509 Hoc
1568 3438 1712 3508 autem
1747 3451 1852 3508 vero
1873 3460 1908 3498 ιο

523 3612 826 3674 aea11taomnascodd.
930 3623 957 3660 ιι
976 3607 1228 3680 τετραγράμματον]
1244 3618 1441 3677 tetragramaton
1458 3614 1527 3674 AM;
1560 3611 1852 3677 tetragrammatum&

490 3699 698 3755 tetragramatum
712 3693 742 3743 C.
837 3692 1016 3754 tarumJante
1029 3695 1036 3719 ⁴
1049 3691 1324 3743 ceteris’inunocod.
1340 3693 1472 3758 Elegitur.
1568 3705 1596 3756 13
1609 3689 1852 3758 appellantur1EC3

491 3775 684 3838 appellabantur
695 3776 732 3835 M,
747 3775 770 3823 A
784 3775 882 3839 (postea
893 3775 1014 3834 emend).
1121 3774 1150 3824 18
1162 3775 1191 3824 in
1202 3775 1253 3836 die]
1266 3774 1334 3839 prius
1345 3776 1394 3824 iam
1404 3775 1558 3839 scripseram,
1568 3791 1645 3840 quam
1656 3774 1766 3838 legerem
1777 3772 1804 3823 in
1813 3772 1852 3832 E;

491 3857 550 3908 tude
561 3856 646 3906 CAM.
751 3869 780 3919 19
791 3857 853 3921 qua]
870 3855 957 3907 itidem
975 3857 1134 3906 scribendum
1152 3873 1206 3906 esse
1224 3855 1348 3916 existimo,
1367 3857 1425 3906 licet
1437 3857 1463 3906 in
1474 3864 1592 3922 quattuor
1608 3855 1737 3906 codicibus
1753 3855 1852 3918 legatur

491 3939 561 4004 quia.
661 3938 804 4000 uincit]E;
838 3938 998 3988 uicitCAlll.
1099 3938 1258 3999 novero]E;
1292 3955 1380 3988 verum
1393 3941 1522 3999 AM30m.
1538 3942 1566 3990 C.
1583 3939 1708 4004 Equidem
1720 3937 1779 3990 novi
1791 3952 1850 3988 con·

491 4021 630 4072 iunctiones
646 4030 730 4072 autem
742 4029 769 4071 et
778 4037 836 4071 vero
847 4022 888 4071 vix
906 4022 966 4071 alibi
978 4038 1009 4071 eo
1028 4022 1105 4071 modo
1122 4022 1219 4072 iunctas
1236 4020 1358 4071 inveniri:
1378 4029 1404 4072 at
1423 4021 1450 4072 in
1468 4021 1612 4072 huiusmodi
1632 4023 1705 4074 rebus
1721 4019 1784 4072 nihil
1801 4017 1851 4070 nisi

490 4107 557 4172 quod
570 4113 691 4156 testantur
703 4104 802 4155 codices
813 4104 988 4169 spectandum.
1003 4105 1029 4154 S.
1045 4105 1149 4168 August.
1166 4103 1279 4154 Consess.
1295 4114 1318 4166 5,
1335 4115 1380 4164 14:
1394 4106 1401 4130 ⁴
1414 4104 1508 4154 Verum
1519 4112 1604 4156 autem
1618 4114 1643 4154 tu
1655 4121 1713 4170 spes
1724 4119 1781 4154 mea
1793 4100 1808 4152 ¹.

534 4269 557 4308 1.
580 4242 806 4327 criminatorem]
830 4246 954 4307 Hieron.
981 4245 1011 4304 in
1036 4265 1081 4323 ep.
1104 4246 1143 4306 ad
1195 4264 1305 4305 nomen
1320 4265 1461 4323 graecum
1475 4257 1528 4320 est,
1544 4247 1627 4324 quod
1641 4246 1874 4323 interpretatur.

490 4333 600 4408 Ephes.
617 4350 645 4405 4,
663 4347 698 4404 27
713 4353 719 4389 :
747 4328 916 4388 ‘Diabolus
930 4346 1067 4404 graecum
1083 4347 1143 4387 ver·
1194 4327 1364 4388 criminator
1378 4331 1393 4388 ’.
1421 4329 1460 4388 Et
1480 4327 1510 4388 in
1534 4347 1580 4407 ep.
1596 4329 1634 4389 ad
1649 4328 1762 4401 Titum,
1782 4349 1806 4388 v.
1831 4328 1849 4386 6

490 4412 562 4472 bum
577 4422 629 4486 est,
646 4411 729 4488 quod
741 4411 831 4470 latine
840 4409 948 4470 dicitur
959 4409 1142 4469 criminator:
1194 4427 1258 4486 sqq.
1274 4431 1279 4468 :
1298 4415 1305 4440 ‘
1322 4408 1467 4470 Diabolus
1482 4421 1581 4470 autem
1598 4410 1628 4470 in
1643 4409 1734 4470 latina
1749 4410 1849 4488 lingua

489 4493 589 4571 lingua
604 4512 673 4553 vero
689 4493 815 4552 hebraea
830 4499 915 4550 satan
925 4491 1097 4568 appellatur,
1111 4490 1142 4551 id
1193 4491 1412 4551 criminatorem
1428 4503 1514 4554 sonat
1528 4494 1544 4551 ’.

488 4587 532 4636 est
542 4575 734 4648 adversarius,
746 4575 806 4632 sive
817 4572 979 4632 contrarius
995 4574 1010 4631 '.
1023 4572 1140 4632 Ibidem
1238 4593 1281 4632 10.
1305 4573 1398 4632 Prius
1408 4593 1508 4632 norrun
1518 4573 1645 4634 Domini
1653 4568 1723 4654 ete]
1735 4571 1847 4634 Confer

488 4657 518 4718 in
545 4679 569 4717 v.
600 4677 633 4716 11
659 4655 762 4732 capitis
784 4657 820 4713 6:
848 4653 1018 4714 ‘Diabolus
1040 4666 1139 4715 autem
1191 4672 1279 4731 supra
1295 4673 1320 4731 p.
1340 4676 1386 4728 πο,
1402 4657 1421 4715 l.
1440 4671 1483 4732 15.
