4202 5492
455 411 509 498 54
835 423 854 478 S
888 423 1141 484 HIERONYMI
1167 425 1429 488 PRESBYTERI

497 639 709 710 Adluxeruut
725 651 957 716 coruscationes
978 659 1054 720 tuae
1077 649 1150 714 orbi
1162 659 1275 716 terrae.
1295 647 1362 713 Hic
1386 649 1467 731 quid
1483 649 1574 730 iacis,
1600 652 1749 718 ludaeet
1766 653 1807 716 Ia

454 747 545 812 mari
556 749 613 813 oia
629 759 688 816 tua
708 763 740 817 et
753 755 886 820 semitae
901 767 976 822 tuae
992 757 1026 822 iu
1042 758 1139 840 aquis
1153 755 1275 822 multis.
1297 753 1341 818 Et
1364 753 1428 818 hoc
1444 755 1496 820 fac
1512 766 1571 821 aut
1585 757 1628 822 de
1645 743 1727 823 mari
1742 759 1809 826 dici

453 862 511 916 aut
526 852 569 918 de
586 855 737 924 Iordane.
747 859 802 924 'Et
813 862 957 945 vestigia
967 874 1026 928 tua
1041 884 1103 927 non
1118 867 1350 942 tagseasceutur.
1370 859 1447 922 Hoc
1463 861 1646 926 secundum
1663 861 1806 928 litteram

454 959 624 1037 quomodo
650 961 840 1046 intellegis?
868 969 1006 1050 Propter
1033 965 1250 1049 simpliciores
1266 961 1450 1027 secundum
1478 963 1621 1031 litteram
1638 967 1809 1032 diximus:

455 1072 657 1130 revertamur
672 1089 751 1151 ergo
775 1071 817 1134 ad
846 1070 1107 1152 intellegentiam
1125 1068 1319 1153 spiritalem.
1355 1065 1517 1132 Viderunt
1532 1079 1562 1134 te
1586 1091 1691 1153 oquae
1709 1071 1809 1136 Deus.
1846 1083 1859 1136 5

456 1162 649 1248 Loquamur
664 1173 707 1237 de
724 1175 942 1240 Revelatione
960 1176 1128 1240 Iohannis.
1143 1179 1151 1207 ‘
1167 1174 1297 1257 Aquae,
1314 1171 1430 1254 iuquit,
1443 1173 1568 1237 multae
1584 1175 1698 1258 populi
1713 1175 1808 1238 multi

454 1279 532 1334 sunt
548 1271 564 1336 '.
597 1273 758 1342 Viderunt
783 1289 813 1343 te
837 1299 941 1361 aquae
961 1280 1058 1344 Deus.
1088 1277 1184 1358 Quae
1211 1275 1430 1361 aquaei‘Et
1456 1295 1571 1358 aquae,
1599 1298 1684 1360 quae
1711 1298 1809 1360 super

454 1373 564 1438 caelos
588 1390 676 1458 suar,
700 1381 838 1449 laudent
862 1405 983 1448 nomen
1014 1383 1151 1447 Domini
1168 1382 1184 1447 '.
1221 1380 1381 1444 Viderunt
1405 1388 1434 1440 te
1457 1401 1562 1462 aquae
1585 1380 1684 1446 Deus.
1713 1380 1809 1464 Quae

455 1482 587 1559 aquae?
605 1484 736 1550 Montes
752 1500 786 1552 et
802 1489 933 1553 animae
949 1509 1059 1569 purae.
1085 1487 1247 1552 Viderunt
1260 1495 1290 1549 te
1310 1505 1422 1568 aquae,
1442 1493 1472 1546 et
1487 1483 1677 1576 timuerunt.
1694 1484 1809 1548 Timor

455 1584 600 1650 nonfuit
625 1589 667 1653 de
691 1591 779 1669 odio,
806 1593 864 1657 sed
881 1594 923 1657 de
948 1590 1022 1656 fide.
1039 1593 1086 1656 Et
1099 1591 1249 1656 turbatae
1266 1599 1345 1654 scint
1358 1586 1474 1668 abyssi.
1493 1587 1654 1654 Dicamus
1681 1587 1806 1671 aliquid
1831 1609 1860 1646 ro

454 1689 636 1756 secundnm
654 1693 916 1777 intellegentiam
933 1694 1124 1777 spiritalem.
1144 1695 1180 1757 ln
1210 1693 1372 1777 principio
1389 1692 1558 1758 Geneseos
1581 1695 1808 1778 scriptumest

454 1789 524 1854 ‘Et
548 1814 647 1879 super
673 1819 786 1883 aquas,
813 1800 928 1882 inquit,
959 1799 1125 1864 terebatur
1150 1797 1294 1880 Spiritus
1311 1797 1327 1862 '.
1355 1797 1400 1862 Et
1425 1798 1546 1862 deinde
1572 1801 1731 1883 scriptum
1758 1805 1808 1862 est

455 1894 461 1920 ‘
478 1891 587 1978 Super
602 1902 751 1985 abyssos,
768 1903 883 1986 inquit,
900 1901 1090 1967 ferebantur
1105 1901 1262 1964 tenebrae
1279 1901 1294 1965 ⁹.
1307 1899 1428 1965 Videte
1445 1922 1525 1985 ergo
1541 1904 1620 1987 quid
1637 1905 1757 1969 dicitur
1774 1903 1806 1966 in

455 1998 617 2084 principio
648 2007 826 2072 Geneseos.
859 2007 935 2071 Hoc
965 2006 1148 2071 secundum
1182 2003 1445 2086 intellegentiam
1481 2008 1675 2089 spiritalem.
1701 2009 1808 2091 Super

455 2109 567 2187 aquas,
583 2113 699 2196 inquit,
717 2114 881 2178 serebatur
898 2113 1050 2196 Spiritus.
1063 2112 1135 2175 lam
1153 2131 1193 2174 eo
1210 2121 1360 2192 tempore
1376 2108 1580 2191 baptismum
1597 2112 1807 2195 significaba-
1830 2135 1839 2172 ι
1844 2134 1858 2189 5

454 2225 514 2284 tur.
533 2219 608 2284 Non
626 2221 714 2284 enim
739 2228 870 2302 poterat
884 2241 957 2285 esse
982 2219 1185 2301 baptismum
1203 2217 1274 2281 sine
1290 2215 1425 2300 Spiritu.
1451 2216 1559 2300 Super
1574 2217 1714 2301 abyssos
1730 2238 1809 2282 vero

453 2325 614 2391 tenebrae.
635 2327 706 2391 ista
731 2335 782 2388 est
798 2325 948 2407 abyssus,
975 2325 1007 2389 in
1035 2343 1101 2407 qua
1125 2323 1307 2386 daemones
1334 2320 1515 2404 postulant,
1532 2341 1574 2385 ne
1597 2321 1807 2386 mitterentur

451 2429 495 2493 ab
511 2431 596 2495 lesu.
618 2430 726 2512 Super
746 2429 884 2511 abyssos
901 2447 981 2511 ergo
996 2428 1162 2491 tenebrae.
1186 2427 1223 2490 ln
1241 2427 1337 2509 aquis
1353 2432 1422 2489 erat
1438 2424 1611 2502 munditia,
1628 2426 1659 2487 in
1677 2425 1806 2508 abyssis

450 2534 615 2599 tenebrae.
632 2536 729 2619 Quae
744 2543 821 2598 sunt
838 2533 959 2616 abyssi,
976 2553 1029 2596 me
1056 2542 1189 2598 tacente
1219 2530 1432 2614 intellegitis:
1448 2531 1607 2613 quoniam
1624 2532 1805 2597 daemones

449 2636 629 2703 formidant
647 2641 741 2703 ire‘in
759 2638 926 2720 abyssum.
953 2638 1062 2702 Vocem
1077 2636 1351 2700 dederuutnubes.
1369 2634 1495 2713 Nubes,
1505 2635 1688 2718 prophetae
1703 2657 1806 2721 :quae
1825 2661 1858 2698 20

449 2743 582 2806 ludaeis
609 2752 794 2820 tacuerunt,
819 2742 915 2805 nobis
942 2741 1071 2824 loquuti
1100 2749 1185 2804 sunt.
1219 2739 1331 2804 Vocem
1353 2739 1512 2804 dederuut
1535 2741 1640 2806 nubes.
1672 2742 1806 2807 Etenim

447 2849 589 2930 sagittae
600 2859 675 2912 triae
690 2849 901 2912 transierunt.
920 2845 1129 2908 Praedicatio
1139 2843 1306 2924 ,sermonis
1320 2843 1475 2932 Xpistiin
1490 2846 1677 2909 universum
1689 2847 1804 2911 orbern

447 2953 598 3016 cucurrit.
623 2953 693 3017 Vax
701 2953 845 3018 tonitrui
859 2949 911 3013 tui
924 2949 959 3012 in
977 2959 1057 3012 rota.
1073 2948 1232 3012 Tonitrus
1249 2949 1380 3029 proprie
1397 2949 1533 3032 grandis
1543 2971 1617 3014 vox·
1627 2960 1686 3015 est.
1701 2951 1803 3016 Deni-

447 3075 512 3136 que
524 3077 564 3120 eo
580 3065 740 3140 tempore,
756 3058 892 3140 quando
908 3060 1001 3123 Deus
1018 3057 1175 3141 loquutus
1191 3066 1242 3120 est
1257 3060 1264 3086 ‘
1280 3057 1345 3120 Hic
1361 3066 1412 3120 est
1429 3057 1533 3122 Filius
1548 3079 1641 3122 meus
1654 3060 1806 3135 dilectus,

449 3157 481 3220 in
510 3157 572 3221 hoc
599 3159 678 3222 milii
705 3160 879 3243 conplacui
896 3162 913 3238 ',
939 3160 1028 3224 saeta
1055 3169 1105 3224 est
1137 3182 1204 3223 vox
1230 3161 1368 3224 tonitrui
1386 3171 1478 3225 rotae
1504 3163 1628 3227 similis.
1651 3164 1805 3248 Denique
1825 3183 1855 3236 25

483 3393 512 3428 ιο
523 3381 646 3445 turbatae]
658 3383 754 3430 turbati
766 3383 817 3432 SG.
915 3393 923 3430 ι
930 3393 942 3444 5
955 3380 1154 3445 siprisirabatutl
1167 3379 1243 3445 ,esth
1255 3379 1413 3448 ,abstrabatur¹
1424 3381 1501 3430 ABC.
1598 3383 1627 3432 18
1639 3385 1778 3453 uturrditia]
1788 3405 1804 3434 a

446 3462 471 3508 in
486 3479 568 3511 rosum
581 3465 623 3520 Ας
642 3465 782 3512 munditiae
802 3465 842 3522 G;
863 3465 966 3513 fortusse
984 3465 1117 3526 legendnm
1136 3464 1278 3512 rtirtnditirs.
1382 3475 1411 3524 19
1428 3465 1523 3531 abyssi]
1539 3467 1651 3516 tenebrae
1670 3470 1752 3532 abyssi
1770 3472 1802 3521 G.

446 3555 477 3590 20
488 3550 560 3609 qliae]
572 3545 619 3607 arti
630 3543 660 3593 C.
677 3546 726 3593 liic
739 3547 808 3593 locus
820 3545 844 3593 in
858 3547 880 3594 A
893 3545 928 3594 sic
940 3556 1070 3610 corruptus
1084 3545 1189 3608 legitur:
1211 3561 1274 3608 qrtae
1287 3543 1378 3592 Iudaei
1388 3550 1529 3602 tacuerunt,
1546 3549 1617 3596 nrrbes
1637 3549 1714 3597 tama
1734 3559 1802 3602 srrnt.

446 3639 476 3674 22
488 3628 658 3692 trousieruut]
669 3644 698 3675 ex
712 3634 845 3676 transeunt
857 3629 877 3677 C
888 3646 895 3686 ;
906 3634 1042 3676 transeunt
1053 3642 1067 3677 2
1080 3643 1112 3675 m.
1124 3627 1149 3675 in
1163 3643 1211 3675 ras.
1226 3628 1248 3674 A
1261 3645 1268 3683 ;
1276 3628 1484 3689 pertransierunt
1496 3629 1528 3677 G.
1630 3643 1660 3693 23
1675 3631 1804 3696 Tonitrus]

447 3706 504 3773 βΒῧ
517 3727 523 3766 ;
535 3711 665 3758 tonitruus
674 3710 736 3768 AG3
749 3710 892 3758 tonitruum
905 3711 934 3759 C.
1037 3721 1067 3773 ²5
1079 3708 1217 3773 crispiacui]
1230 3709 1368 3771 conplacuit
1380 3709 1411 3757 C.

444 3925 447 3930 Δ
486 3903 512 3960 6.
529 3899 706 3981 multisunt]
723 3904 817 3977 Apoc.
838 3919 883 3976 17,
903 3919 947 3977 15.
1152 3902 1204 3961 ista
1230 3920 1287 3959 vox
1316 3902 1556 3980 decurioque
1590 3902 1692 3964 audita
1718 3905 1803 3966 turba

486 3985 512 4040 8.
533 3981 672 4062 Darru‘ni]
692 3986 735 4040 l's.
759 3987 822 4054 148,
840 4003 867 4054 4.
889 4001 914 4059 5.
1153 3982 1292 4042 ‘dicebat
1314 3984 1477 4042 tonitrunm
1501 4003 1567 4044 esse
1592 3985 1703 4045 iactum
1720 3989 1727 4014 '
1743 3987 1801 4062 (Io.

490 4085 520 4121 ιι
540 4084 604 4140 sqq.
625 4061 773 4143 Crateuas]
794 4085 816 4136 r,
836 4085 862 4123 2.
1156 4085 1200 4135 ra,
1219 4069 1263 4122 28.
1284 4063 1342 4142 eq).
1368 4065 1452 4124 idem
1470 4077 1573 4142 peccam
1600 4067 1803 4144 Hieronymus

491 4149 532 4205 16.
549 4167 604 4204 esse
628 4147 801 4221 baptismam
825 4147 886 4206 siue
909 4143 1036 4226 Spiritu]
1053 4146 1098 4207 Ct.
1152 4148 1189 4204 nd
1217 4145 1370 4207 Fabiolam
1397 4146 1529 4207 scribens
1551 4166 1597 4224 ep.
1628 4151 1673 4222 78,
1699 4148 1749 4208 ubi
1765 4150 1804 4209 de

447 4225 572 4287 Hieron.
590 4245 635 4302 ep.
664 4231 711 4302 69,
729 4247 756 4286 n.
780 4229 820 4299 6;
844 4239 948 4287 contra
971 4227 1098 4286 Lucifer.
1153 4227 1247 4303 prima
1264 4225 1443 4287 Mansione:
1460 4230 1574 4304 ‘Quod
1599 4241 1699 4289 autem
1715 4231 1803 4290 verba

446 4328 472 4366 n.
492 4311 508 4364 (ι
525 4329 567 4384 sq.
1153 4308 1252 4367 divina
1268 4321 1297 4368 et
1320 4308 1439 4384 eloquia
1450 4311 1658 4386 scripturarum
1671 4311 1699 4369 in
1720 4310 1803 4370 istius

489 4411 533 4460 ²4·
551 4392 668 4466 quanda
677 4393 758 4450 Deus
770 4391 905 4466 laqrrutus
918 4395 978 4448 est‘
993 4392 1056 4450 Ia'ic
1062 4397 1104 4448 est
1153 4390 1263 4448 saeculi
1274 4402 1301 4450 et
1312 4389 1416 4448 mundi
1427 4401 1491 4450 rota
1500 4393 1647 4451 tonitruus
1657 4394 1804 4469 appellen-

440 4471 525 4544 fitius
535 4469 713 4552 etc.]lmm0
726 4490 823 4546 neque
834 4471 1100 4549 baptismillllattb.
1155 4483 1209 4542 tur,
1227 4471 1378 4546 psalmista
1392 4473 1521 4532 declarat
1537 4472 1641 4532 dicens
1660 4475 1721 4532 Vax
1735 4477 1804 4533 tani·

450 4573 475 4627 3,
497 4553 545 4626 ιγ)
561 4573 661 4630 neque
683 4554 947 4628 transfigurationis
970 4567 1103 4629 tempore
1156 4553 1220 4611 trui
1232 4556 1279 4612 tui
1295 4556 1326 4611 in
1353 4561 1422 4610 rata.
1453 4556 1489 4612 Et
1515 4554 1572 4613 llei
1588 4555 1677 4629 patus
1700 4575 1804 4614 vocem

449 4633 533 4708 (ibid.
554 4653 599 4710 ιγ,
620 4635 660 4712 5),
676 4636 729 4694 sed
743 4644 899 4709 postquam
914 4636 1102 4694 Hierusalem
1158 4636 1186 4692 in
1204 4635 1353 4710 baptismo
1380 4637 1537 4694 Salvatoris
1560 4635 1717 4696 audientes
1732 4636 1806 4697 toui-

449 4715 585 4776 Christus
601 4715 786 4794 triumphans
798 4714 945 4792 ingressus
960 4726 1013 4789 est,
1026 4715 1105 4776 venit
1158 4727 1254 4775 uuum
1271 4727 1447 4794 putaverunt
1463 4719 1477 4778 '.
