4060 5498
548 451 805 514 TRACTATUS
835 449 892 508 DE
923 448 1092 510 PSALMO
1123 451 1189 508 XV.
1519 459 1565 514 21

215 675 306 720 mum
323 656 376 732 sit,
395 654 476 719 nihil
493 651 612 730 debile,
630 652 710 716 nihil
724 651 814 734 quod
839 650 933 714 heres
951 669 1017 713 non
1035 650 1193 731 dignetur
1216 653 1376 734 accipere.
1394 652 1569 737 Siquidem

213 760 246 823 ln
264 760 391 824 sanctis
407 759 476 822 suis
493 759 648 824 Christus
665 757 837 841 gloriatur,
853 764 886 818 et
912 755 1014 818 dicit:
1037 755 1171 819 Etenim
1197 756 1367 820 hereditas
1386 779 1460 821 mea
1477 779 1571 840 prae·

213 865 303 928 clara
319 873 371 928 est
388 863 478 927 mihi.
495 861 557 927 Vis
569 863 653 926 scire
669 863 759 946 quod
777 860 946 944 praeclara
962 859 1129 924 hereditas
1144 859 1240 924 luerit
1255 856 1465 926 Salvatoris?
1482 859 1570 924 Con-

213 968 323 1031 sidera
356 969 502 1044 Petrum,
533 985 630 1029 cerne
659 965 814 1042 Paulum,
840 983 957 1028 omnes
982 961 1155 1045 apostolos
1178 973 1212 1027 et
1235 970 1380 1038 sanctos,
1403 961 1568 1043 siquidem

180 1084 195 1138 5
214 1072 369 1134 universo
379 1069 460 1134 orbe
472 1069 693 1146 crediderunt,
703 1068 872 1132 etvidebis
882 1065 1573 1148 hereditatemChristi,atquepraeclaram.

219 1177 280 1240 Pro
296 1196 362 1258 quo
378 1177 615 1256 interpretatus
631 1182 682 1236 est
696 1173 821 1255 Aquila
833 1177 858 1236 :‘
874 1172 1008 1235 Etenim
1022 1170 1189 1234 hereditas
1204 1190 1278 1234 mea
1294 1169 1570 1254 [speciosissima]

215 1289 266 1344 est
292 1280 402 1345 mihi'.
437 1279 488 1343 Ut
519 1279 562 1342 sit
592 1276 674 1341 illud
706 1277 796 1359 quod
828 1278 860 1339 in
894 1275 1037 1342 Cantico
1066 1276 1207 1340 dicitur:
1230 1275 1338 1338 ‘Tota
1358 1294 1394 1337 es
1419 1275 1570 1356 speciosa

216 1405 300 1462 mea,
316 1394 348 1449 et
362 1383 492 1448 macula
509 1401 573 1446 non
592 1382 692 1445 estin
712 1393 744 1446 te
755 1381 772 1445 '.
789 1380 835 1444 Et
863 1382 1003 1443 iterum:
1030 1379 1140 1442 ‘Ecce
1168 1379 1314 1444 formosa
1342 1397 1386 1455 es,
1415 1378 1570 1460 proxima

215 1507 300 1565 mea,
315 1507 392 1550 ecce
419 1485 573 1563 formosa,
589 1484 676 1549 oculi
695 1485 743 1549 tui
759 1483 964 1549 columbae.'
983 1482 1050 1564 Qui
1067 1482 1205 1566 pulcher
1221 1493 1254 1548 et
1272 1483 1367 1548 fortis
1384 1503 1429 1561 es,
1445 1494 1477 1548 et
1493 1503 1569 1547 cum

166 1609 197 1646 10
215 1591 333 1654 similis
357 1591 445 1654 illius
462 1590 563 1654 iueris
580 1592 623 1655 de
645 1611 713 1674 quo
738 1592 869 1654 canitur
895 1589 1169 1655 ‘Pulchritudine
1194 1600 1253 1655 tua
1276 1599 1310 1654 et
1336 1590 1457 1654 decore
1482 1601 1541 1655 tuo
1555 1593 1571 1666 ’,

215 1697 330 1760 audies
346 1696 389 1760 ab
404 1715 550 1778 sponso:
567 1699 574 1727 ¹
590 1694 797 1760 Obliviscere
815 1694 975 1776 populum
999 1703 1094 1758 tuum
1120 1706 1154 1759 et
1178 1695 1317 1759 domum
1336 1695 1441 1782 patris
1462 1697 1520 1772 tui,
1537 1704 1570 1759 et

214 1800 428 1880 concupiscet
446 1819 505 1862 rex
522 1801 677 1863 decorem
695 1809 790 1864 tuum
804 1799 821 1864 ’.

257 1901 449 1966 Bennlicarn
456 1903 638 1967 Dominum
647 1903 706 1985 qni
717 1901 803 1966 milri
809 1902 927 1965 tribuit
939 1903 1096 1966 intellectu
1101 1923 1146 1966 m:
1156 1903 1290 1985 insuper
1296 1915 1328 1967 et
1339 1925 1437 1986 usque
1445 1905 1494 1966 ad
1500 1925 1568 1966 noc·

214 2016 277 2069 tem
290 2006 537 2088 increpaverunt
548 2028 598 2070 me
607 2027 697 2070 renes
708 2007 779 2072 mei.
794 2006 855 2070 llle
866 2007 923 2088 qui
937 2006 1023 2069 inira
1036 2006 1182 2088 loquitur
1192 2007 1289 2072 ‘Caro
1301 2028 1374 2072 mea
1386 2009 1571 2091 requiescet

164 2126 195 2180 ts
213 2111 246 2172 in
260 2129 328 2192 spe,
340 2112 499 2194 quoniam
512 2131 578 2174 non
592 2109 804 2192 derelinques
816 2110 965 2172 animam
980 2129 1090 2174 meam
1102 2110 1135 2174 in
1147 2109 1287 2189 inferno,
1301 2113 1463 2176 necdabis
1477 2132 1571 2175 sanc-

213 2223 393 2279 tumtunm
405 2215 518 2279 videre
530 2215 793 2296 corruptionem'
807 2223 1033 2277 consentanee
1045 2233 1133 2277 nunc
1147 2233 1279 2297 quoque
1290 2216 1350 2280 ait:
1366 2215 1569 2280 Benedicam

216 2320 399 2383 Dominum
417 2321 473 2401 qui
491 2319 572 2382 mihi
591 2319 706 2383 tribuit
725 2317 944 2393 intellectum,
968 2318 1103 2400 insuper
1118 2327 1152 2381 et
1168 2337 1275 2402 usque
1301 2320 1343 2383 ad
1370 2328 1504 2384 noctem
1524 2320 1572 2383 in-

212 2433 432 2504 crepaverunt
450 2443 502 2486 me
520 2445 613 2488 renes
630 2426 703 2489 mei.
722 2423 789 2507 Qui
802 2425 890 2488 enim
905 2425 1070 2506 sapientia
1081 2434 1141 2502 est,
1156 2425 1329 2506 quomodo
1341 2427 1462 2508 accipit
1475 2426 1570 2490 intel-

214 2527 337 2591 lectum
354 2531 368 2589 i
385 2527 453 2592 Sed
470 2530 549 2611 quia
565 2529 676 2594 ‘Iesus
693 2527 889 2612 proficiebat
905 2537 1017 2592 aetate
1034 2537 1067 2593 et
1084 2529 1250 2610 sapientia
1266 2539 1300 2595 et
1326 2532 1434 2613 gratia
1458 2552 1571 2595 coram

161 2649 197 2687 ιο
215 2631 290 2694 Deo
306 2641 339 2695 et
362 2632 581 2710 hominibus’,
606 2653 672 2698 non
701 2642 771 2697 tam
798 2653 818 2697 a
835 2634 934 2697 Patre
952 2631 1056 2696 Filius
1072 2653 1174 2715 quam
1196 2634 1300 2699 homo
1314 2656 1335 2699 a
1347 2656 1408 2699 sua
1421 2637 1571 2722 eruditus

212 2745 264 2801 est
281 2736 467 2802 divinitate.
486 2737 587 2802 Unde
603 2745 636 2802 et
652 2737 695 2801 de
711 2759 752 2802 eo
769 2739 826 2820 qui
842 2735 1012 2800 deradice
1038 2736 1129 2800 Iesse
1153 2737 1263 2802 floruit
1288 2740 1473 2822 prophetae
1488 2741 1571 2804 vati-

249 2939 401 3004 tdr'gnetar]
411 2939 509 2989 debetO
521 2939 590 3004 prius
603 2939 629 2988 in
642 2947 720 2989 textu.
822 2950 837 3000 3
853 2937 921 3002 quod
931 2939 1075 3001 praeclara]
1091 2937 1166 2988 codd.
1185 2937 1258 2988 iacile
1276 2955 1323 3003 pro
1339 2955 1416 3004 quam
1428 2942 1570 3005 praeclara.

213 3035 226 3089 5
239 3021 324 3088 atque]
337 3025 365 3072 M
375 3042 382 3083 ;
394 3040 445 3072 om.
461 3022 517 3074 OV.
618 3018 834 3088 nspectosisstma]
848 3022 924 3070 Hanc
936 3036 1024 3070 vocem
1036 3029 1079 3070 aut
1091 3029 1158 3072 certe
1170 3020 1246 3071 aliam
1258 3021 1371 3072 eiusdem
1388 3021 1573 3086 significantiae

212 3105 394 3156 restituendam
406 3114 467 3170 puto
479 3105 548 3157 iuxta
562 3104 669 3156 Hieron.
683 3105 710 3154 in
724 3105 801 3154 Psalt.
814 3104 885 3154 hebr.
901 3103 944 3153 ubi
962 3104 1070 3169 Aquilae
1086 3103 1201 3169 vestigiis
1218 3105 1327 3169 pressius
1343 3106 1474 3157 inhaerete
1490 3108 1554 3158 solet
1566 3127 1573 3166 ς

208 3189 341 3253 praeclara
353 3187 429 3239 codd.
445 3188 574 3239 mendose.
668 3186 683 3235 8
696 3183 759 3245 mea]
771 3185 859 3245 codd„
873 3185 978 3236 tortasse
990 3203 1036 3251 pro
1040 3187 1161 3251 proxima
1170 3203 1233 3247 mea,
1243 3195 1270 3236 ut
1279 3188 1305 3238 in
1314 3189 1432 3253 exemplo
1440 3190 1572 3254 sequenti;

210 3275 347 3340 utrobique
357 3275 384 3325 in
396 3291 488 3340 graeco
499 3276 591 3341 legitur
602 3271 713 3338 πλησίον
727 3291 787 3338 μου.
878 3290 929 3324 non
939 3273 986 3334 est]
995 3283 1033 3325 est
1042 3277 1125 3342 suppl.
1140 3291 1195 3340 sup.
1210 3275 1254 3325 lin.
1271 3276 1307 3323 M.
1414 3285 1429 3334 9
1440 3274 1574 3336 columbae]

210 3359 319 3408 columbi
324 3357 355 3408 V.
445 3375 477 3418 es,
487 3367 512 3408 et
519 3354 586 3416 cnm]
594 3375 626 3417 es,
636 3357 785 3421 rteregione
793 3356 840 3420 qui
839 3353 919 3418 sortis
926 3362 950 3404 rt
954 3357 1062 3428 pulcher
1069 3373 1101 3417 es,
1113 3363 1135 3406 et
1144 3373 1199 3405 cum
1211 3357 1238 3405 M
1250 3362 1395 3416 nitelinam
1404 3355 1437 3412 Ο,
1449 3363 1536 3404 mutat.
1548 3355 1573 3404 in

208 3457 302 3492 escum
314 3458 322 3500 3
332 3447 394 3490 esset
404 3441 435 3500 V,
449 3458 500 3492 om.
514 3460 579 3494 cnm.
678 3455 708 3494 10
718 3450 742 3492 et
751 3438 842 3500 decore]
855 3442 883 3490 M
895 3457 945 3491 orn.
960 3449 990 3492 et.
1085 3455 1111 3492 11
1125 3437 1224 3497 audies]
1235 3442 1258 3486 V
1269 3459 1277 3499 ς
1289 3457 1354 3492 corr.
1368 3457 1398 3489 ex
1410 3441 1497 3489 audiet
1509 3440 1571 3490 ΜΟ.

209 3519 296 3580 luunt]
309 3523 336 3570 M
347 3540 355 3582 ;
367 3539 417 3573 om.
432 3523 489 3573 OV.
577 3538 605 3574 12
617 3521 852 3589 coucupiscetl-isrit
862 3523 937 3572 codd.
1025 3537 1054 3585 14
1065 3523 1272 3590 increpaverunt]
1284 3523 1326 3573 hic
1337 3523 1415 3572 semel
1427 3529 1452 3572 et
1464 3521 1553 3572 iterum
1567 3539 1573 3578 ς

210 3603 275 3654 inira
285 3621 345 3654 vero
353 3611 379 3656 et
388 3605 414 3654 in
423 3605 631 3658 Commentariol.
644 3608 684 3668 26,
690 3621 722 3660 20
729 3608 890 3668 erudierunt,
904 3605 964 3656 item
978 3607 1085 3658 Hieron.
1100 3624 1140 3672 ep.
1154 3621 1208 3672 133,
1218 3624 1243 3658 n.
1256 3622 1279 3673 3.
1363 3602 1577 3670 rran'escet]·esrit

210 3687 268 3736 OV.
370 3699 397 3736 21
411 3689 440 3737 dr
451 3688 545 3749 radice]
555 3691 584 3740 de
594 3691 678 3756 suppl.
692 3707 747 3755 sup.
763 3689 807 3739 lin.
824 3689 861 3740 Μ.
952 3687 1059 3753 floruit]
1071 3689 1118 3740 OV
1129 3691 1262 3756 3floritur,
1276 3697 1364 3740 mutat.
1378 3689 1404 3738 in
1406 3689 1486 3754 floret
1497 3689 1533 3737 M.

254 3873 281 3930 8.
298 3871 330 3930 in
341 3868 380 3952 te]
393 3873 480 3934 Cant.
499 3893 525 3946 4,
544 3893 569 3947 7.
960 3891 980 3930 a
994 3892 1049 3932 sua
1063 3875 1196 3932 eruditus
1210 3880 1252 3933 cst
1263 3869 1433 3952 diurnitate]
1445 3872 1573 3934 Hieron.

255 3973 281 4029 9.
299 3951 455 4034 columbae]
468 3956 557 4017 Cant.
578 3976 601 4027 r,
619 3972 662 4031 15.
920 3953 991 4014 ibid.
1010 3956 1027 4014 l.
1047 3975 1083 4013 aa
1102 3953 1255 4015 ‘interiori
1272 3954 1408 4016 eruditus
1432 3965 1476 4014 est
1502 3953 1573 4015 divi·

258 4054 301 4093 ιο.
318 4029 380 4114 tuo]
404 4037 451 4095 Ps.
470 4057 517 4110 44,
536 4055 562 4113 5.
921 4033 1013 4095 nitate
1026 4037 1177 4097 humanae
1187 4056 1249 4096 non
1261 4037 1383 4098 credere
1396 4034 1545 4112 fragilitati
1558 4040 1572 4096 '.

258 4135 302 4175 12.
320 4113 416 4196 tuum]
433 4117 511 4178 lbid.
533 4139 566 4177 rr
585 4137 630 4193 sq.
922 4119 960 4176 Et
972 4117 1063 4176 habes
1076 4118 1125 4177 hic
1137 4119 1228 4196 paulo
1240 4131 1307 4195 post
1318 4116 1391 4196 (pag
1414 4138 1460 4194 23.
1474 4117 1490 4176 l.
1509 4119 1573 4195 12):

257 4217 301 4256 20.
316 4196 490 4282 hominibus]
521 4203 591 4261 Luc.
618 4221 643 4270 2,
676 4215 721 4274 52.
751 4232 789 4241 —
820 4198 866 4259 Ci.
922 4198 1102 4262 ‘interiorem
1118 4200 1284 4260 divinitatis
1305 4199 1482 4278 sapientiam
1508 4219 1573 4278 pos·

213 4279 462 4340 Commentariol.
481 4283 569 4341 huius
584 4300 628 4358 ps.
647 4299 674 4356 p.
688 4283 736 4354 26,
755 4297 789 4354 17
801 4297 866 4356 sqq.
920 4279 1080 4357 sidentem,
1097 4301 1255 4360 perquam
1278 4284 1405 4343 edoctus
1427 4301 1495 4340 sum
1520 4281 1570 4341 im·

215 4360 300 4435 ‘Qui
327 4361 474 4438 sapientia
502 4365 559 4424 Dei
585 4374 640 4437 est,
665 4381 725 4424 non
753 4359 867 4438 indiget
922 4362 1571 4440 minentepassioneterrorecrucishumanae

213 4443 280 4518 ipsa
305 4442 469 4519 sapientia;
505 4446 558 4526 sed
588 4445 756 4505 secundum
792 4442 865 4502 illud
920 4444 1068 4520 fragilitati
1081 4465 1140 4506 non
1157 4447 1289 4507 cedere'.
1307 4448 1411 4506 Cedere
1423 4445 1570 4516 hocloco,

212 4523 428 4598 accipiendum
459 4537 513 4596 est,
548 4527 633 4603 quod
654 4525 684 4584 in
710 4526 867 4600 euangelio
920 4526 1572 4604 nonrredrre:undeplusponderisaccedit

212 4604 334 4668 dicitur:
350 4607 708 4682 Icsnsprnfin'ebataetatc
721 4608 866 4690 sapientiis
919 4607 1146 4682 lectioniquam
1158 4608 1365 4688 primigeniam
1384 4610 1455 4669 duxi
1469 4607 1498 4666 in
1509 4609 1572 4686 Spi-

139 4739 143 4746 .
211 4693 242 4746 et
251 4689 354 4762 gratia
366 4707 462 4748 coram
478 4691 543 4750 Deo
556 4698 584 4749 et
596 4690 760 4752 horninibus
770 4691 782 4747 ’.
811 4711 814 4716 ·
919 4690 1382 4754 naliensicommentariolorum
1398 4690 1569 4768 exemplati.
