4112 5496
422 427 449 508 4
874 425 1029 488 sonem
1060 426 1313 487 morionum
1752 427 1775 512 [ι

421 642 618 752 gentium
660 667 746 724 non
787 641 1054 725 conveniant.
1099 642 1167 724 Et
1200 644 1246 725 in
1280 645 1354 726 vio
1381 649 1659 754 peccatorum
1694 675 1775 730 non

420 782 556 864 stem.
585 780 685 861 Non
708 777 828 880 dixit,
855 779 914 862 Et
947 780 990 862 in
1020 780 1091 862 via
1112 793 1381 891 peccatorum
1404 810 1490 864 non
1511 783 1772 868 ambulavit:

422 921 501 1004 hoc
522 921 682 1031 quippe
703 919 957 1030 inpossibile
977 933 1054 1021 est,
1092 918 1194 1028 quia
1215 919 1363 1001 nullus
1392 920 1556 1030 absque
1591 933 1772 1031 peccato,

422 1088 474 1143 ne
510 1061 545 1142 si
583 1057 911 1170 uniusquidem
934 1058 1062 1140 horae
1084 1057 1320 1140 fueritvita
1341 1059 1460 1141 eius:
1483 1060 1651 1142 nullum
1683 1061 1775 1143 sine

421 1211 593 1310 peccato
613 1197 742 1280 dicit:
767 1197 854 1296 sed,
880 1199 930 1278 In
952 1197 1022 1279 via
1043 1207 1310 1306 peccatorum
1334 1223 1419 1278 non
1443 1198 1573 1297 stetit,
1597 1197 1676 1279 hoc
1696 1210 1772 1296 est,
1810 1233 1824 1286 s

421 1337 493 1448 qui
518 1363 603 1418 non
626 1334 913 1446 perseuerauit
936 1336 978 1416 in
1001 1333 1168 1433 delict0,
1201 1331 1276 1416 sed
1299 1360 1372 1443 per
1393 1334 1698 1444 paenitentiam
1720 1335 1773 1417 ad

422 1475 600 1558 meliora
618 1499 852 1556 conversus
873 1484 949 1554 est.
973 1473 1042 1554 Et
1063 1473 1108 1553 in
1139 1471 1350 1553 cathedra
1368 1472 1671 1581 pestilentium
1692 1499 1773 1556 non

419 1613 542 1696 sedit.
581 1613 665 1695 Pro
693 1609 1007 1722 pestilentibus,
1046 1609 1089 1690 in
1123 1607 1305 1691 hebraeo
1329 1617 1336 1648 ‘
1360 1609 1581 1692 delusores
1604 1611 1611 1638 ’
1633 1609 1770 1710 habet,

420 1751 536 1862 quod
559 1749 718 1832 scilicet
745 1774 896 1830 omnes
918 1747 1154 1857 discipulos
1176 1773 1401 1856 perversus
1422 1745 1571 1830 doctor
1593 1747 1770 1830 inludat.

422 1885 552 1971 Unde
573 1898 614 1968 et
639 1885 914 1968 Hieremias:
939 1889 947 1919 ‘
973 1884 1073 1966 Non
1096 1885 1199 1986 sedi,
1236 1886 1308 1984 ait,
1348 1887 1390 1968 in
1413 1886 1594 1969 concilio
1625 1885 1772 1970 luden-
1794 1923 1825 1960 ιο

421 2026 530 2107 tium
554 2026 573 2106 ’.
608 2024 699 2107 Sed
725 2024 770 2105 in
805 2024 896 2132 lege
929 2020 1113 2106 Domini
1145 2024 1347 2105 voluntas
1366 2025 1468 2105 eins.
1494 2023 1655 2112 Tribus
1686 2023 1773 2105 duo

421 2160 615 2244 rettulit:
650 2172 698 2242 ut
731 2159 884 2242 habeat
916 2159 1197 2261 voluntatem,
1235 2173 1283 2243 ut
1316 2161 1527 2244 voluntati
1561 2163 1713 2272 iungat
1732 2172 1773 2243 et

393 2276 629 2381 studium.
670 2298 740 2379 Et
778 2299 824 2380 in
863 2299 953 2406 lege
991 2296 1083 2380 eins
1121 2297 1409 2382 meditabitur
1445 2300 1514 2382 die
1552 2326 1604 2381 ac
1641 2304 1769 2383 nocte.

424 2435 654 2520 Meditatio
675 2435 783 2547 legis
806 2434 889 2520 Dei
902 2445 979 2535 est,
999 2462 1085 2518 non
1104 2436 1245 2519 solum
1261 2437 1303 2519 in
1327 2437 1519 2549 legendis
1536 2437 1771 2548 scripturis,

421 2576 497 2675 sed
531 2574 660 2657 etiam
695 2575 738 2655 in
769 2573 836 2656 his
857 2600 967 2682 quae
988 2573 1146 2684 scripta
1167 2589 1269 2657 sunt
1291 2574 1604 2686 perpetrandis..
1624 2575 1772 2660 Iustus
1796 2611 1826 2664 ιε

422 2714 555 2826 igitur
583 2714 674 2796 sive
696 2712 938 2813 manducat,
963 2711 1054 2795 sive
1075 2711 1195 2812 bibit,
1219 2713 1310 2795 sive
1332 2713 1503 2811 dormit,
1534 2715 1578 2799 in
1601 2715 1797 2798 nomine.

425 2853 603 2936 Domini
625 2853 772 2936 omnia
794 2853 964 2951 faciens
982 2852 1213 2936 meditatur
1229 2851 1366 2963 legem
1380 2853 1474 2935 eius
1490 2853 1560 2936 die
1571 2882 1623 2936 ac
1639 2867 1770 2938 noete.

423 2993 491 3074 Et
528 2991 616 3073 erit
654 2997 880 3100 toonqnam
919 2992 1088 3100 lignum
1127 2991 1245 3099 qnod
1261 2992 1520 3100 plantatum
1560 2998 1633 3076 est.
1658 3019 1776 3075 secus

422 3131 627 3214 decursus
665 3156 894 3242 aquarum.
939 3131 1023 3212 Pro
1065 3128 1269 3238 plantam,
1316 3137 1323 3167 ‘
1365 3129 1724 3238 transplantatum
1767 3131 1774 3159 ’

420 3269 581 3379 Aquila
602 3269 831 3352 transtulit„
860 3268 1049 3379 Lignum
1072 3279 1228 3367 autem,
1261 3266 1327 3347 cui
1358 3267 1425 3348 vir
1450 3267 1601 3351 beatus
1621 3295 1776 3378 conpa-
1795 3305 1830 3341 20

422 3419 549 3506 ratur,
588 3407 841 3517 sapientiam
876 3419 991 3516 puto,
1029 3406 1082 3487 de
1117 3414 1276 3516 quaet
1312 3404 1519 3488 Salomon
1557 3408 1772 3519 loquitur;

456 3588 768 3648 lnonconvenioniEC;
803 3584 1107 3653 nonconveniuntAMll.
1184 3583 1252 3644 4ne]
1265 3583 1360 3641 EAM;
1379 3571 1428 3632 om'.
1444 3584 1465 3633 C
1477 3603 1484 3643 ;
1519 3601 1561 3633 nec
1574 3583 1597 3652 β.
1674 3587 1776 3636 nullum

420 3683 439 3716 s.
449 3673 476 3734 p.
492 3668 563 3728 dicit]
575 3683 625 3718 orn.
640 3668 661 3718 C
673 3686 680 3727 ;
698 3685 763 3733 quae
781 3670 858 3718 verba
877 3669 902 3716 in
916 3667 1017 3732 reliquis
1028 3668 1102 3718 codd.
1116 3683 1146 3716 ex
1159 3666 1271 3730 margine
1282 3667 1307 3713 in
1321 3673 1415 3715 textum
1428 3667 1554 3731 irrepsisse
1572 3667 1638 3717 baud
1652 3668 1777 3719 immerito

420 3749 538 3799 conicias.
641 3761 655 3812 7
671 3752 854 3814 pestilentium]
866 3751 1025 3800 scribendum
1034 3766 1087 3800 esse
1096 3749 1155 3798 duxi
1165 3749 1234 3797 iuxta
1244 3748 1315 3796 Lxx
1324 3746 1447 3810 (imprimi
1454 3757 1478 3798 et
1491 3749 1571 3814 ipsum
1584 3750 1774 3816 Hieronymum,

421 3832 520 3880 Comm.
535 3832 561 3880 in
571 3831 616 3882 Os.
629 3843 652 3892 7,
665 3843 741 3897 ssq.;
770 3833 928 3898 pestilentiae
937 3830 1066 3899 Enmcp.
1145 3827 1369 3895 uramentum
1403 3830 1508 3880 latretur
1518 3833 1547 3882 C.
1628 3834 1776 3895 roconcilio]

421 3912 522 3960 oonsilio
535 3911 584 3979 Εβ.
682 3926 711 3962 12
724 3915 833 3976 rettulit]
846 3915 885 3973 E;
918 3912 1122 3981 retulitCAMli.
1222 3925 1249 3972 14
1263 3911 1468 3972 Doilrlllhorn.
1484 3912 1555 3980 nce.
1657 3919 1776 3980 rsporpe'·

421 3994 531 4055 lrorrdis]
552 3995 652 4045 EAMC
664 4014 671 4055 ;
697 3997 815 4061 faciendo
828 3994 852 4064 β.
956 4007 986 4056 19
999 3997 1047 4045 Pro
1061 3996 1188 4061 plantato]
1205 3995 1299 4050 EAM;
1329 4001 1377 4058 pro
1394 3996 1539 4058 plantatum
1552 3996 1599 4064 Cli.
1701 4011 1729 4048 21
1743 3999 1777 4060 el]

423 4073 519 4143 ΕΑΜβ
532 4094 538 4135 ;
551 4093 600 4128 orn.
616 4077 646 4127 C.
747 4079 874 4140 Salomon]
887 4079 1005 4127 Solamen
1018 4079 1048 4127 E.
1362 4107 1363 4110 =

464 4229 491 4281 4.
515 4231 549 4269 ne
576 4213 605 4270 si
632 4213 719 4272 norim
748 4213 860 4287 quidem
889 4214 976 4274 home
1004 4209 1074 4291 ete]
1127 4213 1198 4274 crin
1212 4213 1270 4286 Iege
1284 4213 1343 4270 eins
1369 4211 1557 4270 meditabitur
1580 4212 1624 4270 die
1638 4231 1673 4270 oo
1693 4221 1776 4283 nocte,
1818 4237 1822 4244 ·

424 4293 511 4351 Conl.
531 4294 587 4352 lob
602 4292 682 4353 iuxta
697 4295 789 4367 LXX,
806 4313 830 4352 c.
851 4315 895 4366 14,
912 4313 938 4354 v.
955 4311 1013 4370 4·5.
1128 4291 1352 4352 meditationem
1380 4293 1451 4369 legis
1474 4311 1533 4351 non
1550 4291 1579 4359 in
1605 4293 1777 4369 replicando

468 4393 513 4432 ιο.
537 4371 714 4454 Hieremias]
735 4392 777 4451 ις,
798 4394 842 4450 17.
1128 4392 1205 4451 quae
1226 4375 1334 4449 scripta
1359 4387 1436 4445 sunt,
1461 4385 1492 4434 ut
1515 4374 1694 4433 ludaeorum
1720 4373 1777 4434 exi-

469 4474 511 4526 14.
536 4474 593 4515 non
614 4459 706 4516 solnm
721 4457 752 4516 in
767 4457 889 4532 legendis
913 4454 1076 4536 scripturn]
1129 4455 1249 4514 stimant
1266 4453 1424 4528 Pharisaei,
1447 4455 1500 4514 sed
1516 4453 1651 4531 inopere
1666 4453 1777 4522 intelle-

426 4533 551 4596 Hieron.
573 4537 657 4613 epist.
679 4556 743 4613 127,
767 4558 795 4602 n.
813 4559 831 4611 4
849 4563 855 4598 :
872 4539 1076 4614 ‘Semperque
1128 4554 1208 4613 gens,
1225 4536 1304 4596 iuxta
1319 4535 1395 4600 illud¹
1407 4534 1625 4612 apostolicum:
1642 4535 1710 4602 Sive
1728 4554 1776 4596 co-

425 4616 564 4677 cantabat
580 4619 788 4696 (Marcellal...
806 4620 881 4682 illud
895 4621 934 4679 de
946 4621 1076 4694 perlecto
1128 4616 1256 4684 mediiis.
1286 4617 1347 4676 sive
1373 4616 1482 4690 bibitis,
1499 4616 1559 4676 sive
1582 4616 1655 4693 quid
1680 4616 1773 4692 agitis,

425 4694 488 4756 viro
501 4719 507 4756 ι
522 4699 569 4757 Et
580 4700 612 4758 in
636 4702 693 4779 lege
707 4703 834 4762 Domini
856 4703 990 4761 noluntas
1007 4702 1074 4774 eins,
1128 4697 1229 4758 onmia
1257 4697 1286 4782 in
1302 4699 1424 4778 gloriam
1451 4697 1575 4758 Domini
1600 4698 1741 4766 iacientes
1754 4701 1771 4763 ἶ.
