4092 5502
565 419 820 484 succursus
843 421 889 482 1u
913 421 1043 484 usuc.
1066 421 1175 495 uun,
1202 438 1256 498 1·7.
1503 421 1589 506 351¹

232 635 332 720 legas,
346 636 410 701 hoc
426 646 476 702 est
494 637 640 716 Heliam,
655 646 688 704 et
704 658 771 704 non
787 638 863 703 illos
886 637 1065 723 intellegas
1082 639 1115 703 in
1132 638 1265 722 Xpisto,
1280 647 1313 703 et
1330 657 1396 702 non
1413 639 1588 724 intellegas

232 741 401 822 quomodo
419 741 555 824 Moyses
571 740 716 825 loquitur
726 762 801 808 cum
821 742 905 821 Iesu,
921 743 1092 826 quomodo
1109 743 1227 808 Helias
1242 742 1391 827 loquitur
1406 765 1481 808 cum
1501 745 1588 824 Iesu,

232 845 291 910 sed
307 845 482 927 intellegas
499 835 728 929 Moysen‘sine
747 847 831 920 lesu,
846 856 880 911 et
898 847 1033 912 Heliam
1050 848 1122 912 sine
1141 849 1225 926 lesu,
1241 857 1274 913 et
1290 850 1463 931 quomodo
1479 850 1509 914 ei
1520 869 1587 914 non

233 949 434 1016 adnuntiant
450 948 639 1034 passionem
656 973 663 1014 :
678 969 739 1016 nee
764 951 797 1014 in
824 960 973 1016 montem
998 952 1228 1018 conscendunt
1246 953 1382 1037 Moyses
1398 962 1431 1017 et
1461 952 1589 1031 Helias,

202 1067 217 1122 5
235 1073 295 1118 nec
311 1053 436 1118 habent
451 1053 595 1118 candida
610 1055 818 1132 vestimenta,
845 1055 903 1118 sed
920 1063 991 1121 tota
1008 1053 1143 1119 sordida
1168 1066 1256 1122 sunt.
1272 1055 1308 1121 Si
1325 1057 1414 1120 enim
1444 1057 1588 1122 litteram

235 1160 364 1226 iudaice
379 1161 536 1243 sequaris,
562 1159 642 1244 quid
668 1158 729 1223 tibi
745 1159 880 1242 prodest
906 1159 1015 1244 legere
1038 1161 1127 1243 quod
1145 1159 1247 1224 ludas
1274 1160 1489 1234 concubuerit
1513 1181 1589 1227 cum

237 1263 384 1328 Thamar
400 1283 484 1328 nuru
499 1267 582 1328 sua?
606 1262 685 1347 quid
714 1262 773 1327 tibi
790 1265 935 1348 prodest,
958 1265 1048 1350 quod
1073 1263 1147 1328 Noe
1163 1263 1345 1328 inebriatus
1358 1274 1410 1329 est
1424 1275 1459 1329 et
1485 1267 1589 1330 denu-

236 1369 334 1435 datus
349 1374 426 1434 est?
449 1367 529 1451 quid
558 1367 618 1432 tibi
635 1369 779 1450 prodest,
804 1369 883 1452 quia
910 1368 1010 1434 Onan
1027 1368 1113 1436 filius
1130 1369 1234 1434 Iudae
1251 1367 1327 1433 iecit
1344 1388 1412 1432 rem
1441 1370 1590 1453 turpissi-

238 1490 335 1549 mam,
361 1490 461 1555 quam
487 1472 595 1535 dicere
622 1470 801 1536 erubesco:
828 1472 918 1556 quid,
950 1473 1095 1556 inquam,
1120 1473 1180 1539 tibi
1205 1472 1367 1555 prodest?
1392 1471 1450 1538 Sin
1477 1482 1589 1537 autem

191 1593 221 1630 10
237 1575 428 1658 spiritaliter
439 1574 623 1659 intellegas,
639 1575 730 1642 vides
740 1576 911 1660 quomodo
924 1576 1122 1642 vestimenta
1137 1578 1272 1642 sordida
1289 1579 1401 1661 Moysi
1417 1587 1591 1643 vertuntur

237 1681 270 1745 in
295 1681 462 1746 candida?
491 1680 606 1744 Petrus
632 1679 732 1762 igitur
759 1689 792 1746 et
819 1680 961 1746 lacobus
987 1690 1021 1746 et
1038 1682 1214 1760 Iohannes,
1237 1681 1381 1763 quisine
1408 1681 1482 1746 lesu
1510 1691 1590 1746 ante

238 1783 380 1870 Moysen
397 1791 431 1848 et
450 1783 585 1850 Heliam
613 1784 775 1862 viderant,
790 1785 867 1870 quia
895 1785 1048 1856 viderunt
1064 1784 1138 1848 illos
1154 1803 1230 1849 cum
1248 1785 1324 1850 lesu
1340 1785 1590 1870 conloquentes,

238 1897 271 1952 et
295 1888 417 1956 habere
443 1889 641 1954 vestimenta
664 1889 817 1966 candida,
844 1889 959 1956 vident
974 1909 1011 1953 se
1032 1902 1104 1954 esse
1120 1889 1152 1954 in
1182 1897 1304 1953 monte.
1330 1888 1417 1964 Vere
1438 1890 1528 1955 enim
1556 1889 1589 1956 in

236 2003 353 2070 monte
366 1993 589 2072 consistimus,
611 1993 750 2077 quando
764 1993 955 2076 spiritaliter
985 1991 1217 2076 intellegimus.
1234 1992 1270 2058 Si
1288 1992 1363 2076 lego
1380 1991 1548 2070 Genesim,
1564 1993 1591 2058 si

192 2112 221 2167 ¹5
238 2097 314 2181 lego
342 2098 511 2176 Exodum,
535 2098 562 2162 si
580 2097 776 2175 Leviticum,
793 2098 819 2162 si
846 2098 1023 2174 Numeros,
1049 2097 1077 2160 si
1095 2097 1407 2175 Deuteronomium,
1430 2095 1592 2180 quamdiu

238 2201 414 2266 carnaliter
430 2200 514 2284 lego,
532 2202 687 2278 deorsum
715 2201 796 2264 mihi
813 2220 884 2265 esse
906 2201 1043 2268 videor:
1059 2200 1086 2263 si
1102 2199 1294 2284 spiritaliter
1317 2201 1526 2278 intellexero,
1548 2201 1592 2264 ad

240 2316 400 2372 montana
412 2307 610 2372 conscendo.
626 2305 732 2370 Vides
747 2325 828 2388 ergo
843 2305 1014 2388 quomodo
1033 2305 1150 2368 Petrus
1165 2314 1198 2368 et
1217 2305 1358 2371 lacobus
1373 2314 1407 2369 et
1425 2303 1593 2370 lohannes

239 2411 390 2477 videntes
415 2431 451 2476 se
466 2431 539 2475 esse
565 2410 598 2474 in
626 2418 750 2488 monte,
777 2408 841 2473 hoc
857 2419 907 2473 est
934 2410 966 2472 in
984 2407 1212 2491 intellegentia
1228 2409 1376 2493 spiritali,
1391 2408 1532 2474 humilia
1558 2416 1592 2473 et

240 2515 388 2581 humana
413 2523 642 2594 contemnunt,
667 2512 802 2578 excelsa
829 2524 862 2577 et
877 2513 991 2578 divina
1021 2512 1233 2579 desiderant:
1258 2513 1376 2579 nolunt
1401 2514 1444 2580 ad
1470 2522 1591 2578 terram

191 2639 224 2676 ω
242 2621 452 2700 descendere,
467 2621 525 2686 sed
543 2621 606 2685 toti
622 2620 655 2684 in
673 2617 877 2702 spiritalibus
895 2617 1060 2684 inmorari.

284 2721 334 2792 Et
353 2723 543 2806 respondens
562 2722 613 2788 ait
633 2722 754 2788 Petrrrs
776 2721 850 2784 Iesu
861 2744 873 2784 .·
893 2718 1002 2786 Rabbi
1024 2720 1140 2785 bonum
1161 2729 1209 2785 est
1232 2742 1289 2786 nos
1309 2719 1362 2786 ln'c
1381 2741 1454 2796 esse.
1469 2720 1513 2785 Et
1529 2739 1592 2803 ego

241 2829 377 2911 quando
393 2829 572 2912 scripturas
585 2827 669 2910 lego,
685 2837 718 2890 et
734 2824 926 2908 spiritaliter
940 2823 1064 2907 aliquid
1082 2825 1240 2908 intellego
1259 2824 1433 2902 excelsius,
1448 2823 1528 2890 nolo
1544 2824 1592 2890 in·

241 2933 284 2998 de
299 2932 511 3010 descendere,
522 2929 600 2996 nolo
616 2930 817 2995 descendere
833 2929 876 2992 ad
888 2926 1087 2993 humiliora:
1103 2927 1180 2993 volo
1195 2929 1228 2994 in
1245 2938 1379 3013 pectore
1396 2949 1471 2996 meo
1483 2929 1591 2994 tabem

243 3036 398 3112 naculum
416 3009 523 3101 iacere
540 3035 706 3118 Xpistoet
723 3031 787 3115 legi
803 3040 837 3096 et
853 3031 1033 3116 prophetis.
1050 3030 1206 3118 Ceterum
1225 3033 1328 3110 lesus,
1342 3031 1399 3116 qui
1415 3039 1593 3115 propterea

192 3159 224 3211 25
242 3141 333 3206 venit
349 3152 386 3207 ut
402 3140 492 3224 quod
506 3140 672 3223 perditum
687 3145 758 3201 erat
770 3135 922 3214 salvaret,
933 3134 990 3219 qui
1007 3156 1073 3202 non
1091 3135 1181 3201 venit
1196 3134 1324 3200 salvare
1340 3154 1397 3200 eos
1414 3135 1470 3219 qui
1486 3132 1594 3198 sancti

243 3256 330 3325 sunt,
353 3248 411 3310 sed
437 3245 494 3329 qui
521 3264 557 3308 se
585 3242 671 3308 male
695 3242 819 3306 habent
834 3265 841 3305 :
858 3241 920 3306 scit
943 3243 1022 3324 quia
1045 3242 1071 3304 si
1090 3241 1121 3305 in
1151 3251 1266 3306 monte
1280 3261 1386 3324 genus
1410 3241 1593 3306 humanum

244 3348 350 3428 suerit,
366 3369 432 3415 non
461 3347 652 3424 salvabitur,
676 3347 738 3410 nisi
754 3346 797 3408 ad
815 3355 944 3410 terrena
970 3345 1188 3412 descenderit.
1203 3344 1322 3423 Rabbi,
1336 3344 1454 3409 bonum
1477 3353 1525 3408 est
1540 3364 1598 3407 nos

243 3451 296 3516 lic
307 3473 374 3516 esse
385 3475 398 3517 :
404 3452 576 3535 sacramus
592 3451 659 3514 tria
685 3449 901 3528 tabernacula,
924 3450 986 3515 ribi
1008 3471 1111 3514 unum
1131 3459 1164 3514 et
1177 3448 1291 3532 Moysi
1305 3469 1407 3512 unum
1422 3458 1454 3513 et
1480 3447 1598 3512 Heliae

243 3577 356 3620 unum.
382 3554 555 3637 Numquid
582 3553 717 3618 arbores
744 3563 837 3617 erant
854 3554 887 3616 in
917 3563 1031 3617 monte
1057 3552 1136 3616 illo?
1154 3552 1286 3618 Deinde
1311 3553 1414 3618 etiam
1430 3552 1457 3616 si
1485 3559 1595 3617 essent

196 3679 227 3729 30
244 3658 377 3722 arbores
393 3666 427 3721 et
442 3656 652 3735 vestimenta,
678 3677 850 3740 speramus
866 3657 955 3740 quod
979 3659 1043 3720 hoc
1059 3655 1199 3723 voluerit
1217 3659 1333 3723 Petrus
1349 3657 1465 3733 iacere,
1481 3664 1517 3719 ut
1533 3654 1596 3719 illis

245 3759 366 3823 iaceret
382 3759 524 3824 tentoria
553 3768 588 3823 ut
612 3758 801 3824 habitarent
824 3759 879 3836 ibi,
894 3767 927 3823 et
954 3758 1017 3824 hoc
1041 3768 1091 3824 est
1113 3769 1221 3826 totum
1237 3763 1327 3846 quod
1347 3763 1462 3826 Petrus
1490 3759 1596 3824 lacere

245 3863 479 3929 desiderabat?
495 3861 578 3927 Vult
606 3863 667 3926 tria
684 3862 790 3926 iacere
817 3862 1040 3939 tabernacula,
1066 3863 1139 3928 lesu
1158 3883 1271 3943 unum,
1288 3866 1399 3948 Moysi
1427 3883 1541 3942 unum,
1564 3873 1597 3927 et

248 3967 368 4033 Heliae
383 3987 487 4032 unum
503 3987 511 4032 :
526 3976 563 4030 ut
578 3967 685 4050 legem
703 3977 880 4050 separaret,
896 3976 929 4030 et
948 3966 1137 4049 prophetas,
1152 3979 1186 4032 et
1202 3967 1519 4052 evangelium,quae
1529 3986 1595 4031 non

246 4080 386 4156 possunt
397 4073 551 4154 separari.
565 4071 607 4134 Et
619 4071 867 4152 quodammodo
878 4070 941 4134 hoc
951 4070 1222 4148 dicit‚Faciamus
1233 4073 1295 4136 tria
1305 4071 1527 4150 tabernacula,
1538 4071 1599 4136 tibi

197 4195 227 4250 35
248 4196 359 4254 unum,
377 4175 487 4258 Moysi
503 4193 616 4251 unum,
632 4183 665 4238 et
684 4175 804 4240 Heliae
827 4193 939 4238 unum.
956 4172 988 4239 Ο
1006 4175 1110 4252 Petre,
1127 4175 1203 4240 licet
1217 4175 1250 4238 in
1275 4185 1423 4241 montem
1440 4194 1599 4241 conscen-

247 4280 343 4357 deris,
359 4279 435 4344 licet
454 4279 563 4342 lesum
591 4278 705 4341 videas
721 4279 1005 4356 transformatum,
1021 4277 1096 4343 licet
1123 4279 1322 4343 vestimenta
1338 4279 1409 4342 eius
1434 4279 1600 4344 candida:

248 4391 360 4446 tamen
388 4382 466 4465 quia
493 4381 634 4464 Xpistus
662 4383 803 4445 necdum
832 4369 892 4464 pro
908 4391 942 4445 te
957 4401 1074 4464 passus
1101 4390 1161 4459 est,
1176 4382 1285 4447 adhuc
1308 4383 1391 4446 scire
1408 4401 1474 4446 non
1494 4383 1602 4466 possis

247 4488 431 4552 veritatem.
458 4485 591 4571 Aliquis
616 4485 705 4551 dicat
720 4509 728 4550 τ
745 4485 920 4550 Faciamus
945 4487 1008 4549 tria
1030 4486 1254 4565 tabernacula,
1281 4487 1341 4552 tibi
1359 4506 1471 4564 unum,
1489 4486 1601 4570 Moysi

282 4699 297 4750 8
312 4699 398 4764 Onon]
410 4699 493 4750 Onam
506 4713 534 4766 χ.
545 4666 547 4672 ¹
635 4709 665 4761 37
679 4713 729 4748 non
737 4697 838 4762 posrsr's]
850 4713 880 4764 χ,
893 4695 970 4746 timeo
981 4703 1008 4746 ut
1020 4705 1095 4748 recte.
1209 4755 1212 4764 ,
