4060 5498
507 430 764 492 TRACTATUS
790 431 847 490 DE
872 431 1041 492 PSALMO
1068 433 1262 492 LXXXIIII.
1522 437 1577 523 45

223 638 231 666 ¹
248 633 325 714 Ipse
341 632 429 694 enim
448 641 508 710 est,
523 632 571 695 ait
586 631 770 712 apostolus,
792 651 861 713 pax
885 639 1007 707 nostra,
1031 635 1086 713 qui
1105 633 1183 697 iecit
1200 643 1340 716 utraque
1356 636 1480 700 unum’.
1498 637 1575 700 Hoc

222 749 273 800 est
291 738 498 819 mysterium,
513 739 603 816 quod
621 735 760 799 ecclesia
776 736 953 812 desiderat,
969 745 1003 800 et
1020 738 1144 800 clamat
1161 737 1193 798 in
1206 737 1354 802 Canticis
1367 739 1573 803 canticorum

222 844 338 906 dicens
355 842 554 907 'Osculetur
572 861 624 904 me
640 839 754 904 osculo
770 841 836 902 oris
851 841 901 902 sui
917 841 933 905 ¹.
962 841 1038 905 Hoc
1066 851 1118 904 est
1145 841 1306 915 osculum,
1333 845 1423 925 quod
1450 844 1573 907 Paulus

220 947 395 1028 apostolus
411 947 492 1010 dicit
510 953 517 978 ‘
534 945 688 1010 Salutate
704 945 846 1006 invicem
865 944 896 1005 in
914 944 1031 1008 osculo
1046 946 1139 1027 pacis
1154 943 1169 1008 ’.

185 1061 200 1114 5
265 1051 397 1113 Etenim
417 1051 578 1113 Dominus
593 1049 685 1112 dubit
700 1049 940 1130 benignitatem.
959 1050 1140 1130 Propterea
1157 1050 1220 1111 ista
1242 1050 1358 1112 oscula
1382 1052 1463 1113 data
1486 1060 1575 1126 sunt,

219 1167 257 1219 ut
272 1158 366 1219 daret
385 1157 552 1218 Dominus
576 1153 829 1234 benignitatem.
855 1153 901 1215 Et
922 1163 1010 1216 terra
1037 1163 1149 1215 trustra
1172 1152 1266 1215 dabit
1282 1154 1436 1232 fructum
1464 1175 1572 1216 surum.

220 1261 321 1344 Quod
338 1280 378 1322 eo
396 1269 546 1342 tempore
564 1258 766 1341 promissum
785 1266 846 1336 est,
861 1277 949 1320 nunc
966 1258 1116 1320 videmus
1133 1258 1319 1338 expletum.
1337 1257 1441 1320 Terra
1459 1267 1574 1323 nostra

218 1367 279 1427 dat
307 1363 449 1426 fructum
477 1381 584 1438 suum,
611 1361 748 1443 quando
771 1370 883 1423 aratro
917 1359 1063 1422 iustitiae
1097 1360 1226 1437 colitur,
1260 1363 1397 1444 quando
1431 1364 1574 1440 ieiuniis,

218 1471 355 1552 quando
371 1467 575 1532 abstinentia
592 1477 624 1527 et
642 1465 759 1527 ceteris
776 1464 954 1526 virtutibus
977 1483 997 1524 a
1016 1464 1182 1526 veteribus
1201 1466 1289 1528 vitiis
1313 1469 1513 1549 extirpatur,
1536 1480 1572 1531 ut

172 1599 201 1634 ιο
219 1574 401 1657 evangelici
419 1571 555 1636 seminis
571 1589 713 1652 granum
730 1569 820 1652 quod
839 1571 968 1649 accepit
986 1569 1018 1629 in
1037 1568 1180 1632 fructum
1197 1573 1418 1635 centesimum
1444 1575 1572 1638 reddat.

222 1679 338 1741 Petrus
361 1689 394 1740 et
417 1676 518 1740 ceteri
543 1676 698 1757 apostoli,
722 1676 801 1756 quia
824 1673 1044 1736 excoluerunt
1067 1674 1205 1737 diversis
1240 1675 1413 1740 laboribus
1448 1689 1571 1742 terram

219 1802 325 1858 suam,
348 1791 487 1863 possunt
513 1779 711 1844 fiducialiter
742 1780 861 1854 dicere,
896 1777 999 1841 Terra
1032 1786 1147 1840 nostra
1178 1779 1270 1842 dedit
1295 1780 1439 1844 iructum
1464 1803 1572 1846 suum.

219 1887 387 1965 Martyres
403 1903 539 1965 quoque
554 1885 692 1966 quando
707 1882 901 1956 caeduntur,
918 1881 1055 1965 quando
1070 1881 1316 1964 crucifiguntur,
1342 1896 1429 1948 terra
1454 1907 1568 1950 eorum

219 1992 337 2055 reddet
354 1988 497 2053 fructum
512 2009 620 2053 suum.

170 2116 199 2168 ις
264 2095 373 2158 Multa
389 2105 467 2157 sunt
483 2113 569 2175 quae
585 2091 749 2167 dicantur,
764 2092 822 2153 sed
840 2091 921 2153 hora
937 2090 1110 2171 compellit
1128 2100 1164 2152 ut
1181 2090 1281 2155 finem
1295 2092 1439 2173 accipiat
1451 2095 1569 2157 oratio.

222 2203 260 2264 ln
277 2219 456 2265 commune
473 2199 659 2262 Dominum
678 2198 904 2279 deprecemur,
920 2204 1006 2260 utet
1024 2215 1117 2260 meus
1130 2215 1242 2259 sermo
1259 2206 1292 2258 et
1310 2206 1420 2259 vester
1436 2199 1572 2262 auditus

218 2308 252 2369 in
269 2327 369 2389 opere
385 2313 629 2370 convertantur.
658 2301 754 2364 ‘Non
779 2302 869 2363 enim
894 2301 1062 2364 auditores
1090 2309 1221 2363 tantum
1247 2303 1335 2383 apud
1364 2301 1474 2364 Deum
1491 2304 1570 2367 iusti

220 2428 308 2491 sunt,
322 2414 381 2476 sed
400 2407 569 2474 lactores’.
587 2405 654 2487 Qui
671 2405 759 2468 enim
778 2406 925 2487 loquitur
941 2405 990 2467 vel
1010 2405 1114 2480 audit,
1129 2415 1162 2468 et
1179 2425 1244 2468 non
1260 2403 1348 2480 iacit,
1365 2406 1397 2467 in
1414 2409 1570 2471 condem·

221 2522 391 2585 nationem
409 2532 503 2577 suam
521 2519 579 2574 aut
590 2509 755 2572 auscultat
771 2519 829 2570 aut
845 2510 934 2572 dicit.
947 2509 1035 2592 Quid
1054 2511 1143 2571 enim
1161 2509 1193 2570 in
1211 2509 1386 2590 evangelio
1398 2511 1480 2574 dicit
1491 2517 1521 2572 i‘
1536 2513 1571 2576 Si

165 2659 200 2694 20
219 2625 308 2690 caeci
325 2620 455 2695 essetis,
471 2636 537 2679 non
562 2613 730 2678 haberetis
754 2612 955 2693 peccatum’.
983 2613 1055 2675 Nos
1081 2612 1162 2675 illud
1189 2613 1286 2676 aliter
1313 2625 1573 2681 convertamus:

220 2732 256 2796 Si
274 2727 365 2792 surdi
381 2722 508 2795 essetis,
524 2729 556 2782 et
573 2738 639 2780 non
657 2717 825 2794 audiretis,
850 2737 916 2779 non
945 2716 1113 2781 haberetis
1138 2728 1324 2798 peccatum.
1348 2718 1474 2782 Verum
1492 2721 1571 2801 quia

218 2844 252 2898 et
268 2834 378 2897 dicere
394 2837 428 2890 et
444 2824 559 2887 audire
571 2822 642 2882 sine
655 2839 758 2903 opere
771 2828 950 2901 utrumque
961 2831 1135 2901 peccatum
1148 2831 1208 2896 est,
1218 2841 1374 2902 rogemus
1386 2822 1569 2886 Dominum

217 2948 255 3002 ut
272 2942 375 3018 ponat
392 2932 424 2993 in
443 2929 496 2992 via
512 2947 646 3010 gressus
662 2945 750 3003 suos,
768 2925 829 2988 hoc
846 2935 906 2999 est,
919 2935 956 2988 ut
974 2925 1146 2990 nobiscum
1161 2926 1193 2987 in
1206 2926 1304 2989 huius
1316 2928 1407 2989 vitae
1419 2929 1573 3008 periculis

216 3042 407 3114 comitetur,
422 3045 455 3098 et
472 3035 504 3096 in
522 3042 636 3096 nostro
653 3031 753 3092 corde
771 3030 950 3093 ambulans
966 3031 1037 3094 sine
1053 3028 1183 3092 offensa
1206 3032 1334 3112 peccati
1360 3033 1464 3095 nostri
1487 3052 1573 3095 sem·

254 3254 343 3304 1enim
354 3251 400 3313 est]
411 3259 446 3301 est
456 3251 524 3300 enim
538 3251 566 3299 L.
668 3250 774 3311 statu]
788 3251 860 3299 daret
878 3250 907 3299 L.
1009 3250 1177 3312 7explctum]
1195 3251 1336 3314 exemplum
1360 3251 1389 3301 V.
1492 3253 1572 3317 suar]

218 3339 258 3393 1.;
276 3335 345 3384 dabit
364 3331 448 3383 ceteri.
552 3343 582 3379 10
601 3331 630 3378 iu
641 3331 771 3394 fructum]
794 3331 863 3388 LM;
883 3329 931 3379 OV
949 3347 999 3379 om.
1021 3331 1059 3379 iu.
1165 3331 1336 3394 centesimum]
1353 3335 1521 3384 certissimum
1539 3336 1569 3386 L.

218 3430 245 3466 11
260 3413 540 3481 quia]LM;quiOV.
647 3413 1029 3477 r3quoquuquaud0]1.om.
1055 3413 1162 3477 quando.
1266 3427 1295 3476 ι4
1312 3417 1406 3478 reddet]
1419 3417 1455 3476 M,
1469 3417 1574 3468 fortusse

214 3518 263 3567 pro
274 3501 358 3550 reddit
368 3519 375 3560 ς
386 3500 455 3548 dedit
466 3498 551 3548 ceteri.
656 3508 683 3557 15
695 3496 827 3560 coruepcllit]
839 3497 952 3559 competit
963 3496 1012 3544 hoc
1024 3497 1080 3545 loco
1091 3503 1209 3560 quattuor
1226 3497 1336 3556 codices,
1351 3498 1408 3548 licet
1427 3507 1573 3550 constanter

216 3585 389 3646 Hieronymus
412 3582 436 3630 ln
459 3580 634 3630 huiuscemodi
655 3580 761 3629 turmula
784 3580 861 3629 verbo
882 3579 1005 3643 compellit
1027 3586 1129 3628 ututur:
1150 3578 1183 3629 ci.
1204 3580 1269 3629 inira
1295 3595 1336 3641 49,
1363 3596 1397 3640 4;
1419 3593 1495 3644 50,9
1523 3591 1572 3632 etc.

218 3665 602 3728 tbetmeus]LM;OVom.et.
702 3666 766 3725 17iu
776 3665 855 3728 opere]
865 3680 930 3714 corr.
942 3664 970 3712 in
979 3671 1052 3725 opera
1062 3664 1097 3713 M.
1200 3671 1302 3713 tautum
1313 3665 1384 3727 apud
1394 3663 1489 3724 Duum]
1502 3663 1575 3724 LM;

215 3752 255 3802 his
267 3749 366 3800 omissis
378 3749 424 3798 OV
438 3747 557 3798 exhibent
569 3747 636 3811 legis.
739 3759 768 3807 19
779 3754 825 3794 aeut
836 3745 973 3806 auscultat]
985 3745 1051 3805 OV;
1072 3752 1119 3793 aut
1132 3746 1239 3794 ascultat
1258 3745 1285 3794 M
1298 3762 1305 3803 ;
1324 3745 1451 3793 auscultat
1470 3745 1501 3802 1..
1521 3761 1571 3795 om.

213 3839 269 3882 aut.
369 3829 448 3892 enim]
473 3829 550 3878 MOV
563 3830 636 3878 inser.
651 3829 775 3877 Salvator.
877 3841 909 3876 20
920 3827 989 3876 illud
996 3827 1053 3875 alit.
1067 3827 1149 3888 curru]
1163 3828 1202 3884 1.;
1223 3829 1278 3877 alit.
1300 3843 1369 3878 couu.
1395 3828 1465 3877 titud
1483 3828 1570 3878 MOV.

215 3928 245 3965 21
269 3913 403 3974 audiretis]
427 3913 496 3971 LM;
516 3912 652 3961 audieritis
675 3911 730 3961 OV.
846 3927 896 3960 nou
922 3910 1003 3959 haber.
1032 3910 1111 3974 paca]
1146 3911 1185 3970 L;
1216 3919 1277 3975 pecc.
1301 3928 1351 3962 non
1373 3912 1456 3962 haber.
1483 3912 1570 3962 MOV.

214 4012 248 4049 22
259 4003 283 4047 et
293 3998 372 4045 dicere
382 4002 406 4045 ct
416 3995 517 4056 audire]
529 4002 551 4043 et
562 3995 653 4042 audire
663 4002 686 4042 et
697 3995 776 4043 delere
789 3995 826 4042 M.
938 4005 969 4055 23
986 3993 1052 4053 suos]
1070 3993 1092 4040 L
1103 4011 1109 4052 ;
1127 4009 1177 4042 om.
1199 3993 1286 4044 MOV.
1388 4007 1419 4055 24
1431 3995 1573 4057 comitetur]

213 4081 384 4131 curnmittetur
394 4077 451 4128 OV.

262 4275 285 4313 1.
311 4250 413 4332 unum]
431 4253 540 4330 Ephes.
559 4275 585 4326 2,
603 4274 648 4325 ¹4·
922 4265 1005 4313 tract.
1030 4256 1069 4313 de
1095 4273 1137 4330 ps.
1164 4254 1246 4315 XCI.
1277 4258 1341 4323 126,
1366 4257 1402 4314 26
1426 4259 1474 4315 ‘et
1489 4256 1573 4331 quod

259 4356 286 4412 3.
309 4331 368 4414 sui]
383 4336 469 4396 Cant.
491 4355 514 4408 1,
535 4356 559 4394 r.
923 4355 978 4394 nos
993 4334 1123 4396 diximus
1138 4346 1168 4394 et
1182 4336 1265 4411 quod
1280 4355 1332 4394 vos
1347 4333 1472 4395 audistis
1484 4354 1573 4413 opere

258 4438 284 4490 4.
309 4415 550 4496 inosculopucr's]
578 4415 670 4476 immo
697 4417 748 4476 ‘in
765 4421 871 4479 osculo
923 4418 1126 4492 conpleamus,
1160 4429 1189 4476 et
1224 4418 1315 4476 verba
1350 4427 1500 4477 vertamus
1542 4417 1572 4476 in

215 4500 349 4559 sancto'.
374 4499 463 4556 Rom.
485 4501 528 4560 16.
551 4501 585 4558 16
598 4519 607 4573 ;
631 4520 642 4557 1
662 4500 730 4560 Cor.
751 4505 795 4574 16,
814 4521 850 4560 20
863 4521 871 4572 ;
922 4502 1037 4575 opera'.

218 4583 322 4642 uCor.
342 4599 387 4656 13,
407 4599 463 4654 ¹23
482 4599 493 4636 1
511 4580 615 4640 Thess.
633 4597 660 4657 5,
683 4585 728 4640 26.
968 4575 1160 4658 18.sactores]
1176 4580 1266 4639 Rom.
1285 4599 1311 4653 a,
1330 4599 1374 4657 13.

262 4681 306 4737 17.
330 4663 362 4722 in
381 4673 462 4738 opere
473 4660 691 4743 conuertuntur]
707 4665 751 4724 Ita
768 4663 797 4722 ln
812 4665 873 4724 fine
966 4683 1010 4722 20.
1030 4658 1186 4741 peccatum]
1203 4662 1247 4721 Io.
1261 4681 1287 4738 9,
1301 4681 1347 4736 4¹·
