4154 5494
623 423 879 488 rnncrnrus
903 423 960 482 oa
985 421 1151 482 rsnnno
1173 421 1273 482 cvn.
1411 487 1418 504 ,
1539 405 1616 511 183

302 646 401 711 Meris
414 655 462 709 est
479 643 619 723 Galaad,
633 655 665 708 et
681 663 770 706 meus
783 651 832 706 esi
850 640 1032 704 Manasses.
1050 637 1183 702 Gaudet
1206 638 1373 703 Dominus
1389 651 1501 705 noster
1515 651 1617 725 atque

261 749 422 827 Salvator,
452 748 580 812 habens
610 747 720 830 plures
750 745 891 811 divitias.
923 743 1051 808 Galaad
1088 742 1323 824 interpretatur
1353 743 1635 826 transmigratio:'

260 853 384 936 gaudet
410 872 491 934 ergo
520 853 658 935 quando
685 849 828 933 populus
853 869 897 912 ex
924 845 1080 930 gentibus
1108 846 1262 927 migravit
1285 856 1320 911 et
1344 849 1435 912 venit
1461 853 1503 912 ad
1531 869 1615 914 eum.

261 957 433 1022 Manasses
452 957 698 1038 interpretatur,
712 974 756 1016 ex
776 952 951 1016 oblivione.
973 948 1095 1012 Videte
1113 948 1213 1032 igitur
1229 949 1309 1031 quid
1329 950 1418 1015 dicit.
1444 952 1547 1017 Filius
1563 953 1618 1016 ille

229 1073 243 1124 5
260 1061 315 1144 qui
332 1061 460 1143 accepit
487 1059 708 1124 substantiam
734 1067 768 1122 et
784 1057 930 1127 comedit
949 1073 1033 1130 eam,
1057 1063 1091 1116 et
1107 1053 1230 1117 oblitus
1247 1055 1311 1117 mei
1333 1065 1412 1132 erat,
1438 1075 1524 1121 nunc
1550 1077 1616 1120 me·

261 1174 407 1228 moratus
430 1173 480 1228 est
502 1163 583 1241 mei;
599 1171 633 1226 et
649 1161 769 1225 dicitur
785 1161 968 1236 Manasses‚
984 1159 1047 1221 hnc
1063 1167 1123 1236 est,
1134 1178 1179 1222 ex
1194 1157 1371 1236 oblivione,
1389 1161 1468 1242 quia
1484 1181 1550 1226 non
1568 1173 1618 1226 est

259 1269 391 1345 oblitus,
407 1269 464 1331 sed
483 1265 642 1330 remeavit
664 1267 706 1328 ad
723 1285 819 1329 suum
837 1273 975 1347 patrem.
997 1262 1043 1326 Et
1060 1261 1186 1325 Eiraim
1205 1261 1440 1346 interpretatur
1463 1265 1619 1331 fructifer.

259 1370 404 1451 Efraim,
417 1367 696 1453 inquit‚susceptio
706 1367 820 1452 capitis
833 1367 904 1430 mei.
916 1365 1171 1448 susceptionem
1185 1367 1295 1448 posuit
1309 1387 1396 1432 nunc
1406 1389 1465 1451 pro
1475 1387 1598 1434 corona
1613 1395 1620 1435 r

259 1476 348 1558 quod
371 1475 460 1538 enirn
478 1475 510 1536 in
527 1473 637 1554 capite
661 1475 805 1556 ponitur,
820 1493 942 1536 corona
964 1480 1024 1548 est,
1040 1481 1072 1534 et
1089 1471 1121 1534 in
1139 1471 1308 1553 scripturis
1323 1473 1461 1537 diversis
1478 1475 1619 1539 nomini-

214 1595 242 1632 ¹0
259 1579 319 1643 bus
335 1588 472 1643 vocatur
487 1596 619 1642 corona.
633 1577 672 1640 In
686 1578 752 1642 alio
765 1577 839 1642 loco
850 1575 966 1640 habet:
984 1574 1108 1639 ‘Scuto
1120 1575 1340 1639 circumdabit
1352 1588 1385 1640 te
1398 1578 1518 1642 veritas
1530 1577 1619 1644 eius!

260 1683 304 1746 Et
332 1684 365 1747 in
387 1681 452 1745 alio
476 1681 622 1765 psalmo:
637 1687 644 1714 ¹
659 1681 724 1764 Qui
748 1690 887 1745 coronat
908 1690 942 1743 te
964 1680 996 1742 in
1023 1678 1247 1742 misericordia
1270 1688 1304 1742 et
1326 1680 1619 1745 miserationibus.'

260 1783 354 1849 Sicut
368 1785 457 1848 enim
480 1785 523 1847 ibi
541 1784 652 1866 posuit
669 1795 800 1848 scutum
823 1803 883 1867 pro
906 1803 1039 1858 corona,
1055 1783 1101 1845 ita
1120 1793 1153 1846 et
1175 1783 1228 1846 hic
1243 1787 1488 1867 susceptionem
1509 1789 1620 1870 posuit

261 1909 319 1970 pro
335 1908 466 1953 corona.
484 1887 571 1952 Vide
588 1907 668 1969 ergo
685 1888 764 1971 quid
789 1889 882 1952 dicit.
900 1887 1023 1950 Factus
1046 1907 1081 1949 es
1101 1886 1240 1964 Galaad,
1256 1886 1362 1952 iactus
1386 1910 1421 1952 es
1440 1891 1620 1972 Manasses‚

261 1992 323 2056 hoc
339 2003 399 2069 est,
423 1992 572 2074 migrasti
589 1993 631 2055 ad
657 1991 852 2069 Dominum,
874 2000 1003 2073 etpost
1023 1990 1224 2054 oblivionem
1248 1993 1402 2056 remeasti
1423 1994 1466 2056 ad
1491 2006 1618 2077 patrem

214 2115 241 2167 15
261 2106 370 2160 tuum:
387 2105 459 2160 esto
476 2094 698 2172 Eirairn,esto
715 2093 869 2173 fructifer,
882 2094 1005 2160 habeto
1015 2095 1104 2158 bona
1120 2115 1230 2177 opera,
1246 2107 1278 2158 et
1291 2106 1407 2178 postea
1423 2098 1486 2160 eris
1498 2119 1619 2164 corona

262 2199 408 2262 Domini.

304 2301 391 2366 luda
408 2323 465 2364 rex
479 2323 577 2368 meus.
587 2303 709 2367 Videte
722 2305 752 2366 in
765 2312 891 2386 quanta
903 2302 1008 2384 gloria
1024 2313 1084 2378 est,
1095 2302 1151 2385 qui
1168 2302 1237 2384 agit
1250 2303 1504 2384 paenitentiam:
1520 2304 1620 2370 ludas

262 2407 350 2469 enim
367 2405 531 2470 consessio
555 2407 798 2489 interpretatur.
815 2404 915 2468 Moab
930 2404 1010 2469 lebes
1024 2406 1092 2487 spei
1111 2426 1206 2470 meae.
1223 2405 1357 2470 Grande
1374 2409 1569 2490 mysterium
1586 2411 1619 2474 in

263 2512 377 2592 paucis
394 2511 503 2574 verbis
518 2513 717 2594 agnoscitur.
736 2511 835 2592 Rogo
851 2530 919 2588 vos,
933 2510 1110 2591 diligenter
1123 2511 1393 2575 animadvertite:
1408 2512 1572 2594 siquidem
1589 2521 1622 2576 et

214 2637 245 2674 ιο
264 2614 344 2676 rnibi
359 2615 415 2697 qui
427 2615 554 2696 loquor,
566 2625 600 2678 et
611 2616 705 2678 vobis
716 2614 771 2696 qui
787 2614 918 2690 auditis,
928 2615 1072 2695 prodest.
1091 2613 1196 2676 Moab
1208 2615 1451 2697 interpretatur,
1461 2637 1505 2680 ex
1519 2627 1622 2698 patre.

262 2731 309 2780 ΑΒ
335 2717 457 2782 dicitur
482 2728 585 2801 pater,
606 2731 660 2781 ΜΟ
687 2739 740 2782 ex.
765 2716 849 2800 Quis
872 2727 923 2779 est
948 2717 1010 2780 iste
1030 2738 1075 2780 ex
1099 2723 1218 2799 patre?
1243 2719 1300 2800 qui
1324 2720 1469 2801 perdidit
1492 2731 1621 2802 patrem

263 2840 369 2899 suum,
385 2823 441 2904 qui
458 2822 590 2905 reliquit
609 2842 705 2886 suurn
731 2833 869 2904 patrem,
885 2821 941 2904 qui
964 2841 1029 2884 non
1048 2821 1208 2884 remeavit
1229 2821 1271 2882 ad
1288 2831 1416 2902 patrem
1441 2824 1620 2904 proprium,

264 2945 324 2990 nec
340 2936 390 2990 est
405 2927 527 3008 dignus
542 2928 653 2990 vocari
671 2926 854 2990 Manasses.
867 2923 951 3008 Quis
964 2935 1015 2988 est
1032 2926 1093 2990 iste
1112 2926 1238 2990 Moab?
1251 2924 1403 2988 inimicus
1418 2926 1563 3005 Domini,
1580 2928 1622 2990 de

263 3030 355 3091 cuius
371 3048 491 3110 genere
514 3049 618 3110 usque
641 3031 683 3093 ad
708 3039 860 3112 quartam
885 3029 1145 3110 generationem,
1166 3039 1200 3092 et
1218 3032 1393 3110 decimam,
1416 3046 1449 3098 et
1466 3054 1570 3118 usque
1589 3037 1621 3101 in

216 3159 245 3210 ²5
264 3131 433 3194 saeculum
450 3151 516 3195 non
539 3133 674 3195 intrabit
692 3133 723 3194 in
746 3131 919 3195 ecclesiam
938 3132 1086 3198 Domini.
1106 3133 1191 3216 Quis
1206 3145 1257 3198 est
1278 3136 1340 3200 iste
1358 3137 1484 3201 Moab?
1499 3140 1556 3221 qui
1578 3160 1622 3204 ex

264 3235 426 3300 inmunda
449 3237 691 3298 commixtione
707 3235 852 3298 nascitur
867 3237 900 3298 in
923 3235 1087 3331 spelunca¹
1105 3238 1288 3304 tenebrosa.
1307 3241 1361 3303 Ex
1379 3242 1469 3306 Loth
1484 3245 1572 3307 enim
1589 3253 1623 3307 et

265 3359 308 3402 ex
323 3337 452 3402 filiabus
467 3339 555 3402 illius
567 3341 635 3402 nati
653 3349 730 3402 sunt
751 3340 827 3416 duo,
850 3339 954 3403 Moab
970 3350 1004 3403 et
1025 3342 1146 3419 Aman,
1161 3353 1194 3406 et
1217 3344 1321 3406 Moab
1343 3346 1447 3408 maior
1462 3357 1513 3409 est.
1529 3344 1622 3412 filius

268 3442 388 3507 Videte
404 3462 483 3525 ergo
505 3444 676 3525 quomodo
692 3444 724 3506 in
748 3444 858 3507 littera
881 3446 1076 3526 mysterium
1101 3446 1324 3514 absconditur.
1353 3450 1390 3514 ln
1414 3450 1567 3530 tenebris,
1590 3454 1622 3516 in

266 3548 437 3629 spelunca:
454 3566 519 3610 non
538 3547 569 3609 in
586 3537 665 3622 sble,
681 3567 746 3611 non
764 3549 796 3610 in
816 3548 897 3612 luce.
916 3548 1020 3612 Moab
1035 3568 1115 3631 ergo
1137 3551 1290 3616 diabolus
1307 3554 1550 3636 interpretatur,
1565 3557 1622 3638 qui

217 3651 388 3734 30oblitus
402 3659 454 3714 est
477 3651 658 3733 patrissui.
682 3651 835 3734 Denique
856 3663 889 3717 et
909 3652 1110 3729 Abessalon,
1129 3655 1185 3736 qui
1208 3668 1399 3737 persecutus
1421 3667 1472 3722 est
1493 3669 1622 3741 patrem

266 3775 371 3833 suurn,
405 3755 639 3837 interpretatur
669 3756 831 3821 diabolus.
867 3756 937 3820 Iste
973 3777 1052 3838 crgo
1085 3757 1190 3822 Moab
1220 3763 1392 3840 quomodo
1428 3761 1517 3825 lebes
1553 3765 1623 3845 spei

269 3857 406 3922 Domini
423 3865 497 3924 est?
519 3861 628 3924 Lebcs
648 3860 883 3944 interpretatur
903 3861 979 3926 olla.
1001 3860 1182 3942 Quomodo
1206 3863 1272 3927 olla
1294 3884 1370 3947 spes
1390 3864 1528 3930 Domini
1550 3873 1625 3931 cst?

259 4043 315 4098 'a
320 4031 420 4097 piures]
426 4031 519 4096 pluras
531 4029 560 4081 C.
662 4031 805 4094 7Esraim]
819 4031 855 4088 B,
876 4031 1003 4094 Ephraim
1017 4029 1071 4097 {385
1090 4031 1202 4098 Effraim
1215 4033 1270 4084 CG.
1376 4037 1515 4098 tocorona]
1532 4053 1582 4086 om.
1598 4035 1622 4104 β

273 4123 299 4173 13
310 4129 334 4162 es
348 4113 422 4175 ...es]
438 4120 473 4162 esi
487 4121 562 4164 ...est
573 4113 624 4164 SG.
730 4113 966 4174 14miDominmn]
982 4115 1120 4163 aDomino
1132 4115 1161 4164 C.
1266 4116 1367 4178 asiana
1377 4117 1460 4181 opera]
1472 4125 1496 4164 ei
1505 4126 1578 4180 opera
1590 4117 1622 4168 G.

273 4207 301 4257 19
311 4191 462 4260 agnoscitur]
473 4195 659 4260 cogrrosciiurG
673 4213 680 4254 ς
699 4196 860 4244 absconditur
870 4197 897 4246 S.
999 4209 1031 4244 20
1041 4198 1089 4261 qui
1099 4193 1193 4262 loquor]
1206 4198 1248 4247 SG
1260 4213 1310 4248 orn.
1320 4199 1373 4262 qui.
1467 4212 1495 4248 21
1510 4201 1585 4250 ΑΒΔ.
1597 4209 1623 4262 p.

270 4287 315 4327 Mo
328 4280 369 4342 ex]
381 4280 456 4330 Moab
466 4280 563 4329 dicitur
568 4287 644 4342 pater
654 4279 826 4328 Moabitarum
840 4277 869 4328 C.
938 4291 968 4326 22
975 4275 1121 4342 proprium]
1133 4297 1207 4330 suum
1220 4282 1251 4330 G.
1331 4292 1361 4342 27
1374 4275 1627 4347 AnrarrlSl'llppcir

273 4365 336 4423 txxl
348 4381 355 4424 3
367 4364 481 4413 animam
493 4362 516 4412 G
529 4381 536 4422 ;
550 4365 573 4411 A
577 4375 633 4410 mon
647 4359 679 4426 β;
694 4363 802 4409 Amnnm
815 4360 869 4408 ΑΒ.

316 4543 357 4582 ro.
374 4517 446 4602 eius]
461 4523 508 4580 Ps.
526 4539 573 4596 90,
591 4537 616 4596 5.
974 4516 1122 4580 inGenes.
1152 4539 1196 4598 19,
1219 4522 1258 4596 36
1283 4520 1399 4581 ‘Moab
1419 4519 1627 4600 interpretatur

317 4625 360 4664 rr.
376 4596 615 4679 nrr’seratrimibus]
633 4601 677 4658 Ps.
699 4619 762 4672 102,
779 4619 805 4672 4.
973 4619 1009 4658 ex
1017 4608 1112 4676 patre,
1128 4615 1158 4662 et
1174 4612 1268 4661 toturn
1290 4619 1399 4661 nomen
1414 4601 1626 4680 etymologiam

317 4706 361 4745 20.
377 4680 520 4762 exparte]
545 4677 668 4742 Hieron.
692 4682 785 4741 Hebr.
808 4691 920 4757 quaest.
975 4680 1089 4742 habet'.
