4202 5492
635 419 891 488 catenarus
914 419 973 479 uc
994 417 1164 480 esauuo
1185 419 1269 482 xer.
1548 415 1627 513 123

267 647 463 730 Antequam
479 641 720 728 cogitationem
737 658 847 705 meam
865 639 897 702 in
914 657 1015 721 opere
1031 655 1201 720 ponerem,
1217 655 1284 700 non
1300 638 1456 705 videbam
1474 641 1627 726 magnili-

268 749 412 814 centiam
431 748 505 814 Dei.
523 747 615 826 Dixi,
631 745 765 829 sapiens
782 741 914 820 efficiar,
930 741 993 804 hoc
1007 749 1068 817 est,
1084 739 1168 818 dixi,
1184 741 1292 806 debeo
1307 761 1467 826 quaerere
1479 737 1632 812 rationes

268 853 474 936 singularum
491 869 666 916 causarum
679 871 688 928 ;
703 858 738 912 et
753 850 826 931 ipsa
842 847 942 929 longe
958 844 1048 909 facta
1064 847 1115 908 est
1132 863 1152 908 a
1169 863 1232 922 me,
1247 844 1380 929 longius
1396 848 1504 914 multo
1519 870 1622 932 quam

268 957 427 1033 erat,hoc
454 963 516 1034 est,
531 955 731 1040 sapientiam
756 971 858 1036 quam
883 958 963 1014 ante
989 967 1057 1012 non
1087 947 1258 1031 inquirens
1284 947 1490 1033 ignorabam,
1507 963 1626 1038 postea

237 1065 252 1120 5
267 1083 426 1148 quaerere
440 1062 547 1146 coepi,
562 1059 710 1126 invenire
726 1079 793 1123 non
810 1066 974 1139 poteram.
1253 1073 1255 1078 ·
1629 1049 1632 1056 ’

319 1167 545 1250 Viriasipieas
555 1187 617 1230 nan
629 1163 791 1247 cognoscit,
806 1172 838 1226 et
848 1161 970 1225 stultus
981 1179 1044 1224 non
1061 1158 1219 1242 intellegit
1228 1158 1312 1224 lracc.
1329 1159 1542 1246 Quicumque
1557 1181 1624 1227 non

267 1283 319 1336 est
342 1272 550 1355 Xpistianus,
565 1279 599 1334 et
615 1271 648 1334 in
664 1267 821 1352 operibus
837 1284 904 1330 non
922 1263 1087 1346 intellegit
1103 1271 1296 1341 creatorem,
1312 1263 1374 1329 iste
1391 1267 1551 1350 insipiens
1565 1277 1625 1333 est

313 1373 397 1442 Crem
411 1374 516 1440 exorti
521 1373 657 1456 suerint
664 1381 841 1454 peccatores
856 1369 1097 1449 sicutsaerram.
1115 1365 1239 1431 Vidisti
1270 1368 1497 1449 imperatores,
1512 1369 1626 1435 vidisti

269 1479 463 1565 praefectos,
478 1477 591 1542 vidisti
608 1475 784 1551 exercitus,
800 1472 911 1538 vidisti
935 1471 1089 1534 victorias
1117 1473 1150 1534 et
1177 1470 1373 1553 triumphos.
1396 1472 1479 1537 Heri
1505 1473 1576 1553 fuit,
1590 1481 1624 1538 et

223 1591 252 1628 ¹⁰
267 1583 368 1648 hodie
384 1602 450 1648 non
463 1581 570 1646 estEt
584 1579 796 1663 apparuerim
809 1595 917 1641 amnes
930 1575 991 1658 qui
1004 1579 1180 1657 aperantm
1190 1573 1450 1656 iniquitatem‚rrt
1465 1577 1628 1641 intereant
1662 1627 1673 1648 .

268 1689 303 1752 in
317 1687 479 1752 sacacium
493 1685 620 1749 saeculi.
636 1684 718 1747 Heri
734 1681 888 1764 apparuit
904 1679 998 1762 quasi
1015 1679 1085 1756 iios,
1101 1678 1201 1742 hodie
1217 1677 1277 1743 fl‘os
1294 1680 1365 1761 ipse
1376 1698 1442 1744 non
1455 1687 1626 1762 conparet.

270 1793 352 1858 Heri
380 1791 506 1856 virebat
532 1790 644 1868 herba,
667 1787 767 1852 hodie
791 1787 914 1850 siccata
942 1793 1001 1849 est.
1019 1783 1087 1850 Ubi
1114 1793 1165 1873 est
1191 1783 1248 1848 illa
1274 1783 1513 1865 pulchritudo?
1529 1785 1621 1849 Nibil

267 1897 392 1960 bouum
409 1893 532 1971 est,nisi
549 1893 638 1976 quod
652 1901 823 1957 aeternum
845 1903 896 1958 est
911 1915 918 1958 ι
934 1890 1015 1955 nihil
1032 1892 1157 1954 bonum
1174 1887 1296 1965 est,nisi
1312 1887 1403 1970 quod
1420 1897 1624 1972 perpetuum

267 2009 326 2063 est.
342 1997 588 2082 Quodcumque
616 1995 715 2059 finem
743 1996 854 2072 habet,
870 2017 930 2061 nec
959 1997 1044 2060 inter
1071 1993 1159 2057 bona
1181 1993 1426 2058 numerandum
1453 2005 1513 2060 est.
1530 1994 1622 2078 Quid

222 2109 251 2164 ¹5
267 2103 355 2166 enim
372 2101 454 2167 mihi
470 2101 616 2183 prodest,
631 2100 658 2162 si
675 2101 745 2164 heri
762 2101 903 2166 resectus
919 2101 974 2178 lui,
989 2110 1024 2164 et
1040 2101 1141 2164 hodie
1157 2099 1244 2163 iame
1261 2099 1383 2164 morior
1397 2100 1409 2164 i
1422 2099 1512 2182 Quid
1534 2100 1622 2165 enim

268 2204 348 2270 mibi
364 2205 510 2287 prodest,
524 2203 552 2267 si
568 2212 646 2267 ante
662 2205 733 2267 dies
748 2225 808 2268 rex
826 2204 881 2280 lui,
896 2215 929 2270 et
945 2205 1045 2270 hodie
1061 2205 1093 2267 in
1107 2223 1236 2268 carcere
1247 2203 1392 2268 morior?
1408 2202 1521 2267 Omne
1532 2201 1623 2286 quod

267 2307 481 2391 praeteritum
507 2317 540 2371 et
566 2306 665 2371 finem
691 2307 802 2386 habet,
818 2307 898 2372 nihii
925 2316 983 2372 est.
1000 2307 1240 2391 Unusquisque
1264 2315 1413 2371 nostrum
1430 2307 1474 2370 de
1489 2306 1624 2372 saeculo

267 2411 358 2476 venit
384 2410 426 2474 ad
453 2409 540 2474 hanc
565 2409 677 2475 vitam.
693 2410 792 2475 Alius
818 2420 959 2476 matrem
986 2410 1127 2494 reliquit,
1142 2408 1227 2474 alius
1254 2407 1348 2488 filios,
1363 2411 1452 2502 alius
1474 2427 1625 2490 uxorem,

267 2515 352 2579 alius
368 2523 530 2598 parentes.
547 2514 775 2578 Recordemur
791 2514 950 2579 infantiae
967 2524 1109 2594 nostrae,
1126 2516 1336 2580 recordemur
1352 2515 1601 2580 adulescentiae
1616 2536 1624 2594 ;

219 2633 253 2672 2⁰
269 2619 479 2685 recordemur
494 2619 585 2702 quod
601 2619 783 2701 aliquando
798 2619 1013 2683 habuerimus
1029 2617 1172 2694 divitias,
1183 2623 1217 2684 et
1238 2619 1466 2702 unusquisque
1478 2637 1538 2701 pro
1550 2617 1625 2683 viri·

268 2723 330 2787 bus
357 2724 425 2787 suis
452 2721 570 2788 habuit
585 2724 674 2806 quod
693 2723 809 2805 potuit.
828 2724 916 2787 Ecce
931 2724 1145 2789 transivimus
1157 2723 1199 2787 ad
1216 2723 1303 2788 hanc
1319 2725 1432 2790 vitam.
1449 2723 1518 2789 Ubi
1546 2731 1625 2788 sunt

269 2826 323 2891 illa
341 2827 478 2892 omnia?
494 2827 653 2910 Cogitata
670 2828 777 2908 magis
792 2827 941 2891 dolorem
960 2825 1085 2892 iaciunt
1100 2845 1202 2912 quam
1218 2826 1434 2910 voluptatem.
1452 2825 1543 2890 Nihil
1572 2834 1624 2890 est

269 2931 381 3013 itaque
397 2930 535 3006 bonum,
550 2930 612 2994 nisi
628 2929 719 3012 quod
736 2935 934 3014 perpetuum
951 2941 1012 2995 est.

317 3034 365 3097 Tu
375 3043 484 3098 autem
494 3034 524 3096 A
529 3033 691 3097 ltissimus
701 3034 736 3097 in
748 3045 915 3098 aeternum
927 3036 1076 3099 Domine.
1095 3033 1257 3114 Quoniam
1269 3056 1333 3100 ecce
1348 3034 1477 3100 inimici
1490 3037 1543 3100 tui
1556 3036 1623 3099 Do·

218 3154 251 3206 25
268 3137 363 3215 mine,
373 3137 528 3221 quantam
543 3159 605 3201 ecce
616 3135 744 3200 inimici
752 3137 968 3220 tuipem'buret,
983 3149 1015 3202 et
1022 3137 1369 3222 dispargenturarrrnes
1379 3139 1440 3222 qui
1449 3149 1624 3223 operantur

269 3239 484 3322 iniquitatem.
498 3240 534 3306 Si
551 3241 717 3324 peribunt,
732 3243 904 3322 quomodo
919 3243 1178 3325 dispargentur?
1195 3242 1262 3326 Qui
1279 3243 1369 3308 enim
1385 3243 1488 3308 semel
1517 3242 1623 3326 perie-

269 3343 319 3420 rit,
334 3343 481 3427 dispergi
498 3363 564 3407 non
582 3352 703 3426 potest.
722 3345 848 3409 Debuit
874 3346 1004 3410 dicere:
1022 3347 1109 3411 Ecce
1136 3349 1380 3431 dispargentur,
1396 3358 1429 3413 et
1457 3348 1624 3432 peribunt.

269 3444 369 3528 Quod
387 3465 466 3528 ergo
482 3447 573 3525 dicit,
588 3448 651 3511 hoc
668 3455 740 3511 est:
759 3447 889 3512 Inimici
906 3449 954 3513 tui
972 3449 1118 3514 Domine
1135 3451 1289 3534 peribunt
1304 3474 1311 3530 ;
1328 3472 1403 3516 curn
1421 3453 1536 3516 omnia
1562 3449 1625 3518 tibi

267 3548 416 3614 subiecta
432 3549 563 3629 fuerint,
578 3553 688 3615 omnis
705 3551 761 3634 qui
779 3551 932 3617 inimicus
948 3561 1024 3618 tuus
1049 3554 1156 3632 suerit,
1173 3563 1291 3638 postea
1321 3554 1461 3619 efficitur
1488 3555 1626 3634 amicus,

220 3675 252 3726 30
268 3652 331 3717 hoc
346 3662 406 3732 est,
422 3674 487 3718 non
502 3655 622 3738 peribit
638 3654 750 3730 hom0,
767 3655 824 3717 sed
839 3655 958 3736 peribit
975 3656 1136 3721 inimicus.
1154 3656 1220 3739 Qui
1238 3650 1392 3720 inimicus
1410 3655 1482 3734 tuit,
1497 3655 1624 3721 amicus

268 3757 339 3832 erit,
354 3766 388 3820 et
403 3756 450 3820 sic
466 3758 587 3840 peribit
616 3757 776 3822 inimicus.
796 3755 959 3835 Quoniam
974 3779 1037 3821 cccc
1052 3758 1180 3822 inimici
1193 3761 1245 3824 tui
1263 3759 1425 3843 peribunt,
1443 3769 1475 3823 et
1498 3759 1625 3844 dispar·

263 3869 386 3940 geretur
409 3880 517 3923 ornnes
542 3860 603 3942 qui
624 3868 800 3942 operaretur
826 3859 1042 3942 iniquitatem.
1061 3861 1244 3945 Quomodo
1259 3864 1285 3926 si
1302 3865 1408 3927 sancti
1425 3863 1523 3928 simul
1539 3873 1627 3943 sunt,

267 3965 450 4045 gratiosum
467 3975 517 4028 est
533 3985 539 4040 ;
555 3965 602 4028 sic
618 3967 645 4026 si
664 3977 855 4047 peccatores
871 3965 968 4029 simul
984 3964 1114 4044 suerint,
1126 3969 1221 4050 quasi
1239 3969 1383 4050 pessima
1408 3969 1625 4051 congregatio

268 4077 327 4132 est.
343 4064 481 4151 Quanto
505 4067 593 4131 enim
622 4067 732 4150 plures
758 4067 856 4131 simul
883 4059 1012 4148 tuerint,
1028 4081 1123 4134 tanto
1148 4073 1278 4153 peiores
1305 4082 1391 4138 sunt.
1405 4071 1560 4154 Denique
1585 4091 1625 4136 co

221 4191 251 4246 35
268 4182 419 4254 tempore
434 4191 501 4254 quo
524 4171 622 4235 turris
637 4171 875 4235 aedificabatur
891 4180 1008 4237 contra
1027 4175 1146 4253 Deum,
1156 4175 1435 4258 dispargcbantur
1451 4177 1486 4239 in
1499 4175 1625 4240 utilita-

302 4327 403 4390 5coepr]
417 4324 431 4392 β
445 4325 517 4374 inser.
530 4341 616 4390 quara,
630 4325 690 4373 Aet
701 4340 755 4388 sup.
770 4324 814 4374 lin.
919 4325 1430 4397 15resertuslABCSG3praesecturfill.
1528 4329 1558 4379 16
1568 4338 1627 4381 ante

267 4406 328 4468 dces]
347 4407 472 4457 anteriori
488 4407 528 4456 die
549 4405 572 4474 β.
694 4418 721 4466 17
738 4405 916 4470 praeteritum]
934 4409 1094 4470 praeteritores
1115 4410 1136 4460 C
1156 4425 1230 4468 corr;
1251 4407 1292 4477 pG
1312 4411 1372 4460 add.
1387 4419 1437 4472 ert;
1452 4413 1578 4476 praeterit
1596 4414 1622 4464 S.

268 4503 299 4540 22
312 4487 438 4553 Cogitata]
450 4486 678 4556 pHCS;cogilaB
690 4489 815 4552 negitare
826 4489 858 4538 G.
959 4502 992 4550 29
1002 4491 1118 4555 effia'trar]
1135 4491 1220 4550 coddr
1238 4490 1358 4556 efficietur
1370 4490 1394 4558 β
1495 4504 1526 4556 33
1536 4493 1626 4557 quasi]

268 4573 291 4622 G
303 4572 378 4622 iuret.
391 4570 502 4620 odiosum
513 4577 543 4620 et.

308 4704 356 4764 35.
372 4691 473 4746 contra
487 4681 598 4767 Deum]
613 4685 687 4746 Gen.
709 4705 753 4760 rr,
772 4706 784 4744 r
802 4705 866 4764 sqq.
