4154 5494
443 397 525 460 200
776 447 778 452 ,
808 400 836 458 S
860 398 1116 460 HIERONYMI
1139 400 1404 492 PRESBYTERI

439 617 550 684 vilitas
566 618 722 702 corporis,
739 626 772 682 et
793 637 886 694 crux,
901 626 936 681 et
950 615 1098 695 iniuriae,
1113 627 1148 683 et
1164 616 1290 700 alapae,
1306 627 1340 683 et
1355 617 1496 700 flagella,
1512 628 1546 685 et
1561 619 1671 685 omnis
1686 621 1793 685 crucis

439 723 568 803 iniuria,
579 724 607 790 si
619 733 653 788 te
664 721 728 786 hoc
741 721 954 798 scandalizat,
967 730 1129 785 revertere
1139 724 1181 786 ad
1199 723 1408 804 principium,
1419 733 1453 786 et
1466 743 1532 787 non
1548 722 1792 789 scandalizaris.

441 827 533 891 Dicit
548 827 636 891 enim
656 827 752 889 Pater
768 825 811 888 ad
829 824 967 889 Filium:
983 823 1038 888 Ex
1051 834 1140 889 utero
1155 836 1230 890 ante
1251 826 1424 906 luciferum
1443 826 1550 908 genui
1562 837 1599 894 te.
1617 827 1749 892 Miraris
1764 827 1791 891 si

443 931 610 996 Dominus
626 937 738 994 noster
762 937 863 1012 atque
880 927 1044 1006 Salvator,
1058 930 1115 1012 qui
1140 951 1215 994 vere
1240 930 1411 994 hominem
1434 932 1633 1014 adsumpsit,
1646 930 1793 1016 loquitur

442 1033 625 1098 secundum
642 1031 822 1108 hominem,
838 1051 913 1096 cum
930 1032 1002 1117 ipsc
1021 1033 1113 1097 Deus
1131 1034 1237 1113 Pater,
1252 1036 1309 1119 qui
1326 1055 1392 1098 non
1408 1036 1597 1119 adsumpsit
1613 1033 1794 1116 hominem,
1831 1055 1846 1112 s

442 1139 590 1223 loquitur
604 1136 698 1220 quasi
715 1137 826 1212 homo,
844 1136 898 1200 Ex
920 1146 1014 1202 utero
1029 1147 1108 1201 ante
1124 1138 1294 1203 luciferum
1319 1141 1419 1223 genui
1436 1147 1487 1206 te?
1504 1141 1582 1206 Non
1599 1141 1709 1209 habeo
1724 1154 1794 1209 ute·

441 1265 529 1310 rum:
545 1245 603 1308 sed
620 1262 687 1307 non
704 1261 840 1324 possum
855 1261 908 1305 me
919 1240 1015 1304 aliter
1031 1242 1176 1306 indicare
1194 1243 1335 1320 Patrem,
1348 1245 1410 1308 nisi
1423 1244 1568 1310 hominis
1585 1246 1693 1311 verbis
1706 1246 1795 1312 locu·

441 1359 495 1414 tus
511 1347 611 1412 fuero.
629 1347 684 1411 Ex
701 1355 797 1410 utero
812 1355 891 1411 ante
907 1345 1079 1410 luciferum
1097 1347 1196 1428 genui
1212 1356 1253 1410 te.
1272 1346 1328 1412 Ere
1341 1358 1439 1426 utero,
1454 1349 1497 1414 de
1513 1369 1588 1416 mea
1598 1349 1797 1418 substantia.

440 1441 607 1518 Ex'utero.
623 1451 716 1516 Audi
746 1450 900 1527 Eunomi,
916 1451 994 1514 audi
1024 1449 1115 1514 Arri:
1133 1452 1160 1514 si
1176 1463 1327 1516 creatura
1354 1462 1405 1516 est
1423 1452 1599 1533 Dominus,
1615 1455 1642 1518 si
1659 1453 1795 1534 factura,

441 1555 603 1640 numquid
620 1554 740 1618 artifex
767 1562 903 1636 generat
919 1573 1004 1636 opus
1019 1559 1136 1618 suum?
1153 1556 1314 1638 numquid
1331 1555 1453 1620 artifex
1478 1555 1581 1622 filium
1597 1570 1696 1626 vocat
1711 1581 1796 1645 opus
1817 1579 1850 1618 ro

440 1661 557 1728 suum?
574 1659 709 1726 Artifex
725 1658 952 1742 carpentarius
968 1656 1245 1724 fecitscamnum:
1262 1660 1422 1742 numquid
1435 1661 1582 1726 deutero
1599 1662 1796 1749 illiusgene·

440 1767 543 1832 ravit?
560 1764 721 1848 numquid
738 1764 819 1828 dicit
835 1762 874 1840 ei,
892 1763 944 1826 De
960 1770 1055 1825 utero
1072 1780 1148 1825 meo
1162 1763 1263 1844 genui
1280 1772 1322 1841 te,
1336 1783 1358 1826 o
1373 1771 1569 1830 scamnum?
1585 1765 1662 1830 Nou
1680 1768 1795 1851 utique

441 1872 505 1935 hoc
519 1869 609 1935 dicit.
627 1869 693 1934 Sed
712 1867 789 1950 quid
808 1867 909 1931 dicit?
926 1867 1002 1949 Ego
1018 1877 1051 1930 te
1069 1865 1130 1930 feci
1158 1887 1260 1930 manu
1288 1887 1370 1932 mea.
1389 1867 1536 1951 Quando
1551 1880 1663 1936 autem
1682 1881 1795 1938 uterus

440 1977 571 2054 dicitur,
587 1974 673 2038 filius
690 1973 904 2056 significatur,
919 1985 954 2037 et
970 1971 1055 2036 filius
1072 1991 1139 2036 non
1157 1972 1345 2055 adoptatus.
1362 1972 1536 2038 Vocantur
1561 1973 1650 2038 enim
1676 1985 1710 2040 et
1736 1974 1793 2040 filii

441 2078 601 2162 adoptati.
617 2083 624 2110 ⁸
641 2076 818 2162 Quotquot
843 2077 930 2140 enim
959 2095 1035 2140 eum
1063 2085 1265 2158 receperunt,
1287 2076 1382 2140 dedit
1408 2077 1455 2141 eis
1480 2087 1683 2160 potestatem
1708 2078 1794 2145 filios
1816 2098 1847 2153 ις

443 2185 507 2250 Dei
534 2183 611 2249 fieri.
627 2184 634 2210 '
653 2183 703 2248 lbi
728 2182 822 2247 dedit
849 2190 1066 2263 potestatem:
1091 2178 1145 2242 hic
1171 2199 1250 2243 vero
1276 2179 1318 2243 de
1344 2169 1438 2244 utero
1462 2180 1643 2262 generavit,
1665 2181 1707 2252 de
1734 2202 1795 2247 sua

441 2299 567 2366 natura,
583 2288 625 2352 de
637 2287 704 2351 suis
720 2285 908 2360 visceribus,
923 2285 966 2346 de
982 2303 1042 2347 sua
1057 2284 1251 2349 substantia.
1264 2283 1429 2362 Eeatero,
1439 2284 1502 2350 hoc
1518 2294 1577 2362 est,
1586 2287 1629 2350 de
1640 2284 1794 2351 medullis

438 2391 625 2456 divinitatis
641 2410 729 2454 suae.
745 2389 870 2452 Totum
897 2386 1056 2470 quicquid
1074 2385 1173 2450 Pater
1198 2397 1248 2450 est
1275 2386 1462 2465 divinitate,
1476 2388 1570 2452 dedit
1588 2387 1673 2452 Filio
1692 2407 1793 2470 quem

438 2494 619 2578 generavit.
636 2492 691 2556 Ex
708 2501 802 2556 utero
817 2501 896 2556 ante
912 2489 1082 2554 luciferum
1100 2491 1200 2572 genui
1216 2499 1257 2554 te.
1271 2489 1360 2552 Ante
1373 2488 1557 2571 lucifirum.
1570 2490 1645 2556 Hoc
1658 2489 1793 2554 schema

437 2618 554 2682 graeco
565 2597 687 2661 dicitur
697 2591 879 2686 συνεκδοχή,
893 2593 984 2676 quod
995 2593 1329 2675 dicuntgrammatici
1341 2592 1400 2658 ἀπὸ
1418 2593 1527 2684 μέρους
1539 2592 1575 2658 τὸ
1586 2598 1658 2659 πᾶν.
1677 2592 1791 2678 Quan·
1812 2623 1846 2662 ao

437 2708 482 2773 do
499 2727 579 2790 crgo
595 2706 725 2781 dicitur,
740 2713 818 2768 ante
836 2703 1018 2782 luciferum,
1034 2724 1135 2768 unam
1152 2714 1336 2769 creaturam
1354 2703 1516 2780 nominat,
1525 2711 1559 2768 et
1574 2722 1691 2770 omnes
1707 2703 1792 2770 indi·

437 2819 680 2876 catcreaturas.
697 2806 844 2890 Quando
866 2806 957 2884 dicit,
973 2817 1051 2871 ante
1079 2806 1262 2884 luciferum,
1278 2826 1339 2870 nos
1366 2807 1413 2870 sic
1438 2806 1682 2889 intellegamus,
1698 2809 1791 2892 quasi

436 2915 570 2991 dixerit,
587 2922 666 2977 ante
682 2912 805 2988 lunam,
822 2921 900 2975 ante
927 2911 1041 2990 solem,
1056 2921 1135 2975 ante
1159 2931 1294 2975 omnem
1319 2919 1512 2976 creaturam.
1531 2912 1587 2976 Ex
1604 2922 1698 2978 utero
1713 2921 1793 2978 ante

436 3017 607 3082 luciferum
632 3017 733 3098 genui
749 3025 791 3080 te.
807 3015 897 3078 Ante
910 3014 1092 3096 luciferum.
1111 3015 1202 3079 Ante
1217 3016 1318 3080 istum
1336 3013 1518 3094 luciferum,
1533 3015 1590 3098 qui
1606 3015 1737 3080 videtur
1758 3016 1791 3080 in

438 3121 574 3198 mundo,
588 3139 665 3183 vera
682 3120 740 3183 lux
757 3120 871 3202 genita
898 3131 957 3185 est.
974 3120 1076 3185 Unde
1092 3120 1173 3184 dicit
1190 3121 1222 3183 in
1239 3120 1306 3184 alio
1334 3119 1407 3183 loco
1424 3118 1558 3202 psalmi:
1573 3122 1580 3152 ‘
1600 3120 1638 3184 ln
1667 3120 1792 3186 lumine
1811 3143 1844 3198 ²5

436 3234 495 3290 tuo
511 3224 699 3290 videbimus
725 3225 847 3290 lumen.
863 3224 870 3251 '
887 3222 1006 3289 Sermo
1022 3233 1072 3290 est
1096 3225 1139 3288 ad
1157 3225 1289 3288 Patrem
1306 3249 1313 3289 :
1329 3223 1360 3288 Ο
1379 3222 1486 3301 Pater,
1501 3223 1535 3287 in
1562 3223 1688 3298 lumine
1715 3223 1791 3288 Filii

436 3329 624 3394 videbimus
640 3327 752 3392 lumcn
772 3326 934 3411 Spiritum
952 3339 1115 3394 sanctum.
1130 3329 1186 3391 Ex
1200 3337 1289 3392 utero
1304 3339 1379 3393 ante
1393 3328 1567 3408 luciferum
1576 3330 1682 3412 genui
1695 3339 1733 3396 te.
1773 3343 1775 3347 “

471 3517 593 3582 tuilitar]
612 3515 713 3566 utilitas
730 3515 770 3576 G;
790 3515 883 3565 ueritas
900 3515 926 3566 S.
1027 3516 1152 3577 internae]
1171 3517 1274 3566 iniuria
1293 3517 1359 3567 BCl.
1462 3518 1627 3581 arevertere]
1647 3523 1739 3567 reverte
1759 3517 1788 3568 C.

434 3597 625 3660 scandalizaris]
636 3597 841 3647 scandalizaberis
854 3595 878 3663 β.
946 3611 962 3657 4
976 3597 1102 3646 Darreirrus
1113 3605 1196 3646 noster
1206 3614 1229 3646 a.
1241 3596 1368 3656 Salvator]
1377 3599 1487 3648 Domina
1497 3606 1579 3648 nostra
1587 3615 1610 3647 a.
1622 3599 1752 3648 Salvatore⁸
1759 3599 1789 3650 C.

433 3678 500 3741 vere]
512 3698 599 3732 verum
612 3681 641 3732 C.
718 3692 732 3744 5
744 3697 781 3746 sq.
795 3679 928 3729 secundum
941 3678 1064 3727 fanre'nem
1077 3707 1109 3715 -
1120 3685 1177 3728 anie
1187 3679 1332 3743 luciferum]
1343 3695 1394 3728 om.
1410 3679 1460 3730 BC.
1539 3693 1565 3729 11
1580 3677 1663 3739 illius]
1674 3680 1748 3730 ill-ur
1758 3680 1789 3731 C.

437 3764 467 3813 16
479 3759 533 3824 Ibi]
544 3763 567 3814 C
578 3763 653 3814 inser.
667 3764 743 3814 enim.
820 3758 898 3818 dedit]
910 3759 925 3828 β
937 3761 996 3810 add.
1010 3763 1052 3811 eis.
1133 3759 1162 3810 18
1172 3762 1317 3824 divinitate]
1327 3762 1488 3811 divinitatem
1500 3763 1546 3812 BG
1558 3781 1566 3823 3
1578 3762 1607 3812 in
1618 3763 1754 3813 dr'ae'm'tate
1764 3759 1789 3828 β.

435 3857 468 3896 20
484 3841 539 3897 lind
559 3840 655 3914 μέρους
667 3842 699 3895 τὸ
715 3845 887 3910 nvaaparte
903 3851 981 3893 totum
992 3841 1016 3910 β
1118 3856 1147 3893 21
1166 3844 1231 3909 ergo]
1248 3861 1298 3894 om.
1311 3845 1362 3894 BC.
1464 3855 1494 3908 25
1511 3845 1583 3908 dicit]
1597 3844 1696 3894 dicitur
1711 3845 1789 3896 BCG.

434 3922 492 3986 lore]
503 3944 554 3979 oui.
568 3927 597 3987 C,
614 3927 633 3975 B
646 3927 727 3992 suppl.
743 3926 768 3975 in
780 3942 858 3990 marg.
957 3925 1052 3989 psalmi
1056 3921 1064 3982 ]
1071 3926 1169 3988 psalmo
1180 3925 1210 3986 C,
1226 3927 1450 3990 Bcoe13psalrreres
1464 3925 1488 3993 β.

475 4094 502 4152 6.
519 4091 589 4152 Non
611 4091 698 4150 habeo
722 4097 835 4150 uterum
859 4087 931 4172 eto]
957 4091 1082 4151 Hieron.
1179 4114 1224 4152 ao.
1240 4101 1272 4154 τὸ
1284 4090 1348 4174 πᾶν]
1366 4093 1490 4154 Hieron.
1508 4094 1538 4154 in
1555 4096 1593 4155 Is.
1610 4113 1654 4168 14,
1672 4115 1688 4154 1
1707 4092 1789 4154 ‘Nisi

433 4171 517 4249 epist.
545 4175 592 4250 65,
619 4193 650 4232 n.
675 4174 812 4249 5‘iuxta
836 4173 955 4232 alterius
979 4173 1082 4250 psalmi
1136 4175 1212 4238 forte
1223 4181 1418 4250 συνεκδοχικῶς
1427 4188 1523 4235 totum
1536 4175 1742 4253 intellegamus
1753 4194 1789 4236 ex

433 4253 605 4315 vaticinium
615 4255 669 4313 Ex
680 4269 759 4313 utero
769 4261 837 4313 ante
846 4253 1089 4331 lanstrurngenur'
1136 4271 1218 4332 parte
1227 4258 1248 4330 ';
1260 4256 1290 4315 in
1304 4257 1368 4316 Ion.
1378 4261 1439 4328 2‚2‘
1450 4277 1505 4318 nos
1514 4277 1584 4318 vero
1594 4263 1788 4332 συνεκδοχικῶς

432 4341 477 4394 te:
493 4345 525 4395 ut
549 4337 705 4412 quomodo
729 4346 828 4395 uterus
852 4355 911 4396 uon
938 4335 1082 4412 significat
1136 4349 1231 4398 totum
1247 4337 1452 4414 intellegamus
1467 4359 1484 4398 a
1499 4341 1599 4416 parte’
1609 4359 1618 4412 ;
1632 4337 1662 4396 in
1679 4337 1787 4396 Matth.

432 4428 549 4476 uterum
565 4419 676 4495 (neque
699 4417 779 4478 enim
796 4417 879 4477 Deus
897 4416 1039 4478 dividitur
1054 4417 1083 4476 in
1139 4439 1183 4490 11,
1197 4439 1236 4491 40
1253 4423 1260 4451 ⁸
1274 4419 1357 4496 quod
1372 4420 1589 4496 synecdochice
1599 4431 1695 4479 totum
1705 4415 1788 4479 inrel-

433 4497 580 4577 membra)
594 4499 648 4560 sed
662 4500 800 4559 eamdem
822 4497 1016 4559 substantiam
1032 4501 1085 4559 Pa·
1135 4501 1249 4578 legatur
1263 4520 1299 4561 ex
1314 4511 1397 4576 parte
1411 4503 1418 4528 ’
1433 4514 1488 4562 etc.

433 4577 485 4640 tris
499 4579 626 4658 Filiique
641 4580 828 4642 demonstrat
843 4581 849 4608 '
864 4591 920 4641 etc.
1178 4585 1222 4642 26.
1238 4578 1348 4662 lumen]
1363 4583 1410 4642 Ps.
1427 4603 1444 4659 3
1448 4600 1475 4660 5,
1494 4603 1539 4644 10.

476 4658 677 4742 16.fieri]10.
697 4682 721 4736 1,
741 4681 785 4722 12.
1176 4683 1221 4740 27.
1238 4666 1335 4724 lumen
1361 4664 1504 4742 Spr'rr'trrrer
1528 4661 1671 4746 sanctum]
1696 4663 1785 4725 Com-
