4202 5492
631 405 886 468 TRACTATUS
910 408 967 466 DE
990 409 1158 472 Psntmo
1181 411 1403 470 LXXXVHII.
1608 409 1682 495 107

328 621 390 684 iste
405 621 553 703 psalmus
580 623 622 686 de
639 623 830 688 conditione
855 623 1000 690 hominis
1027 625 1181 710 loquitur,
1201 630 1281 712 quid
1308 629 1352 693 sit
1378 627 1489 708 homo,
1517 639 1551 695 et
1580 650 1681 712 quare

329 733 426 789 natus
441 726 492 790 sit.
518 726 585 808 Qui
612 747 692 809 ergo
717 727 749 791 in
773 725 895 792 Genesi
920 731 1051 813 scripsit
1075 732 1118 794 de
1144 732 1318 796 hominum
1335 732 1536 812 conditione,
1552 734 1623 816 ipse
1646 744 1680 798 et

329 849 414 894 nunc
430 831 597 895 inducitur
612 831 655 894 ab
669 829 795 913 Spiritu
812 832 1109 916 sanctodisputare
1125 835 1204 916 quid
1223 835 1267 900 sit
1282 836 1392 900 homo.

370 933 518 1014 Domine,
535 935 698 1017 ressegr'nm
717 935 834 1014 sactus
859 957 891 1000 es
918 936 1008 1000 nobis
1032 937 1066 1000 in
1086 938 1293 1020 generatione
1319 949 1350 1002 et
1368 939 1577 1022 generatione
1613 941 1680 1025 Qui

295 1057 309 1110 5
328 1037 487 1120 refugium
516 1040 655 1120 quaerit,
671 1049 729 1104 aut
754 1039 797 1104 ab
813 1050 907 1104 aestu
929 1041 1032 1104 nimio
1056 1042 1230 1124 quaeritet
1247 1043 1364 1121 calore,
1380 1053 1439 1108 aut
1462 1044 1569 1110 bestia
1585 1045 1677 1116 illum

327 1142 540 1225 persequitur,
562 1153 619 1206 aut
643 1141 756 1206 hostes
781 1143 874 1208 ilium
900 1156 1150 1228 persequuntur,
1167 1156 1202 1210 ut
1216 1130 1423 1212 interficiant.
1442 1149 1486 1212 Et
1503 1170 1564 1214 nos
1581 1151 1681 1232 igitur

326 1246 358 1308 in
375 1256 468 1309 aestu
485 1265 599 1310 sumus
622 1247 723 1311 istius
744 1248 866 1310 saeculi
881 1267 889 1327 ;
905 1258 939 1313 et
956 1269 1015 1314 nos
1041 1250 1147 1313 bestia
1165 1252 1381 1333 persequitur,
1396 1252 1439 1317 de
1456 1273 1521 1335 qua
1537 1253 1679 1318 dicimus

324 1354 331 1380 ‘
348 1349 401 1412 Ne
416 1350 528 1414 tradas
545 1350 659 1414 bestiis
674 1350 821 1414 animam
837 1351 1051 1418 confitentem
1070 1353 1149 1418 tibi¹
1165 1375 1173 1433 ;
1188 1364 1221 1418 et
1248 1373 1307 1417 nos
1334 1355 1447 1419 hostes
1474 1376 1678 1440 persequun-

324 1464 377 1516 tur
392 1476 399 1532 ;
415 1463 590 1536 propterea
617 1454 731 1518 subter
755 1455 824 1518 aias
840 1465 914 1520 tuas
931 1456 1120 1540 refugimus.
1136 1457 1177 1522 In
1188 1458 1397 1539 generatione
1410 1469 1444 1524 et
1451 1461 1678 1542 generatione:

278 1582 307 1618 ro
324 1569 357 1623 et
373 1559 404 1620 in
422 1559 609 1640 praeterito,
621 1569 655 1622 et
671 1560 703 1622 in
721 1562 895 1642 praesenti,
911 1569 945 1624 et
962 1561 994 1624 in
1013 1559 1129 1625 futuro.
1148 1559 1257 1625 Aliter
1268 1560 1310 1626 In
1321 1564 1530 1645 generatione
1539 1574 1571 1628 et
1579 1585 1675 1647 gene-

323 1664 466 1728 ratione:
482 1674 516 1728 et
531 1665 564 1728 in
581 1675 691 1728 vetere
703 1665 829 1747 populo
848 1666 1057 1743 Iudaeorum,
1072 1676 1106 1729 et
1122 1667 1154 1729 in
1174 1676 1287 1730 nostro
1304 1667 1567 1750 Xpistianorum.

365 1768 569 1850 Priusquam
585 1780 706 1832 montes
712 1769 842 1852 fierent,
857 1772 1202 1851 etsornearetnrterra
1217 1780 1248 1833 et
1271 1770 1365 1834 orbis.
1383 1770 1541 1854 Subrepit
1557 1771 1589 1835 in
1614 1770 1678 1835 hoc

323 1873 396 1936 loco
411 1873 575 1937 haeresis:
601 1873 637 1938 Si
662 1872 826 1956 refugium
853 1874 959 1940 factus
975 1884 1025 1938 est
1042 1875 1138 1942 nobis
1154 1885 1334 1956 antequam
1353 1885 1483 1939 montes
1502 1874 1618 1940 fierent
1642 1885 1676 1940 et

322 1976 519 2041 formaretur
534 1988 619 2068 terra
636 1987 669 2042 et
683 1977 781 2054 orbis,
798 1997 877 2060 ergo
892 1989 987 2042 erant
1003 1980 1135 2042 animae
1162 1988 1343 2061 antequam
1361 1977 1452 2044 fieret
1468 1979 1565 2047 orbis.
1583 1977 1672 2061 Quid

274 2105 303 2155 ¹5
321 2082 409 2144 enirn
433 2082 514 2146 dicit
530 2082 714 2165 scriptura?
741 2081 897 2161 Domine,
913 2081 1075 2165 refugium
1094 2082 1199 2148 factus
1215 2103 1250 2146 es
1267 2081 1363 2146 nobis
1378 2105 1385 2145 :
1402 2081 1433 2144 in
1451 2083 1675 2164 generatione,

321 2183 437 2266 inquit,
453 2193 486 2247 et
501 2185 736 2267 generatione:
760 2208 780 2250 a
806 2187 968 2270 principio
995 2189 1120 2266 mundi,
1135 2198 1214 2252 ante
1230 2186 1429 2271 principium
1448 2186 1573 2254 mundi.
1598 2186 1675 2250 Hoc
1737 2211 1740 2218 ·

321 2287 367 2350 illi
382 2289 507 2352 dicunt.
525 2289 570 2352 Et
586 2307 628 2352 ne
644 2298 742 2372 putes
766 2311 828 2368 me,
844 2291 960 2374 inquit,
976 2292 1092 2356 dicere.
1112 2293 1306 2375 Priusquam
1337 2299 1468 2355 montes
1492 2289 1618 2368 fierent,
1640 2300 1674 2355 et

321 2390 517 2456 formaretur
539 2403 625 2457 terra
650 2402 684 2457 et
708 2395 806 2472 orbis,
822 2405 867 2472 tu,
883 2396 1000 2479 inquit,
1016 2396 1178 2479 refugium
1197 2395 1301 2460 factus
1318 2415 1353 2458 es
1371 2395 1475 2460 nobis.
1501 2395 1536 2460 Si
1561 2405 1672 2460 autem

319 2495 483 2579 refugium
500 2505 649 2560 nostrum
668 2496 728 2562 fuit
744 2509 924 2583 antequam
951 2500 1040 2564 orbis
1066 2499 1166 2576 fieret,
1182 2520 1261 2583 ergo
1284 2511 1363 2566 ante
1383 2500 1516 2564 animae
1534 2499 1674 2577 fuerunt,

267 2629 301 2666 ιο
318 2625 418 2687 quam
444 2607 588 2669 mundus
604 2605 705 2670 tieret.
729 2605 819 2669 Male
843 2605 1032 2687 distinguis,
1047 2605 1199 2669 haeresis.
1225 2603 1336 2686 Quare
1362 2602 1564 2668 calumniam
1590 2601 1672 2666 facis

319 2709 456 2791 Spiritui
473 2715 616 2772 sancto?
631 2708 687 2773 Sic
715 2708 857 2791 loquere,
873 2709 1043 2791 quomodo
1068 2708 1210 2790 Spiritus
1233 2716 1367 2770 sanctus
1384 2708 1515 2770 locutus
1531 2716 1589 2770 est.
1616 2705 1672 2771 Sic

317 2833 396 2896 ergo
422 2813 599 2896 legendum
625 2823 695 2877 est:
721 2813 869 2890 Domine,
891 2813 1058 2896 refugium
1064 2814 1182 2893 sactus
1195 2833 1228 2875 es
1243 2812 1333 2877 nobes
1355 2813 1390 2876 in
1412 2811 1621 2895 generatione
1641 2821 1673 2874 et

310 2915 518 3000 generatione
532 2941 539 2980 :
552 2926 585 2981 et
597 2917 767 2999 hucusque
780 2917 959 2983 distinctio,
967 2919 1111 2982 Rursum
1125 2917 1214 2980 aliud
1229 2917 1426 3000 principium
1441 2941 1448 2982 :
1465 2916 1670 2998 Priusquam

315 3031 435 3085 montes
441 3021 570 3105 fierent,
585 3031 617 3084 et
620 3023 832 3102 formaretur
851 3031 940 3085 terra
959 3032 990 3085 et
1004 3022 1098 3099 orbis,
1113 3043 1134 3086 a
1150 3020 1273 3085 saeculo
1287 3031 1318 3084 et
1338 3042 1437 3103 usque
1453 3021 1488 3084 in
1506 3023 1670 3085 saeculum

263 3150 295 3202 25
313 3137 349 3192 tn
365 3149 398 3190 es
413 3127 513 3190 Dens.
529 3127 581 3190 Tu
606 3146 642 3189 es
666 3126 758 3188 Deus
781 3137 962 3211 antequam
979 3136 1110 3191 montes
1128 3125 1251 3204 fierent,
1267 3135 1302 3190 tu
1319 3147 1354 3190 es
1372 3126 1465 3190 Deus
1488 3135 1668 3208 antequam

314 3231 510 3296 formaretur
526 3240 612 3293 terra
628 3238 661 3293 et
677 3231 774 3308 orbis,
790 3253 809 3295 a
825 3232 957 3295 saeculo
974 3241 1006 3296 et
1023 3251 1127 3313 usque
1154 3232 1187 3295 in
1214 3232 1383 3295 saeculum
1400 3241 1436 3295 tu
1453 3252 1488 3296 es
1507 3233 1608 3310 Deus,
1634 3242 1668 3295 tu

314 3357 348 3400 es
360 3356 499 3419 semper,
515 3345 551 3400 tu
568 3356 602 3399 es
619 3345 782 3402 aeternus.
1241 3408 1242 3411 Ἴ

356 3440 409 3503 Ne
422 3448 555 3502 avertas
565 3439 725 3502 horrentem
739 3440 774 3502 in
784 3439 1011 3504 hnrreilitatem.
1025 3441 1072 3504 Et
1085 3440 1219 3504 arenti:
1234 3440 1555 3523 Convertime'rei,filii
1567 3438 1668 3504 horrei·

314 3565 400 3614 uum.
418 3542 448 3608 O
468 3544 623 3620 Domine,
639 3553 675 3606 ut
692 3543 755 3606 hoc
771 3545 953 3608 audeamus
970 3555 1091 3627 petere,
1108 3552 1144 3608 ut
1165 3545 1325 3621 dicamus,
1340 3544 1394 3607 Ne
1416 3555 1547 3608 avertas
1562 3544 1668 3607 homi·

262 3674 295 3724 30
313 3669 387 3712 nem
406 3649 438 3712 in
455 3646 687 3724 humilitatem,
705 3659 739 3710 tu
758 3647 852 3736 nobis
869 3649 990 3712 dedisti
1016 3647 1172 3711 fiduciam
1198 3648 1333 3712 dicens:
1357 3653 1364 3680 ‘
1383 3648 1600 3712 Revertimini
1625 3650 1666 3712 ad

312 3771 374 3828 me,
390 3749 457 3827 titii,
473 3760 683 3828 revertentes,
699 3760 733 3814 et
749 3771 812 3834 ego
828 3751 955 3814 sanabo
970 3751 1186 3815 contritiones
1203 3760 1328 3815 vestras
1341 3751 1356 3815 '.
1368 3751 1420 3814 Et
1428 3751 1547 3814 dixr‘sti
1556 3774 1568 3816 :
1586 3749 1667 3815 Con·

311 3853 487 3931 vertimini,
493 3852 569 3936 filii
586 3852 762 3917 leorniuum.
783 3852 946 3930 eroreiam
971 3854 1060 3917 mille
1085 3853 1169 3916 neerei
1181 3862 1256 3916 arete
1278 3854 1380 3916 oculos
1401 3861 1472 3916 tnos
1498 3861 1666 3932 tamqnam

346 4051 354 4086 ι
368 4036 444 4102 queit]
461 4038 509 4102 qni
519 4039 537 4088 S
548 4056 555 4098 ς
575 4054 627 4102 qna
638 4039 670 4088 G.
771 4054 787 4100 4
798 4046 822 4087 et
828 4041 998 4103 generatione]
1010 4040 1080 4090 CHS
1093 4042 1140 4104 (gr.
1155 4036 1199 4088 nei
1211 4041 1297 4107 γενεᾷ)
1309 4059 1316 4100 ;
1335 4046 1359 4088 et
1367 4040 1553 4103 generationem
1568 4033 1662 4103 βΒῦΡ.

309 4119 325 4168 6
336 4121 421 4186 hostes]
441 4121 517 4170 hostis
528 4121 562 4182 G,
578 4122 596 4170 Ρ
607 4137 671 4172 corr.
772 4121 787 4171 8
799 4124 913 4173 animam
924 4122 1087 4187 confitentem]
1107 4125 1207 4172 arrienos
1218 4121 1355 4186 confitentes
1367 4121 1399 4172 G.
1500 4120 1577 4169 hostes
1585 4127 1664 4184 perse·

309 4200 534 4268 qureretnr1singui.
551 4218 619 4253 num.
634 4203 666 4254 G.
747 4219 772 4256 ιι
787 4204 966 4264 vetere]oeteri
977 4203 1021 4272 βὸ.
1098 4199 1495 4269 ηοςινο]ΑΒ(ΖΡΞΗ;ησυοβΟ.
1577 4211 1604 4248 12
1610 4200 1665 4261 sor-

309 4282 590 4349 nraretredfirmaretur
601 4286 665 4336 PSG
678 4301 728 4334 non
740 4296 893 4337 constanter.
984 4284 1111 4351 Subrepit]
1122 4286 1231 4350 subripit
1243 4285 1293 4345 CS,
1308 4286 1327 4334 P
1339 4298 1353 4333 2
1363 4300 1396 4334 m.
1489 4295 1497 4330 t
1503 4295 1517 4346 3
1521 4283 1610 4346 sacten
1620 4281 1666 4342 est]

301 4367 387 4430 finctus
396 4384 421 4418 es
435 4367 507 4428 BCS,
522 4369 541 4418 P
552 4383 615 4418 corr.
718 4381 746 4432 31
760 4370 864 4434 dixisti]
874 4369 933 4419 diri
944 4369 996 4419 SG.
1099 4367 1299 4430 Conuertt'mini]
1311 4365 1334 4416 G
1347 4367 1405 4416 add.
1419 4366 1454 4415 oei
1464 4381 1509 4414 nee.

349 4520 375 4576 8.
392 4514 461 4597 tibi]
480 4521 523 4577 Ps.
543 4537 590 4593 73,
609 4539 653 4594 19·
1010 4517 1081 4576 data
1095 4536 1141 4594 ep.
1162 4537 1225 4590 140,
1243 4535 1269 4574 n.
1288 4519 1315 4574 6.

353 4619 394 4658 12.
409 4601 547 4677 surrepit
560 4601 591 4658 r'n
605 4601 656 4658 hoc
667 4601 724 4658 loco
739 4596 807 4679 ete]
824 4597 958 4660 Ornnino
1052 4619 1098 4674 31.
1115 4595 1237 4678 uestras]
1254 4599 1359 4657 ierem.
1378 4615 1404 4672 3,
1424 4613 1468 4653 ee.

310 4679 387 4755 paria
402 4681 492 4742 habet
508 4679 712 4757 Hieronymus
727 4679 756 4738 in
783 4681 875 4741 modu
899 4681 958 4739 tau·
