4160 5500
563 384 756 445 nouum
779 382 1130 444 murmurosi
1152 381 1273 455 xv111,
1299 398 1354 457 7-9.
1543 366 1626 465 375

271 598 351 682 quia
375 599 481 663 maior
495 609 555 678 est,
570 601 627 666 sed
657 594 822 666 recidatur
847 600 971 679 oculus,
984 591 1159 666 ⁴recidatur
1183 585 1310 696 marius,
1327 598 1492 662 recidatur
1507 603 1576 681 pes}
1592 607 1627 693 ut

272 711 381 766 cetera
398 702 547 767 membra
562 703 756 768 salventur·
1063 713 1066 718 “
1176 715 1177 720 ’

318 807 396 871 Hoc
411 809 600 874 secundum¹
613 809 765 874 altiorem
795 809 1103 894 interpretationem
1126 794 1328 874 dictumest.
1347 788 1529 875 Sciendum
1546 827 1628 890 quo·
1744 898 1746 901 ι

275 911 363 974 niam
380 912 485 993 possit
500 922 534 976 ει
550 912 645 977 aliter
660 913 879 998 interpretari.
890 913 927 979 Si
938 925 972 980 te
983 914 1188 979 scandalizat
1202 915 1327 993 oculus,
1336 915 1363 978 si
1377 924 1411 979 ιε
1423 911 1628 977 scandalizat

243 1042 257 1094 5
276 1035 403 1093 manus,
416 1015 445 1078 'si
461 1024 494 1079 te
515 1016 721 1083 scandalizat
736 1035 805 1101 pes,
826 1017 903 1082 site
929 1036 1081 1082 carorum
1108 1003 1254 1094 nomina,
1269 1029 1372 1100 pater,
1390 1025 1504 1092 mater,
1520 1013 1630 1091 irater,

265 1118 369 1197 'filius
385 1129 419 1183 et
432 1129 561 1185 ceterae
587 1117 855 1206 propinquitates
886 1121 1123 1200 scandalizant,
1138 1123 1272 1212 abscide
1288 1144 1308 1186 a
1325 1134 1379 1188 te:
1396 1121 1513 1212 meiius
1530 1129 1564 1184 te
1579 1127 1629 1181 cst

274 1230 413 1304 regnare
428 1225 499 1288 sine
520 1235 634 1302 matre,
650 1243 750 1309 quam
767 1227 873 1310 perire
897 1243 976 1290 cum
1005 1236 1118 1290 matre.
1137 1226 1181 1290 Et
1196 1225 1259 1291 hoc
1276 1226 1408 1309 proprie
1424 1223 1570 1308 loquitur
1585 1222 1629 1286 sd

276 1327 466 1406 morrac'hos,
485 1327 549 1392 hoc
561 1331 694 1412 proprie
709 1332 854 1414 loquitur
863 1331 906 1396 ad
917 1329 1088 1414 apostolos
1100 1354 1107 1395 :
1120 1329 1302 1395 monachus
1312 1331 1400 1394 enim
1411 1325 1629 1411 apostolicam

274 1431 376 1496 vitam
393 1433 561 1497 desiderat
580 1434 712 1498 imitari.
728 1433 799 1513 vis,
814 1455 835 1498 o
862 1425 1034 1512 monache,
1049 1453 1121 1497 esse
1136 1433 1318 1516 discipulus
1340 1452 1445 1509 meus,
1460 1431 1565 1494 immo
1580 1430 1629 1493 vis

229 1557 259 1594 ιο
275 1534 510 1616 discipulorum
533 1557 683 1602 meorum
699 1537 771 1602 esse
787 1530 994 1620 discipulus?
1011 1537 1078 1601 Fac
1094 1537 1183 1620 quod
1202 1535 1279 1601 iecit
1302 1538 1431 1614 Petrus,
1447 1535 1536 1620 quod
1553 1532 1631 1598 iecit

278 1638 418 1703 iacob'us
432 1652 466 1704 et
484 1640 659 1705 Iohannes.
677 1641 858 1706 Habebant
873 1641 1007 1706 oculum
1023 1628 1316 1719 scandalizantem,
1325 1650 1453 1724 patrem
1467 1646 1500 1703 et
1511 1658 1630 1703 navem

275 1756 307 1809 et
323 1757 435 1810 retem.
452 1747 544 1811 Dicit
557 1747 603 1810 eis
623 1747 714 1811 iesus
737 1745 903 1812 :‘‹Venite
918 1735 1094 1831 sequimini
1112 1767 1166 1812 me
1181 1746 1196 1810 '.
1215 1744 1473 1812 scandalizabat
1483 1752 1631 1826 potestas

276 1858 423 1930 paterna,
441 1851 558 1914 ocuius
574 1847 728 1916 videlicet
745 1851 870 1917 nialus:
886 1837 1069 1918 absciditur
1084 1853 1207 1931 oculus,
1225 1862 1258 1915 et
1275 1849 1320 1940 hii
1337 1859 1493 1913 secuntur
1509 1848 1631 1911 Iesum.

277 1949 386 2014 Nemo
401 1973 481 2037 ergo
496 1954 586 2019 dicat
602 1978 609 2018 :
626 1955 748 2020 Habeo
760 1968 910 2034 matrem,
923 1957 1031 2021 habeo
1043 1966 1183 2039 patrem,
1194 1954 1340 2030 fratrem,
1353 1950 1466 2028 filium,
1480 1970 1632 2027 uxorem,

227 2081 237 2118 r
243 2077 256 2132 5
276 2054 383 2120 habeo
402 2067 512 2120 cetera
527 2057 661 2141 pietatis
687 2079 838 2123 carorum
855 2060 1000 2124 nomina.
1018 2057 1176 2122 Monachi
1201 2056 1428 2140 apostolorum
1446 2055 1632 2119 imitatores

274 2169 371 2226 suot:
387 2179 454 2226 nors
481 2180 561 2244 ergo
587 2181 763 2244 possumus
779 2182 852 2227 eos
877 2163 1008 2241 imitari,
1025 2162 1087 2226 nisi
1116 2161 1289 2225 fecerimus
1316 2153 1405 2244 quod
1434 2158 1581 2223 iecerunt
1598 2167 1631 2220 et

227 2249 235 2266 ’
274 2263 425 2345 apostoli.
438 2263 549 2330 Nemo
568 2267 668 2349 igitur
684 2267 923 2332 moriachorum
937 2268 1045 2332 dicat:
1065 2267 1187 2330 Habeo
1200 2277 1343 2348 patrem,
1355 2263 1464 2327 habeo
1478 2271 1630 2325 matrem.

276 2365 501 2450 Respondebo
519 2367 600 2433 tibi:
618 2369 734 2434 Habes
762 2371 980 2455 tesum'quid
1006 2371 1139 2455 quaeris
1166 2371 1230 2434 ista
1255 2387 1341 2452 quae
1370 2376 1503 2432 mortua
1526 2368 1630 2430 sunt?

276 2470 343 2554 Qui
358 2469 459 2536 habet
476 2472 597 2551 Iesum,
610 2472 711 2538 habet
723 2485 862 2557 patrem,
872 2475 972 2540 habet
990 2487 1140 2554 matrem,
1152 2473 1254 2538 habet
1271 2471 1366 2551 filios,
1378 2471 1480 2536 habet
1493 2487 1628 2534 omnem

224 2605 258 2644 ω
275 2575 568 2659 propinquitatem.
581 2576 671 2660 Quid
686 2581 817 2660 quaeris
830 2591 978 2645 mortuos
990 2581 1001 2644 i
1015 2580 1162 2663 Sequere
1174 2580 1286 2643 vivum
1301 2575 1470 2642 :‘dimitte
1482 2583 1631 2638 mortuos

277 2691 314 2746 ut
325 2680 486 2762 sepeliant
499 2691 648 2760 mortuos
658 2681 674 2748 ¹.
685 2681 776 2749 Dicit
788 2688 830 2749 ad
849 2684 1033 2750 Dominum
1048 2683 1359 2767 uousdiscipulusz‘
1374 2682 1521 2746 Dimitte
1532 2702 1584 2744 me
1596 2693 1631 2744 ut

276 2784 397 2848 vadam
422 2793 454 2849 et
470 2785 629 2868 sepeliam
646 2802 774 2869 patrem
803 2809 914 2853 meum
931 2789 946 2852 ’.
964 2789 1041 2854 Non
1065 2789 1177 2854 dixit:
1194 2787 1335 2852 Dimitte
1353 2807 1405 2851 me
1421 2796 1457 2850 ut
1473 2786 1536 2849 sim
1552 2805 1628 2849 cum

276 2897 371 2972 patre
387 2908 471 2970 meo,
490 2891 548 2955 sed
565 2892 696 2956 dimitte
714 2913 766 2956 me
783 2894 878 2958 unius
894 2894 994 2958 horae
1005 2895 1159 2976 spatium.
1171 2891 1261 2976 Quid
1278 2894 1308 2956 ei
1325 2891 1496 2974 respondit
1515 2889 1630 2953 Domi·

277 2996 362 3077 pus?
379 2991 425 3074 Et
440 2993 476 3057 io
499 3013 566 3058 una
598 2995 680 3061 hora
696 2997 801 3080 perire
817 3008 921 3080 potes.
946 2997 1034 3063 Vide
1058 3018 1109 3076 ne,
1129 2999 1210 3062 dum
1228 2997 1277 3060 vis
1299 2997 1438 3078 sepelire
1455 3003 1634 3072 mortuum,

226 3121 257 3175 ²5
276 3093 347 3178 ipse
364 3096 521 3180 moriaris.
539 3098 693 3163 Mortuus
708 3111 803 3183 pater
815 3122 882 3166 non
899 3103 1006 3184 exigit
1015 3103 1174 3184 pietatem
1187 3099 1252 3164 filii.
1266 3101 1353 3164 Dico
1365 3099 1435 3177 tibi,
1448 3097 1611 3163 monache
1625 3119 1631 3159 :

276 3199 518 3286 quidsquaeris
533 3189 697 3286 patrem?
713 3207 793 3288 quid
810 3206 940 3289 quaeris
966 3210 1129 3270 matrem?
1148 3205 1218 3269 Aut
1235 3203 1415 3286 Xpistiana
1441 3215 1501 3266 est.
1519 3215 1633 3278 mater,

278 3315 335 3370 aut
351 3325 417 3371 non
434 3295 485 3372 est
504 3307 683 3391 Xpistiana
697 3334 704 3375 :
720 3323 777 3376 aut
794 3321 910 3375 sancta
925 3322 984 3391 εει,
995 3321 1053 3376 aut
1068 3311 1238 3394 peccatrix
1256 3335 1264 3374 :
1280 3331 1298 3372 e
1314 3307 1445 3373 duobus
1457 3327 1559 3372 unum
1573 3323 1633 3382 est,

278 3409 372 3474 aliter
387 3431 459 3476 esse
476 3433 542 3477 non
562 3425 681 3496 potest.
698 3415 734 3479 Si
750 3423 867 3479 sancta
882 3425 942 3493 est,
956 3416 1091 3498 gaudet,
1105 3414 1184 3498 quia
1200 3403 1302 3477 seruis
1320 3413 1490 3476 Domino:
1507 3412 1534 3474 si
1556 3429 1629 3494 pec·

278 3514 396 3593 catrix‚
410 3517 542 3581 dimitte
558 3517 659 3595 iilam,
681 3530 811 3583 mortua
838 3524 896 3584 est.
915 3519 1088 3602 Interrogo
1107 3527 1149 3596 te,
1165 3537 1186 3580 o
1202 3527 1307 3582 mater
1323 3514 1511 3600 Xpistiana.
1529 3514 1633 3578 Filius

225 3649 261 3700 30
279 3629 356 3684 tuus
371 3621 471 3686 servit
500 3624 532 3686 io
544 3626 758 3690 'monasterio
784 3625 916 3708 Xpisto‚
932 3625 995 3689 hoc
1022 3635 1082 3701 est,
1097 3624 1289 3706 imperatori
1317 3641 1399 3686 suo:
1416 3621 1565 3703 signatus
1582 3629 1633 3683 est

278 3729 425 3791 cauterio
451 3728 538 3810 regis
555 3729 627 3806 sui,
645 3729 746 3792 habet
771 3741 901 3795 scutum
932 3730 1100 3806 ieiunium,
1118 3727 1220 3790 habet
1246 3727 1377 3808 galeam
1406 3723 1515 3800 fidem,
1531 3722 1632 3786 habet

278 3829 426 3911 gladium
447 3844 642 3896 'sermonem
668 3833 742 3912 Dei,
764 3834 867 3898 habet
892 3834 1038 3909 loricam,
1063 3833 1298 3895 vestimentum
1326 3829 1436 3892 lesum
1468 3828 1501 3890 in
1527 3826 1634 3908 bapti-

279 3945 395 4000 smate.
412 3934 467 4000 Sic
483 3946 534 4001 est
556 3946 717 4017 armatus,
736 3947 871 4020 paratus
893 3938 934 4002 ad
959 3956 1106 4018 pugnam
1122 3935 1245 3999 :debet
1261 3935 1293 3997 in
1310 3949 1466 4014 campum
1483 3930 1585 4007 exire,
1603 3939 1637 3993 ει

316 4143 731 4211 ινιιιὶίαιαν]εειίρεί;νετιᾰαιιιν
744 4145 782 4206 L;
795 4145 887 4194 recedat
899 4161 928 4212 χ.
983 4175 985 4184 ‚
1030 4143 1159 4204 oabrcr'de]
1179 4140 1290 4190 abscinde
1302 4155 1328 4207 χ.
1343 4167 1360 4176 1·
1434 4149 1462 4186 12
1474 4133 1559 4194 reterre]
1573 4133 1635 4192 FLr

280 4234 368 4294 νιιιχ.
453 4229 975 4294 potestaspulcrna]poteslatcmpatrrrram
989 4243 1016 4295 χ.
1110 4238 1138 4289 13
1150 4224 1297 4285 abscrilr'rur]
1309 4222 1469 4271 abscindatur
1482 4234 1510 4285 χ.
1597 4217 1637 4266 tia·

279 4308 408 4370 secuntur]
421 4309 458 4370 F;
478 4310 719 4375 lrr'r'scquunturL;
738 4311 942 4376 insequamursp
1045 4301 1212 4370 27eduodus]
1231 4303 1362 4354 deduobus
1373 4297 1437 4370 χ.’
1503 4298 1637 4364 3¹'fid‘mi

281 4389 302 4439 F
315 4391 412 4455 repetit,
425 4391 470 4440 sed
481 4407 530 4441 om.
545 4391 616 4442 habet
622 4409 648 4456 g.
663 4408 682 4444 s.
697 4393 756 4442 Dei.

289 4533 292 4542 V
328 4529 937 4652 12.req'uirrrrtrr·1ne]Marrh.4,19erc.
992 4595 995 4603 ·
1034 4591 1079 4629 22.
1095 4565 1201 4649 meum]
1216 4569 1287 4629 ibid.
1307 4587 1351 4628 ει.
1417 4641 1420 4648 .

327 4671 374 4716 ει,
389 4651 649 4734 morluosJMatth.
665 4657 693 4728 8,
711 4673 756 4714 22.
