4154 5494
453 418 532 504 154
822 423 850 481 S.
875 419 1129 481 HIERONYMI
1153 417 1435 477 PRESBYTERI‘

447 650 573 708 verant.
587 639 691 705 Verbi
707 657 816 716 causa,
833 636 984 701 Adorate
1008 621 1181 700 'scabillum
1199 635 1322 718 pedum
1340 634 1433 700 eius:
1462 634 1594 699 Petrum
1611 643 1645 699 et
1662 634 1802 699 Paulum

448 755 482 810 et
506 755 633 809 ceteros
659 743 830 826 apostolos
857 742 1003 820 adorate,
1018 742 1082 805 hoc
1104 747 1164 818 est,
1190 739 1361 804 honorate.
1390 738 1553 817 Quoniam
1579 749 1727 804 sanctum
1748 750 1804 805 est.

450 849 531 914 Illos
540 849 687 925 adorate,
698 847 755 930 qui
769 848 801 910 in
812 847 988 910 sanctitate
999 835 1211 928 perseverant
1224 865 1230 921 ;
1241 853 1386 910 ceterum
1404 846 1459 926 qui
1476 842 1650 907 scabillum
1665 844 1805 921 luerunt,

447 963 482 1018 et
495 973 560 1018 non
577 962 656 1016 sunt
672 949 787 1027 sancti,
800 949 873 1013 illos
890 970 932 1014 ne
942 951 1094 1014 adoretis.
1109 948 1210 1013 Verbi
1222 969 1331 1025 causa,
1348 948 1449 1012 Iudas
1467 947 1616 1029 proditor
1631 948 1803 1026 scabillum

450 1057 513 1122 Dei
531 1056 592 1120 fuit
606 1078 613 1120 :
628 1056 686 1120 sed
710 1055 868 1137 quoniam
887 1074 953 1117 non
970 1065 1022 1118 est
1037 1062 1181 1130 sanctus,
1198 1073 1265 1116 non
1283 1071 1358 1115 eum
1376 1050 1530 1116 adoretis.
1548 1051 1630 1134 Legi
1648 1052 1680 1114 in
1697 1051 1803 1116 cuiusss
1824 1069 1839 1124 5

448 1161 526 1226 dam
544 1160 648 1225 libro:
664 1158 897 1242 ‘Adsumptio,
908 1159 1025 1240 inquit,
1037 1156 1176 1222 humani
1187 1157 1335 1240 corporis
1349 1177 1358 1234 ;
1373 1156 1436 1219 hoc
1453 1164 1512 1232 est,
1522 1153 1692 1220 hominem
1705 1175 1801 1240 quem

449 1266 542 1329 Deus
569 1265 612 1329 de
629 1262 737 1326 Maria
763 1271 814 1325 est
841 1263 1000 1344 dignatus
1026 1263 1210 1339 adsumere,
1236 1261 1356 1345 ipsum,
1382 1260 1499 1343 inquit,
1518 1260 1606 1354 'dicit
1631 1260 1802 1324 scabillum

449 1369 574 1454 pedum
591 1367 661 1432 eius
674 1366 690 1434 '.
720 1366 813 1429 Licet
829 1366 964 1449 quidem
990 1366 1190 1449 adsumptus
1216 1364 1259 1429 sit
1277 1363 1389 1441 homo,
1404 1374 1437 1427 et
1461 1366 1503 1429 ad
1531 1365 1802 1446 conparationem

450 1475 513 1537 Dei
529 1474 639 1537 omnis
656 1482 805 1536 creatura
822 1472 996 1536 scabillum
1008 1473 1132 1554 pedum
1143 1472 1214 1536 eius
1230 1483 1290 1546 est,
1301 1469 1412 1535 tamen
1426 1470 1489 1534 hoc
1506 1470 1614 1552 ipsum
1631 1469 1803 1532 scabillum

449 1577 611 1641 sociatum
637 1583 688 1639 est
706 1575 781 1638 Deo
808 1584 840 1638 et
857 1575 987 1640 sedenti
1003 1596 1072 1642 suo.
1097 1575 1221 1639 Videte
1237 1595 1339 1658 quam
1356 1595 1424 1638 rem
1453 1575 1595 1638 audeam
1613 1573 1713 1657 loqui.
1731 1574 1805 1656 Ego
1827 1597 1859 1636 ro

450 1682 496 1744 ita
512 1680 615 1743 adoro
630 1677 804 1766 scabillum
822 1679 910 1761 quod
928 1680 1098 1760 quondam
1114 1678 1184 1755 suit,
1196 1680 1282 1743 sicut
1298 1678 1463 1742 thronum.
1480 1679 1545 1743 ‘Et
1561 1680 1587 1740 si
1604 1680 1692 1742 enim
1708 1699 1805 1742 nove-

450 1803 562 1847 ramus
578 1783 739 1866 Xpistum
756 1783 939 1846 secundum
956 1803 1100 1861 carnem,
1116 1785 1172 1847 sed
1186 1784 1252 1846 iam
1270 1803 1335 1846 non
1354 1783 1507 1846 novimus
1524 1802 1599 1847 eum
1622 1783 1805 1846 secundum

450 1907 583 1951 carnem
594 1887 609 1950 ’.
630 1884 796 1949 Habuerit
812 1885 949 1951 forsitan
966 1886 1140 1951 scabillum
1168 1898 1247 1951 ante
1263 1897 1414 1964 mortem,
1430 1897 1509 1950 ante
1526 1889 1807 1965 resurrectionem,

450 1992 586 2075 quando
603 1991 837 2068 manducabat,
852 1991 988 2072 quando
1005 1991 1151 2068 bibebat,
1163 1995 1299 2074 quando
1312 1999 1443 2055 nostros
1460 1992 1649 2073 patiebatur
1660 1991 1807 2055 affectus.

453 2098 637 2179 Postquam
656 2114 734 2159 vero
751 2096 930 2158 resurrexit
953 2096 1044 2158 etad
1062 2095 1173 2159 caelos
1189 2095 1294 2159 victor
1310 2095 1469 2170 ascendit,
1485 2115 1549 2177 ego
1565 2115 1631 2158 non
1649 2095 1808 2176 intellego
1829 2119 1860 2172 15

451 2202 554 2265 alium
570 2201 744 2264 sedentem
772 2209 805 2262 et
830 2199 932 2263 alium
954 2199 1139 2275 scabillum,
1164 2201 1221 2263 sed
1250 2209 1358 2264 totum
1384 2199 1416 2261 in
1443 2199 1566 2280 Xpisto
1586 2198 1727 2263 thronus
1749 2207 1808 2262 est.

453 2304 595 2389 Quaeris
611 2313 644 2369 et
660 2303 764 2367 dicis:
781 2302 895 2386 Quare
911 2281 964 2367 vel
979 2309 1105 2387 quare?
1122 2303 1305 2387 Quomodo
1320 2305 1373 2381 sit,
1389 2303 1510 2378 nescia,
1525 2311 1559 2365 et
1583 2310 1695 2366 tamen
1709 2303 1809 2366 credo

452 2407 543 2493 quod
560 2409 612 2471 sit.
640 2407 771 2470 Miraris
788 2407 814 2468 si
832 2407 982 2489 ignorem
1000 2409 1042 2472 de
1063 2408 1251 2473 divinitatis
1277 2407 1445 2492 mysterio,
1462 2425 1537 2468 cum
1562 2407 1726 2489 meipsum
1753 2425 1809 2469 ne·

453 2514 582 2575 sciam?
602 2510 795 2590 interrogas
812 2529 866 2574 me
882 2513 1053 2594 quomodo
1076 2523 1110 2576 et
1124 2513 1282 2577 divinitas
1295 2522 1328 2576 et
1344 2509 1529 2575 incarnatio
1545 2528 1648 2574 unum
1665 2511 1716 2585 sit,
1732 2529 1808 2574 cum

453 2637 518 2699 ego
532 2615 679 2679 nesciam
696 2616 867 2696 quomodo
891 2613 1028 2679 vivam?
1045 2617 1155 2680 Deum
1184 2617 1399 2692 intellexisse,
1415 2616 1595 2680 credidisse
1611 2625 1680 2680 est:
1699 2615 1808 2679 Deum
1829 2649 1865 2686 20

453 2741 561 2798 nosse,
576 2719 740 2783 honorare
762 2728 823 2782 est.
848 2718 978 2784 Sufficit
1002 2719 1083 2784 mihi
1108 2721 1191 2784 scire
1215 2722 1304 2803 quod
1328 2720 1489 2803 scripturn
1516 2729 1576 2794 est,
1592 2717 1713 2782 sufficit
1729 2718 1809 2782 mihi

453 2827 536 2888 scire
561 2823 651 2906 quod
677 2823 798 2886 credo:
823 2821 898 2904 plus
921 2835 1033 2887 autem
1061 2843 1122 2888 nec
1144 2823 1220 2889 volo
1242 2844 1303 2888 nec
1328 2826 1435 2908 cupio.
1452 2827 1488 2893 Si
1514 2829 1602 2892 enim
1631 2829 1705 2912 plus
1728 2827 1810 2892 scire

454 2928 598 3005 voluero,
613 2934 646 2990 et
662 2926 725 2990 hoc
743 2926 866 3009 incipio
880 2929 1018 3010 perdere
1034 2929 1123 3010 quod
1140 2929 1248 2994 credo.
1271 2928 1401 2994 Fideles
1418 2931 1567 3009 dicimur,
1584 2951 1650 2998 non
1668 2932 1810 2995 rationa-

489 3145 504 3197 3
514 3134 609 3198 quiin]
621 3134 683 3199 quia
696 3135 725 3182 in
735 3134 766 3184 G.
837 3144 850 3197 5
861 3131 936 3196 Legi]
945 3131 994 3195 lege
1005 3131 1027 3180 G
1039 3147 1046 3188 ς
1059 3132 1164 3194 legimus
1173 3131 1203 3180 C.
1272 3132 1287 3179 6
1299 3131 1458 3197 Adsumplio]
1469 3133 1661 3197 assumptionem
1673 3133 1704 3184 C.
1770 3133 1814 3183 boc

455 3221 500 3282 est]
512 3215 575 3265 CPS
586 3233 593 3274 ς
605 3214 675 3264 ABG
689 3231 738 3264 om.
753 3215 802 3264 boc.
903 3209 1038 3271 bosorinem]
1050 3213 1159 3262 bortrinis
1172 3213 1202 3261 G.
1304 3211 1376 3272 8ad]
1388 3229 1438 3264 om.
1453 3215 1485 3263 G.
1580 3215 1748 3266 toelsedenli
1757 3216 1812 3278 soso]

456 3299 582 3346 elsedeule
593 3313 637 3345 suo
649 3296 695 3344 AB
707 3316 714 3357 ;
725 3305 747 3345 el
758 3298 864 3346 dosenli
873 3313 917 3346 suo
930 3297 970 3356 Cr
988 3296 1083 3344 salerni
1092 3297 1127 3345 ad
1143 3296 1269 3344 dexteram
1286 3297 1370 3360 patris
1382 3296 1436 3346 GP.
1537 3297 1654 3360 audeam]
1673 3299 1758 3348 αάιαηι
1771 3299 1812 3356 C;

456 3381 565 3427 auderent
577 3379 594 3428 S
605 3396 612 3438 ς
623 3379 728 3426 audiam
741 3379 773 3428 G.
845 3391 873 3440 13
886 3379 1023 3440 Habuerit]
1035 3379 1155 3427 babereral
1167 3379 1192 3428 S.
1274 3377 1302 3427 16
1314 3379 1395 3427 alium
1406 3378 1547 3441 scabillum]
1558 3381 1634 3428 aliud
1641 3381 1770 3429 scabellum
1783 3381 1810 3430 S.

460 3472 487 3522 17
502 3461 609 3521 Qrsoeris
619 3465 644 3508 et
653 3459 725 3520 diris]
736 3459 838 3523 quaerit
847 3468 871 3508 et
880 3461 942 3509 dicii
953 3461 1053 3511 nBsG.
1155 3474 1169 3509 2
1172 3474 1186 3523 3
1199 3461 1344 3522 rationales]
1356 3460 1518 3509 rationabiles
1530 3461 1556 3512 S.

498 3642 523 3702 5.
539 3626 572 3684 in
586 3627 733 3684 cuiusdam
754 3623 840 3706 libro]
863 3624 1107 3687 Commentariol.
1156 3634 1285 3684 sonuum
1296 3634 1339 3684 est
1351 3629 1364 3685 ².

458 3725 484 3782 p.
499 3724 535 3782 73
552 3707 702 3782 ‘Quidam
714 3719 820 3784 putant
831 3706 986 3768 scabillum
997 3708 1108 3784 pedum
1204 3727 1246 3766 12.
1263 3709 1413 3766 secundum
1428 3706 1555 3789 carnem]
1569 3730 1582 3768 a
1596 3711 1664 3771 Cor.
1677 3729 1702 3786 5,
1718 3714 1761 3771 16.
1773 3745 1813 3754 -

457 3787 555 3864 Xpisti
583 3808 702 3848 carnem
732 3787 795 3848 eius
830 3788 941 3849 debere
969 3786 1108 3866 intellegi,
1161 3789 1286 3848 Hieron.
1304 3788 1333 3847 in
1351 3791 1455 3848 ierem.
1477 3809 1520 3863 17,
1538 3809 1553 3866 5
1570 3811 1613 3866 sq.
1632 3794 1814 3869 ‘responde-

457 3887 535 3944 quae
549 3881 578 3930 et
593 3869 657 3947 ipsa
672 3888 793 3946 quoque
815 3870 851 3929 sit
872 3871 1025 3930 adoranda
1040 3889 1108 3929 eum
1160 3869 1258 3929 bimus
1274 3867 1346 3929 illud
1368 3871 1586 3947 apostolicum:
1607 3874 1654 3930 Er
1676 3874 1704 3933 si
1730 3875 1815 3934 Cbri·

458 3949 558 4010 Verbo
573 3951 587 4010 '.
616 3951 671 4024 lta,
687 3950 768 4010 verbi
791 3951 890 4028 gratia,
913 3949 1058 4028 Origenes
1080 3949 1110 4009 in
1160 3958 1236 4009 sium
1251 3952 1404 4009 secundum
1418 3972 1531 4011 carnem
1546 3953 1705 4029 alr'quando
1721 3975 1815 4032 rogero-

460 4032 498 4089 Is.
515 4032 594 4092 hom.
619 4049 747 4109 5,n.1;
773 4032 948 4092 Ambrosius
974 4033 1013 4092 de
1036 4031 1109 4109 Spir.
1161 4033 1263 4104 crsisius,
1285 4033 1335 4091 sed
1346 4051 1424 4091 nnnc
1437 4035 1495 4092 ratu
1518 4053 1574 4093 aon
1600 4035 1767 4096 novamus...
1784 4039 1814 4099 Si

459 4123 563 4172 sancto
591 4113 640 4173 lib.
663 4133 690 4188 3,
705 4131 731 4172 c.
751 4131 783 4171 11
813 4125 866 4173 etc.
894 4113 1012 4189 Quibus
1038 4114 1110 4172 illud
1162 4113 1241 4173 enim
1272 4132 1350 4173 mors
1384 4114 1522 4190 absorpta
1551 4128 1596 4175 est
1624 4116 1653 4176 in
1683 4117 1814 4190 victoria,

459 4211 510 4268 per
526 4212 574 4253 me
590 4193 657 4252 licet
672 4195 765 4253 addas
781 4213 816 4253 ex
831 4193 1036 4272 allegoriarum
1059 4197 1112 4253 iar·
1163 4213 1254 4270 quare
1270 4214 1329 4254 non
1356 4196 1451 4254 carnis
1474 4196 1632 4270 humilitas
1648 4217 1727 4274 quae
1751 4219 1816 4278 pro·

459 4273 559 4350 regine
573 4293 663 4350 quam
680 4275 835 4335 Melitonis
859 4295 924 4336 esse
949 4276 991 4336 vir
1012 4278 1047 4336 cl.
1066 4278 1110 4335 lo.
1164 4287 1228 4352 pter
1242 4275 1402 4336 humanam
1419 4278 1543 4337 salutem
1556 4293 1708 4358 assumpta
1719 4291 1771 4355 est,
1786 4280 1815 4340 in

460 4357 544 4431 Bapt.
561 4357 641 4416 Pltra
654 4359 759 4416 acriter
783 4358 939 4418 contendit
963 4359 1110 4434 (Analect.
1164 4357 1325 4417 divinitatis
1336 4358 1482 4418 transierit
1492 4357 1685 4434 maiestatem,
1699 4373 1731 4422 ut
1743 4363 1817 4422 fece

459 4455 530 4495 sacr.
548 4449 566 4496 t
586 4439 627 4510 11,
644 4458 671 4516 p.
689 4437 741 4516 9):
762 4439 952 4499 ‘Scabellum
970 4438 1113 4500 Domini:
1164 4437 1200 4497 rit
1216 4449 1546 4516 utrumqueunun13et
1572 4459 1633 4501 non
1657 4443 1817 4503 adoremus

460 4517 552 4578 homo
580 4533 749 4596 assumptus
774 4537 791 4578 a
814 4521 915 4580 Verbo
940 4523 986 4580 vel
1018 4519 1114 4580 sancti
1164 4523 1401 4594 creaturam,sed
1416 4523 1588 4583 Creatorem
1604 4523 1656 4599 qni
1671 4537 1716 4584 est
1732 4525 1818 4584 bene-

460 4599 523 4658 eius
538 4619 556 4660 a
569 4601 749 4675 quibusdam
767 4613 914 4676 putantur.
932 4603 968 4661 ln
983 4605 1112 4680 psalmo:
1165 4601 1262 4660 dictus
1278 4603 1306 4659 in
1322 4603 1463 4662 saecula?
1479 4605 1485 4630 '

461 4681 592 4739 aaaron
605 4682 754 4740 scabellum
763 4683 870 4758 pedum
893 4684 953 4742 eius
975 4685 1112 4760 quoniam
