4160 5500
565 431 756 493 HOMILIA
779 430 838 489 DE
859 429 1125 490 NATlVII'ATE
1148 429 1321 491 DOMINI.
1533 431 1617 514 393

261 646 304 712 de
318 666 355 711 se
370 666 437 711 non
463 667 536 711 esse
561 657 756 730 generatum
774 671 781 712 :
797 646 988 724 mirabatur,
1004 648 1173 731 gaudebat
1201 658 1327 724 natum,
1343 657 1375 714 et
1404 657 1519 710 natum
1547 668 1612 710 non

260 749 407 814 audebat
422 751 605 833 adtingere.
622 752 667 815 Et
685 751 856 816 reclinavit
879 770 955 814 eum
978 753 1013 814 in
1041 753 1222 835 praesepio.
1241 752 1353 834 Quare
1369 751 1401 814 in
1419 751 1615 833 praesepio?

263 853 311 918 Ut
327 854 537 937 conpleretur
552 855 744 920 vaticinium
761 855 880 918 Esaiae
897 855 1079 938 prophetae
1094 882 1101 918 ε
1116 859 1124 887 ‘
1138 855 1304 939 Cognovit
1318 856 1377 918 bos
1390 874 1613 936 possessorem

260 977 367 1035 suum,
395 966 429 1022 et
453 959 566 1023 asinus
591 959 801 1042 praesepium
827 959 953 1023 domini
982 959 1033 1022 sui
1057 960 1073 1024 ’.
1100 959 1269 1042 Scriptum
1298 959 1406 1022 estin
1431 956 1497 1021 alio
1523 957 1615 1020 loco:

228 1078 243 1133 5
260 1067 268 1094 ‘
286 1061 452 1127 Homines
464 1071 498 1127 et
514 1063 662 1127 iumenta
674 1062 783 1126 salvos
797 1063 896 1128 iacies
909 1063 1055 1127 Domine
1068 1064 1082 1127 ’.
1098 1063 1134 1128 Si
1150 1065 1252 1128 homo
1262 1084 1307 1142 es,
1321 1083 1441 1146 panem
1455 1064 1593 1126 comede
1609 1087 1616 1125 :

260 1167 288 1230 si
305 1164 428 1231 animal
453 1185 497 1242 es,
513 1166 555 1230 ad
584 1187 742 1250 praesepe
768 1167 899 1232 accede.
917 1165 1006 1245 Quia
1021 1188 1083 1230 non
1109 1179 1181 1232 erat
1203 1168 1251 1232 eis
1276 1169 1362 1231 locus
1377 1167 1411 1231 in
1427 1168 1615 1231 diversorio.

263 1269 402 1335 Pulchre
417 1271 515 1348 dixit,
532 1270 609 1335 Non
626 1280 697 1335 erat
713 1271 759 1335 eis
776 1270 867 1336 locus
884 1271 916 1334 in
933 1272 1136 1335 diversorio:
1153 1273 1266 1337 omnia
1283 1271 1370 1335 enim
1391 1271 1526 1334 Iudaica
1544 1269 1615 1334 infi-

213 1443 216 1448 ,
260 1372 380 1438 delitas
396 1372 587 1456 inpleverat.
605 1375 681 1438 Non
711 1375 836 1438 invenit
864 1373 973 1438 locum
1001 1376 1034 1439 in
1063 1387 1179 1440 sancta
1205 1387 1407 1452 sanctorum,
1423 1395 1508 1456 quae
1525 1395 1614 1450 auro,

259 1477 411 1560 gemmis,
426 1478 531 1542 serico
546 1485 580 1542 et
596 1487 736 1561 argento
752 1477 919 1560 fulgebat:
937 1489 970 1544 et
986 1489 1099 1544 tamen
1128 1500 1193 1544 non
1222 1480 1368 1542 nascitur
1389 1478 1473 1542 inter
1496 1498 1611 1542 aurum

213 1601 244 1641 ιο
259 1592 293 1647 et
308 1582 450 1658 divitias,
466 1582 524 1645 sed
541 1580 574 1646 in
591 1590 734 1646 stercore
750 1583 905 1658 nascitur,
922 1583 983 1646 hoc
1001 1593 1060 1660 est,
1077 1585 1110 1646 in
1137 1583 1271 1647 stabulo
1294 1583 1508 1665 (ubicumque
1524 1582 1612 1646 enim

259 1683 438 1762 stabulum,
448 1685 493 1748 ibi
509 1693 543 1749 et
559 1694 685 1750 stercus
699 1685 772 1768 est),
785 1686 841 1750 ubl
858 1695 952 1750 erant
968 1687 1163 1769 spurcitiora
1177 1697 1314 1769 peccata
1327 1698 1448 1750 nostra.
1464 1687 1616 1768 Propter-

260 1789 348 1852 eain
365 1796 509 1852 stercore
536 1789 690 1866 nascitur,
706 1800 743 1855 ut
758 1811 815 1854 eos
831 1791 888 1874 qui
904 1801 982 1855 sunt
998 1793 1040 1856 de
1056 1801 1199 1856 stercore
1216 1791 1375 1856 sublevet.
1398 1799 1405 1824 ⁸
1424 1792 1556 1854 Levans
1572 1793 1615 1854 de

259 1901 402 1957 stercore
430 1892 564 1975 inopem
581 1892 597 1958 '.
624 1893 662 1956 In
688 1904 832 1960 stercore
859 1896 1015 1973 nascitur,
1043 1898 1097 1960 ubi
1124 1907 1156 1960 et
1186 1896 1248 1959 Iob
1273 1897 1421 1972 sedebat,
1443 1904 1476 1958 et
1500 1905 1617 1978 postea

259 2008 438 2062 coronatus
454 2007 513 2060 est.
524 1997 614 2081 Quia
630 2017 696 2061 non
725 2007 795 2063 crat
823 1999 870 2062 eis
895 1999 986 2063 locus
1003 2001 1035 2064 in
1053 2000 1244 2064 diversorio.
1260 1999 1472 2081 Quicumque
1489 2018 1615 2080 pauper

211 2125 221 2160 t
226 2119 243 2176 5
259 2107 319 2176 est,
334 2099 477 2183 accipiat
491 2099 764 2166 consolationem.
780 2101 903 2185 Ioseph
920 2111 953 2166 et
971 2103 1080 2166 Maria
1097 2112 1202 2166 mater
1216 2103 1353 2166 Domini
1366 2123 1432 2166 non
1446 2102 1615 2166 habebant

259 2204 435 2284 servulum,
451 2223 516 2269 non
533 2203 688 2269 ancillam
706 2229 712 2269 :
728 2205 771 2268 de
787 2205 947 2282 Galilaea,
958 2207 1001 2270 de
1013 2207 1182 2270 Nazareth
1198 2205 1258 2268 soli
1277 2206 1421 2282 veniunt,
1434 2225 1500 2268 non
1514 2206 1613 2268 habe·

260 2305 341 2372 bant
357 2307 542 2373 iumentum
558 2332 565 2372 :
581 2307 643 2390 ipsi
666 2316 744 2372 sunt
760 2308 887 2372 domini
904 2321 937 2372 et
955 2309 1077 2372 lamuli.
1095 2310 1180 2372 Rem
1199 2331 1330 2388 novam,
1342 2312 1571 2393 ingrediuntur
1582 2311 1612 2373 in

259 2411 487 2488 diversorium,
503 2432 569 2474 non
587 2411 818 2492 ingrediuntur
834 2413 867 2475 in
883 2413 1053 2476 civitatem
1070 2436 1077 2475 ε
1094 2425 1273 2496 paupertas
1290 2415 1378 2477 enim
1396 2414 1513 2478 timida
1531 2415 1614 2478 inter

259 2513 379 2578 divites
393 2534 460 2579 non
477 2514 622 2580 audebat
638 2515 803 2580 accedere.
818 2515 939 2580 Videte
951 2515 1215 2596 magnitudinem
1235 2519 1448 2600 paupertatis,
1461 2519 1493 2581 in
1509 2519 1614 2584 diver-

207 2639 244 2678 ιο
260 2617 384 2682 sorium
402 2619 550 2683 vadunt:
567 2639 632 2684 non
650 2620 739 2684 dixit
755 2621 844 2703 quod
862 2629 933 2684 erat
956 2621 988 2683 in
1005 2621 1068 2697 via,
1083 2622 1141 2686 sed
1159 2623 1191 2684 in
1208 2623 1405 2687 diverticulo
1433 2631 1503 2686 erat
1518 2633 1615 2686 extra

258 2721 347 2786 viam
362 2745 370 2786 :
385 2721 449 2786 hoc
465 2731 525 2800 est,
541 2742 606 2787 non
624 2723 657 2787 in
674 2725 736 2802 via,
752 2726 809 2790 sed
827 2735 924 2788 extra
939 2725 1047 2788 viam:
1065 2745 1130 2788 non
1155 2727 1187 2789 in
1205 2728 1257 2791 via
1276 2729 1366 2810 legis,
1383 2728 1439 2791 sed
1459 2729 1492 2790 in
1509 2727 1615 2790 diver·

260 2825 363 2889 ticulo
389 2826 562 2908 evangelii,
578 2835 612 2892 et
636 2837 748 2892 tamen
774 2829 807 2892 in
835 2830 908 2912 ipso
934 2829 1131 2892 diverticulo
1158 2843 1261 2896 erant.
1279 2831 1370 2895 Alibi
1389 2831 1497 2894 nullus
1521 2831 1614 2894 locus

260 2929 401 2994 vacabat
413 2930 455 2994 ad
470 2930 680 2996 nativitatem
693 2932 875 2998 Salvatoris
887 2934 947 2997 nisi
961 2953 1127 3016 praesepe,
1133 2955 1293 3018 praesepe
1303 2935 1344 2999 ad
1359 2935 1447 3017 quod
1465 2935 1613 2996 iumenta

260 3043 294 3098 et
310 3034 394 3098 asini
411 3034 657 3118 ligabantur.0
684 3036 710 3099 si
739 3036 819 3100 mihi
846 3035 957 3099 liceret
975 3036 1054 3099 illud
1073 3057 1232 3120 praesepe
1249 3039 1368 3116 videre,
1388 3039 1420 3101 in
1451 3056 1518 3120 quo
1547 3037 1615 3100 Do-

207 3137 371 3218 asininus
396 3139 515 3204 iacuitl
540 3140 640 3205 Nunc
667 3160 728 3204 nos
756 3140 870 3223 Xpisti
895 3141 989 3223 quasi
1017 3162 1078 3223 pro
1103 3140 1229 3204 honore
1255 3141 1393 3205 tulimus
1421 3141 1557 3218 luteum,
1583 3150 1616 3203 et

261 3243 433 3326 posuimus
459 3253 677 3327 argenteum:
694 3243 752 3306 sed
782 3243 862 3306 mihi
889 3244 1065 3326 pretiosius
1094 3243 1173 3306 illud
1191 3253 1250 3322 est,
1267 3245 1355 3326 quod
1379 3245 1527 3306 ablatum
1556 3252 1615 3305 est.

260 3347 451 3430 Argentum
467 3357 502 3413 et
517 3369 634 3414 aurum
653 3357 796 3414 meretur
811 3348 981 3430 gentilitas
996 3371 1004 3410 ε
1021 3348 1200 3430 Xpistiana
1218 3346 1298 3411 fides
1316 3356 1460 3410 meretur
1489 3347 1613 3410 luteum

260 3449 342 3515 illud
367 3471 534 3535 praesepe.
551 3451 619 3535 Qui
644 3453 676 3514 in
702 3452 768 3516 isto
795 3471 953 3533 praesepe
982 3462 1163 3528 natusest,
1190 3470 1306 3514 aurum
1324 3451 1551 3532 condempnat
1582 3469 1614 3522 et

259 3563 444 3636 argentum.
462 3554 540 3618 Non
557 3553 770 3638 condempno
793 3555 922 3636 eosqui
949 3554 1084 3617 honoris
1100 3573 1201 3617 causa
1217 3552 1364 3616 lecerunt
1381 3555 1504 3634 (neque
1522 3553 1611 3615 enim

293 3721 460 3784 7Pttlchred.
475 3740 501 3774 n.
515 3738 535 3774 e.
549 3723 848 3786 t.l.t'.dr'versort'0]0m·
863 3739 892 3791 χ.
960 3730 1076 3792 ludrica]
1088 3730 1184 3779 iudicia
1197 3746 1223 3797 χ.
1293 3728 1456 3790 Sr'usancta]
1471 3745 1489 3797 χ
1501 3737 1525 3778 et
1539 3729 1614 3777 codd.

258 3800 331 3870 quae]
342 3805 390 3870 qui
398 3821 426 3873 χ.
504 3818 521 3867 9
523 3801 650 3871 fulgebat]
657 3807 788 3870 fulgebant
798 3809 825 3860 N
838 3811 867 3868 (n
879 3812 937 3860 add.
952 3828 1007 3876 sup.
1021 3813 1081 3872 lin.)
1161 3825 1186 3860 11
1200 3808 1338 3870 stabulum]
1349 3813 1461 3860 statutus
1475 3811 1502 3869 F,
1515 3811 1539 3859 N
1552 3827 1615 3860 corr.

257 3881 418 3950 spurcitiora]
439 3886 503 3954 Νχ;
522 3887 689 3951 spurcsiiiores
709 3889 750 3946 1.;
769 3892 922 3953 spuride'ores
942 3894 970 3941 F.
1091 3905 1120 3942 12
1141 3894 1169 3941 in
1189 3894 1300 3954 stercore]
1324 3895 1352 3942 in
1375 3901 1480 3941 stercora
1503 3892 1526 3940 N
1549 3904 1558 3940 1
1582 3909 1615 3940 tn.

262 3978 292 4032 15
303 3968 417 4031 accipiat]
428 3968 453 4017 N
465 3985 472 4027 ς
484 3970 584 4034 accipter
596 3984 623 4036 χ.
728 3970 757 4020 16
767 3971 797 4020 de
808 3972 946 4033 Nazareth]
959 3975 982 4023 N
994 3991 1043 4024 om.
1058 3976 1095 4025 de.
1198 3988 1229 4024 20
1239 3983 1294 4023 erat
1304 3983 1376 4022 extra
1388 3969 1469 4031 vicini
1483 3974 1505 4022 N
1517 3990 1524 4032 ;
1543 3990 1562 4022 e.
1576 3990 1616 4020 ex·

257 4052 343 4099 travia
356 4051 376 4100 F
387 4067 395 4110 ;
406 4067 426 4099 e.
439 4061 512 4099 extra
523 4053 551 4100 in
563 4052 606 4100 via
619 4066 646 4118 χ.
731 4065 762 4115 23
771 4053 894 4119 praesepe]
908 4072 958 4106 non
971 4067 1049 4122 repet.
1066 4073 1093 4125 χ.
1174 4069 1204 4120 25
1217 4052 1318 4122 Xpisti]
1330 4057 1413 4115 codd;
1428 4057 1575 4106 Christiani
1587 4071 1614 4124 χ.

261 4129 293 4180 28
304 4132 332 4180 iu
344 4133 390 4181 isto
395 4133 521 4197 praesepe]
533 4134 550 4183 i.
566 4134 583 4183 i.
595 4134 726 4198 praesaepi
738 4135 762 4184 N
775 4136 798 4194 (i
809 4135 833 4185 in
846 4153 859 4186 e
870 4154 924 4202 sup.
940 4139 997 4199 lin.)

301 4283 328 4337 4.
343 4262 407 4346 sui]
423 4266 465 4326 Is.
484 4285 507 4338 r,
525 4285 551 4342 3.
965 4285 1009 4330 est
1036 4273 1192 4344 Dominus,
1220 4271 1249 4331 in
1272 4291 1332 4347 qua
1359 4284 1404 4331 est
1427 4289 1569 4346 praesepe
1583 4289 1618 4328 ex

303 4363 329 4423 5.
341 4347 470 4406 Domine
496 4350 540 4406 Ps·
558 4364 605 4425 35,
624 4365 648 4422 7·
965 4371 1037 4411 auro
1048 4364 1077 4412 et
1092 4367 1214 4430 argento
1226 4364 1364 4412 ornatum
1379 4355 1386 4382 ’
1402 4373 1411 4425 ;
1427 4353 1552 4411 Hieron.
1569 4370 1614 4427 ep.

306 4447 350 4503 ¹3·
365 4428 476 4506 inopem
506 4429 552 4488 Ps.
572 4449 637 4502 112,
656 4448 680 4505 7.
969 4453 1033 4508 147,
1051 4436 1146 4507 4‘Tu
1164 4433 1239 4495 inter
1251 4435 1324 4493 ostia
1337 4435 1488 4509 quondam
1506 4453 1617 4508 praese-

304 4511 349 4569 26.
361 4510 512 4588 posuimus
538 4510 715 4594 argenteum]
742 4514 914 4577 Antoninus
966 4515 1010 4592 pis
1026 4515 1158 4588 Domini,
1170 4535 1249 4575 nunc
1267 4515 1376 4587 altaris,
1389 4515 1547 4574 amatorias
1559 4513 1617 4590 epi-

262 4609 301 4651 m.
326 4609 392 4668 cap.
409 4593 471 4668 29‘
493 4592 532 4651 Et
557 4593 735 4654 Bethlehem
761 4609 805 4658 est
830 4598 914 4656 locus
965 4598 1057 4657 stulas
1069 4595 1212 4658 fulciebas
1224 4599 1238 4658 ’.

261 4672 476 4751 splendidus...
492 4672 539 4734 Ibi
548 4687 593 4735 est
604 4676 755 4752 spelunca,
766 4678 818 4740 ubi
828 4687 914 4738 natus

314 4802 426 4846 numm
434 4802 587 4847 Muedsoisua
596 4803 641 4856 111,
651 4819 671 4848 s.
