4062 5504
472 332 550 390 120
878 326 907 384 S.
939 321 1194 382 HIERONYMI
1225 320 1492 380 PRESBYTERI

469 525 614 589 Sanctus
631 521 783 598 Sanctus,
801 542 922 605 negare
938 541 1005 584 non
1027 539 1205 601 possumus
1222 541 1228 595 ;
1255 529 1291 582 ut
1322 529 1436 583 autem
1462 521 1566 583 Filius
1583 521 1777 584 aestimetur
1791 533 1822 584 et

468 627 612 708 Spiritus
626 627 781 702 Sanctus,
791 624 854 688 hoc
867 625 1001 707 penitus
1018 623 1209 686 refutamus.
1223 622 1393 705 Quicquid
1407 624 1495 686 enim
1511 622 1823 688 consortioalterius

469 731 617 815 possidet
633 731 858 807 sanctitatem,
870 731 1007 792 abusive
1026 729 1149 790 dicitur
1160 737 1324 803 sanctum,
1338 748 1398 790 nec
1408 728 1558 791 eiusdem
1568 737 1620 790 est
1631 729 1825 805 sanctitatis,

468 834 560 896 cuius
577 832 657 895 illud
676 853 694 894 a
711 853 778 914 quo
793 834 914 914 accipit
931 834 1143 895 sanctitatem
1161 853 1167 909 ;
1189 829 1293 894 Filius
1309 843 1421 894 autem
1440 841 1473 894 et
1501 831 1648 914 Spiritus
1674 831 1825 908 Sanctus,

469 957 535 1000 non
553 937 723 1014 abusione,
739 937 940 1019 alteriusque
956 936 1134 1011 consortio,
1150 935 1208 997 sed
1240 955 1297 1017 per
1317 946 1470 999 naturam
1489 935 1502 1018 [
1503 985 1559 1001 .....
1563 935 1576 1017 ]
1593 957 1680 1017 quae
1706 935 1825 998 sancti·
1844 959 1858 1011 5

469 1041 590 1102 ficante
616 1040 691 1104 Deo
716 1040 905 1104 sanctitatis
933 1061 1056 1103 nomen
1083 1039 1222 1120 accepit,
1243 1049 1300 1101 aut
1330 1051 1504 1122 permanet
1530 1041 1562 1101 in
1589 1041 1779 1116 sanctitate,
1792 1049 1825 1102 et

468 1155 585 1208 sancta
600 1144 745 1221 dicitur;
772 1155 830 1207 aut
859 1164 917 1226 per
948 1143 1194 1226 neglegentiam
1225 1145 1368 1222 perdens
1391 1144 1482 1225 quod
1511 1151 1696 1223 acceperat,
1713 1152 1826 1205 sancta

468 1269 541 1311 esse
565 1248 705 1311 desistit.
730 1248 833 1311 Porro
860 1248 965 1310 Filius
990 1257 1023 1310 et
1056 1245 1201 1326 Spiritus
1230 1246 1374 1310 Sanctus
1405 1267 1472 1310 non
1499 1246 1635 1309 alterius
1660 1246 1827 1309 consortio

468 1351 876 1429 habentsanctitatem‚ue
886 1350 1011 1413 similes
1024 1347 1183 1411 creaturis
1200 1367 1273 1410 esse
1289 1348 1475 1426 videantur,
1486 1359 1518 1424 et
1532 1350 1667 1413 aliunde
1679 1351 1826 1430 accipere

467 1456 559 1538 quod
577 1476 642 1518 non
659 1455 840 1533 habebant,
856 1454 1097 1534 inferioresque
1116 1471 1189 1514 esse
1212 1472 1253 1514 eo
1282 1454 1376 1515 cuius
1401 1455 1576 1536 possident
1603 1456 1826 1518 sanctitatem.
1847 1479 1877 1516 ru

468 1561 562 1624 Sicut
578 1560 667 1622 enim
685 1579 804 1640 corpus
821 1559 948 1622 habens
965 1558 1110 1620 colorem
1132 1577 1199 1618 non
1219 1567 1270 1620 est
1286 1559 1394 1638 ipsum
1412 1561 1500 1640 quod
1525 1561 1626 1636 color,
1638 1561 1696 1621 sed
1711 1557 1827 1621 coloris

469 1665 728 1746 participatione
745 1672 803 1726 aut
818 1663 932 1725 album
950 1670 999 1724 est
1015 1670 1074 1722 aut
1091 1659 1227 1723 rubrum
1244 1671 1303 1724 aut
1320 1663 1463 1744 nigrum,
1475 1683 1537 1726 nec
1553 1673 1604 1726 est
1617 1663 1686 1727 tale
1697 1663 1826 1744 (quam-

468 1789 568 1850 quam
597 1767 724 1849 absque
746 1767 857 1831 colore
884 1785 956 1828 esse
984 1784 1049 1827 non
1083 1765 1203 1845 possit)
1236 1764 1343 1846 qualis
1371 1767 1441 1847 ipse
1466 1767 1577 1844 color;
1604 1767 1652 1828 sic
1680 1766 1784 1828 Filius
1799 1767 1825 1826 si

468 1871 602 1934 aliunde
627 1871 728 1934 habet
753 1871 979 1944 sanctitatem,
995 1869 1091 1930 iuxta
1118 1868 1314 1949 Origenem,
1335 1879 1471 1932 sanctus
1494 1890 1562 1933 non
1579 1871 1641 1933 erit
1657 1890 1717 1952 per
1732 1879 1828 1932 natu-

469 1995 549 2039 ram.
578 1974 676 2057 Quod
703 1975 745 2038 de
777 1975 866 2037 Filio
892 1973 1052 2049 diximus,
1067 1972 1131 2035 hoc
1157 1981 1191 2034 et
1217 1973 1260 2036 de
1288 1972 1415 2054 Spiritu
1442 1973 1568 2038 Sancto
1584 1973 1828 2053 intellegamus.
1849 1999 1875 2049 15

469 2080 573 2143 Aliud
591 2080 680 2142 enim
697 2088 836 2142 estesse
852 2087 1007 2140 sanctum
1031 2096 1088 2157 per
1104 2085 1270 2153 naturam,
1286 2077 1376 2140 aliud
1402 2098 1462 2158 per
1489 2078 1723 2160 participium:
1750 2077 1829 2159 quia

468 2185 500 2246 in
529 2184 635 2247 altero
662 2203 728 2245 non
755 2192 866 2264 potest
892 2184 1008 2244 deesse
1035 2181 1124 2262 quod
1159 2201 1291 2262 semper
1314 2191 1374 2258 est,
1389 2181 1422 2243 in
1448 2181 1553 2244 altero
1569 2191 1681 2262 potest
1697 2179 1829 2256 auferri,

468 2287 547 2368 quia
563 2295 737 2367 acceptum
755 2295 815 2350 est.
832 2286 994 2348 Dicamus
1014 2294 1046 2348 et
1067 2283 1157 2347 aliud
1175 2284 1379 2366 exemplum.
1398 2285 1490 2366 Ignis
1506 2285 1634 2347 calidus
1651 2305 1709 2366 per
1732 2294 1827 2348 natu·

472 2411 542 2453 ram
560 2401 621 2465 est,
637 2388 716 2453 facit
743 2398 856 2451 autem
884 2388 992 2452 calere
1018 2397 1051 2451 et
1079 2387 1144 2450 alia
1173 2407 1258 2469 quae
1284 2388 1429 2451 calorem
1457 2388 1546 2450 illius
1572 2389 1829 2470 participatione

471 2493 679 2576 susceperint
695 2514 703 2572 ;
718 2501 753 2556 et
771 2514 837 2556 non
855 2502 922 2556 tam
941 2512 1000 2574 per
1017 2501 1169 2555 naturam
1191 2491 1300 2554 calida
1316 2501 1403 2569 sunt,
1427 2511 1526 2573 quarn
1551 2492 1670 2555 caloris
1695 2493 1827 2574 partici-
1846 2519 1877 2555 20

470 2599 608 2678 patione
633 2598 798 2661 dicuntur.
825 2596 882 2661 Sic
910 2595 1015 2659 Filius
1048 2604 1080 2658 et
1107 2593 1251 2676 Spiritus
1282 2593 1429 2658 Sanctus
1458 2595 1485 2657 si
1517 2595 1651 2658 aliunde
1678 2597 1830 2678 possidet

470 2703 694 2778 sanctitatem,
710 2721 776 2764 non
794 2702 980 2763 secundum
1000 2710 1154 2762 naturam
1175 2700 1234 2763 sed
1251 2700 1436 2762 secundum
1453 2701 1595 2780 gratiam
1613 2701 1828 2764 sanctitatem

468 2806 591 2870 habere
617 2805 805 2868 credendus
832 2816 891 2868 est.
909 2803 976 2868 Sed
1009 2803 1089 2883 quid
1122 2805 1165 2866 ad
1193 2803 1386 2885 Origenem,
1401 2805 1458 2886 qui
1476 2804 1597 2867 Filium
1614 2813 1648 2867 et
1664 2804 1828 2886 Spiritum

469 2907 633 2972 Sanctum
651 2929 717 2971 non
736 2918 855 2972 natura
871 2908 929 2970 sed
951 2907 1208 2988 participatione
1229 2917 1382 2971 sanctum
1399 2929 1500 2971 ausus
1517 2919 1566 2971 cst
1579 2908 1699 2984 dicere,
1712 2923 1746 2972 ut
1760 2929 1828 2973 uon

470 3013 612 3076 multum
631 3013 732 3076 distet
748 3033 767 3074 a
784 3012 890 3099 nobis,
904 3013 961 3092 qui
978 3010 1168 3074 sanctitatis
1189 3032 1233 3072 ex
1260 3011 1327 3074 alio
1350 3032 1517 3075 meremur
1544 3012 1667 3076 habere
1694 3033 1829 3076 consor·
1846 3039 1874 3090 ²5

467 3117 552 3179 tium
570 3117 675 3198 (quod
709 3117 841 3179 etiamsi
871 3134 1024 3178 sermone
1051 3123 1170 3191 taceat,
1186 3114 1259 3197 ipsa
1279 3135 1387 3177 rerum
1404 3117 1644 3198 consequentia
1661 3117 1831 3199 loquitur),

469 3229 502 3282 et
519 3220 652 3300 ignorat
668 3221 758 3302 quod
776 3221 852 3284 licet
872 3221 963 3282 color
980 3239 1046 3282 non
1067 3221 1174 3301 possit
1198 3239 1217 3282 a
1243 3240 1380 3301 corpore
1407 3222 1562 3302 separari,
1578 3231 1693 3284 tamen
1720 3223 1831 3285 omnis

469 3323 682 3405 participatio
709 3345 795 3405 quae
826 3324 960 3386 aliunde
989 3324 1172 3400 descendit,
1199 3322 1362 3386 interioris
1393 3325 1501 3387 meriti
1528 3325 1565 3390 fit
1591 3326 1635 3390 ab
1661 3347 1710 3402 eo,
1736 3327 1832 3390 cuius

469 3426 728 3509 participatione
754 3425 791 3490 fit
816 3433 956 3490 sancta?
989 3427 1092 3491 Aliud
1123 3429 1211 3490 euim
1241 3438 1292 3491 est
1309 3448 1366 3510 per
1382 3438 1546 3506 naturam,
1562 3429 1653 3496 aliud
1671 3451 1729 3512 per
1744 3433 1830 3494 acci-

470 3531 620 3594 dentiam
637 3531 763 3612 aliquid
781 3531 963 3613 possidere.
984 3531 1093 3613 igitur
1109 3532 1213 3594 Filius
1234 3541 1267 3594 et
1285 3531 1430 3613 Spiritus
1447 3533 1601 3610 Sanctus,
1616 3535 1643 3597 si
1659 3556 1704 3597 ex
1716 3537 1831 3618 aliquo
1847 3561 1874 3610 30

469 3635 644 3717 principali
661 3637 830 3718 accipiunt
846 3637 1073 3712 sanctitatem,
1093 3656 1159 3699 non
1180 3646 1278 3700 erunt
1294 3646 1411 3701 sancta
1435 3650 1561 3716 natura,
1578 3641 1635 3702 sed
1660 3642 1830 3704 abusione.

504 3820 664 3881 sucularum]
676 3825 773 3868 natura
793 3820 821 3869 C.
925 3821 1195 3884 7mglcgemiam]·lr'a
1206 3822 1237 3871 C.
1341 3821 1371 3871 18
1389 3823 1473 3882 aliud]
1493 3823 1562 3871 aliut
1579 3823 1607 3874 C.
1710 3837 1740 3888 ²3
1758 3826 1832 3890 quid]

469 3900 559 3966 scripsi
570 3917 601 3951 ex
613 3901 775 3966 coniectura3
789 3902 857 3966 quod
867 3918 892 3951 u.

515 4069 538 4109 1.
569 4069 672 4126 negare
707 4069 766 4111 non
800 4049 962 4132 possumus]
994 4051 1121 4112 Hieron.
1166 4052 1277 4129 ficante
1290 4055 1355 4113 Deo
1369 4065 1424 4113 etc.

471 4133 560 4193 Cont.
578 4133 649 4192 Rus.
668 4135 691 4204 l,
706 4135 741 4190 18
755 4138 762 4163 ‘
777 4133 862 4191 Haec
878 4134 1024 4210 Origenes
1035 4133 1123 4211 scrip·
1220 4139 1263 4194 18.
1281 4137 1424 4194 Dr‘camus
1434 4133 1567 4215 etalr'ud]
1580 4138 1726 4214 Agnoscis
1738 4159 1829 4200 uuam

471 4214 517 4288 sit,
534 4234 641 4289 negare
656 4233 717 4273 non
732 4233 891 4290 possumus
904 4216 919 4274 ¹.
1175 4236 1211 4275 ex
1240 4217 1275 4274 iis
1303 4235 1378 4292 quas
1407 4217 1437 4276 in
1463 4235 1514 4278 ore
1539 4232 1714 4280 constanter
1739 4223 1829 4282 babet

512 4313 539 4372 5.
576 4303 716 4354 naturam
717 4341 779 4354 .....
814 4316 888 4370 qnae
915 4294 1122 4376 rnnctrficante]
1175 4297 1345 4358 locutiones
1363 4299 1520 4359 Tractator
1535 4313 1645 4374 noster,
1662 4323 1687 4362 v.
1704 4321 1745 4378 gr.
1764 4305 1829 4364 ΙΙΙ·

472 4377 534 4436 Hic
550 4378 639 4435 etiam
655 4376 769 4453 aliquid
785 4379 878 4448 deest,
895 4381 979 4453 quod
999 4381 1125 4440 sortasse
1177 4398 1204 4454 9,
1225 4399 1258 4454 17
1274 4401 1282 4452 ;
1298 4383 1344 4454 76,
1362 4401 1421 4456 33;
1439 4398 1484 4456 79,
1501 4400 1572 4456 3.4;
1590 4387 1655 4455 148,
1674 4403 1711 4460 πρ
1726 4398 1782 4443 etc

472 4459 511 4517 ita
533 4457 663 4534 suppleri
693 4458 803 4532 possit:
824 4461 874 4518 sed
900 4470 953 4534 prr
983 4470 1124 4520 naturam
1219 4464 1266 4520 26.
1281 4463 1360 4537 quod
1371 4463 1487 4522 etrirrrrsi
1504 4483 1630 4524 sermone
1650 4463 1756 4548 taccat]
1783 4469 1828 4528 (ΖΙ.

472 4538 578 4620 [sancti
591 4546 667 4598 sunt.
688 4539 714 4598 C
712 4548 833 4598 natura
847 4538 925 4620 uero]
936 4561 1010 4616 quac
1023 4545 1125 4604 sancti·
1177 4543 1283 4603 adnot.
1297 4562 1387 4620 supra
1401 4545 1439 4603 ad
1458 4563 1524 4620 109,
1538 4565 1565 4620 3.
