4112 5496
461 380 511 487 vi
996 417 1287 485 pnnurnrro.

464 691 568 756 ram
591 647 1021 785 Adoratefilium,
1043 647 1092 752 in
1114 645 1225 784 ipso
1242 687 1463 784 corpore,
1486 687 1550 752 ne
1568 646 1818 755 violentus

463 789 775 897 viderert
703 812 775 894 ΓΓΓΓ
778 829 947 926 erpres
990 810 1039 893 et
1020 787 1320 893 tludaicae
1346 787 1625 894 calumniae
1651 788 1816 896 locum

464 933 650 1053 darem,
678 930 890 1036 dixerim
917 929 1154 1034 Adorate
1168 947 1303 1066 pure
1344 928 1447 1034 sive
1485 928 1654 1035 electe:
1645 931 1819 1069 ·quod

467 1071 662 1209 Aquila
701 1113 906 1209 quoque
927 1094 975 1178 et
1004 1068 1345 1209 Symmachus
1386 1068 1819 1178 transtulerunt?'

541 1213 630 1316 nd
657 1211 781 1318 haec
822 1211 1105 1318 Vallarsius
1142 1219 1158 1323 l
1169 1210 1325 1316 Prael
1354 1250 1521 1348 gener.
1553 1252 1598 1316 n.
1628 1253 1697 1370 ‚²4
1701 1253 1815 1350 ,ap

475 1355 668 1512 Migne
697 1393 776 1476 22,
805 1371 997 1478 ΓΓΧνΓΓ);
1038 1352 1163 1456 ‘Ex
1203 1350 1301 1456 hoc
1332 1350 1566 1457 luculent
1533 1352 1728 1459 trssimo
1754 1375 1821 1459 te·

467 1494 705 1599 stimonio
756 1493 975 1599 minores
1024 1492 1274 1630 quosdam
1331 1493 1720 1600 commentarios
1770 1493 1819 1599 in

467 1635 690 1774 psalmos
718 1634 811 1741 salt
793 1659 894 1741 tem
920 1633 1129 1772 aliquos,
1157 1674 1346 1770 eosque
1366 1631 1579 1739 multum
1601 1676 1630 1741 a
1650 1658 1822 1742 tracta·

468 1776 603 1882 tibus
648 1777 888 1899 diversos
938 1776 1316 1914 Hieronymum
1361 1773 1681 1882 elucubrasse
1707 1775 1822 1915 quis

469 1917 693 2024 dubitet?
647 1917 894 2056 t'Quos
920 1915 1260 2054 quidemlicet
1242 1915 1628 2074 tdeperditisS
1658 1917 1822 2024 Patris

468 2058 724 2303 opusculis
749 2056 1093 2164 accensendos
1120 2097 1230 2162 esse
1256 2098 1393 2194 pnus
1421 2097 1528 2196 ipse
1571 2057 1822 2166 existima·

467 2201 685 2322 verita
688 2222 873 2304 tvero
923 2221 1098 2336 postea
1140 2198 1227 2304 alit
1208 2221 1281 2305 etr
1329 2199 1629 2306 sententiam
1679 2200 1821 2325 dixit,

468 2342 712 2448 eosdem‘
739 2341 805 2447 de
825 2340 1075 2478 loquentis
1101 2381 1185 2446 ore
1211 2340 1363 2446 luisse
1387 2341 1452 2445 ab
1496 2341 1664 2479 aliquo
1684 2341 1824 2448 audi·

468 2505 634 2589 torum
658 2505 933 2620 utcumque
960 2480 1143 2587 chartis
1169 2483 1442 2618 exceptos'
1449 2569 1458 2605 ,
1486 2506 1534 2589 et
1563 2526 1625 2589 ex
1651 2461 1825 2590 labore

469 2624 552 2729 illo
579 2622 704 2745 rudi,
732 2622 914 2782 liiulc0,
943 2621 1155 2745 informi,
1193 2623 1363 2728 multis
1406 2622 1610 2731 aliunde
1654 2623 1826 2762 petitis

467 2765 783 2886 assumentis
834 2765 1092 2904 vulgatum
1143 2763 1496 2870 Breviarium
1486 2805 1536 2869 m
1590 2764 1827 2873 Psalmos

468 2908 654 3012 conllat
636 2929 742 3011 turn
770 2947 911 3012 esse:
951 2947 1030 3012 cur
1019 2905 1306 3063 proinde‘
1325 2906 1483 3010 multa
1514 2905 1825 3078 Hieronymi

466 3047 544 3152 vel
593 3048 834 3186 dogmata
881 3047 1052 3154 vtel
1005 3069 1153 3151 etlam
1196 3045 1398 3152 verba
1387 3087 1550 3152 messe
1612 3089 1827 3154 mrnrme

467 3189 603 3293 ambi
607 3187 898 3326 endum
861 3212 923 3292 s1
904 3187 1050 3314 t(Cl.
1086 3188 1165 3293 Μ.
1199 3198 1277 3308 26,
1307 3199 1497 3344 8553)

540 3229 748 3486 Quibus
776 3326 856 3434 ille
880 3327 1047 3433 verbis
1073 3368 1177 3434 rem
1198 3368 1292 3433 acu
1330 3327 1552 3465 tetigisse
1578 3369 1631 3434 se
1657 3351 1828 3436 osten·
1891 3372 1894 3377 ·

467 3468 603 3573 dit:
593 3510 641 3572 m
670 3510 730 3573 eo
756 3467 1080 3574 solummodo
1130 3467 1426 3605 culpandus
1449 3470 1587 3605 quod
1626 3471 1828 3607 exposi-

468 3609 628 3714 tiones
655 3651 740 3714 οΓ5
768 3631 914 3714 tenus
940 3607 1074 3713 susas
1118 3651 1147 3713 a
1190 3631 1447 3714 comment
1429 3608 1615 3716 atriolis
1633 3609 1828 3750 scripto

467 3750 732 3888 consignat
737 3749 776 3855 is
714 3749 1377 3907 tomninodiscernendas
1398 3792 1508 3857 5555
1525 3751 1659 3857 haud
1670 3752 1828 3888 plane

466 3891 602 3997 vidit.
637 3889 888 4049 Etenim
877 3890 1129 4030 ipsissima
1158 3891 1328 4013 verba,
1360 3933 1490 4028 quae
1519 3893 1584 3997 ab
1635 3891 1828 3999 Hiero-

468 4074 620 4170 nymo
647 4075 707 4138 ex
747 4031 850 4137 suis
871 4031 1295 4138 commentariolis
1333 4074 1486 4169 supra
1509 4033 1656 4139 allata
1686 4058 1826 4160 sunt,

466 4174 700 4280 eadem
690 4216 738 4279 m
772 4173 1027 4332 Breviario
1068 4173 1163 4312 legi
1206 4173 1279 4304 (Γ
1312 4171 1506 4312 infrap.
1536 4179 1582 4304 8)
1616 4175 1829 4333 manife-

466 4339 600 4421 stum
628 4339 721 4442 55.
734 4357 913 4474 'neque
940 4315 1107 4421 minus
1135 4337 1468 4452 perspectum,
1498 4315 1692 4421 mult
1605 4338 1655 4422 ta
1681 4357 1732 4420 rn
1763 4360 1829 4425 5ο

466 4456 561 4562 alia
587 4457 954 4594 reperir1,quae
976 4497 1090 4562 cum
1112 4455 1350 4593 praedict
1340 4497 1380 4560 Γ5
1319 4457 1566 4563 tverbis
1586 4457 1831 4567 hebraica

467 4598 748 4704 eruditione
767 4640 925 4735 aeque
949 4641 1007 4704 ac
1032 4597 1233 4703 dicendi
1260 4598 1419 4704 lorma
1459 4640 1663 4737 prorsus
1702 4641 1828 4708 con·

468 4740 699 4848 veniant:
755 4780 952 4846 rursum
1011 4780 1129 4846 vero
1187 4739 1468 4846 strictarum
1528 4740 1828 4850 huiusmodi
