4060 5498
483 374 539 454 88
873 393 901 451 S.
930 391 1185 452 nrnnourrn
1211 395 1478 455 sussurrant

485 583 592 662 luerit,
604 595 637 648 et
654 585 775 648 iterum
794 589 978 654 constituta
994 592 1045 654 sit.
1060 591 1158 674 Quae
1170 601 1220 654 est
1236 613 1318 675 ergo
1331 604 1417 656 terra
1444 595 1507 657 ista
1527 593 1638 660 David
1656 616 1743 678 quae
1755 597 1839 660 resti·

487 697 561 752 tuta
577 695 651 752 est?
669 691 780 755 David
800 701 886 756 terra
899 703 1016 760 sancta
1035 694 1144 759 Maria
1160 707 1219 773 est,
1237 708 1343 760 mater
1360 698 1556 762 Salvatoris.
1572 697 1658 780 ‘Qui
1676 697 1784 762 lactus
1796 707 1841 761 est

485 793 515 854 ei
532 793 721 856 exsemine
739 794 850 860 David
869 800 1053 863 secundum
1070 819 1205 862 carnem
1219 799 1235 864 ¹.
1253 801 1352 883 Quod
1384 802 1494 865 David
1519 801 1757 883 repromissum
1777 803 1840 878 luit,

485 895 517 958 in
538 895 666 960 Mariae
682 898 874 980 virginitate
887 914 1053 986 partuque
1070 905 1277 987 completum
1295 915 1356 982 est,
1373 907 1429 968 ubi
1447 906 1542 986 virgo
1557 906 1600 968 de
1617 903 1746 985 virgine
1770 924 1838 988 pro·

485 1013 625 1066 creatur.
644 1001 758 1085 Atque
774 1005 820 1069 ita
836 1005 963 1070 iactum
981 1018 1042 1084 est,
1060 1008 1148 1088 quod
1167 1007 1199 1070 in
1217 1009 1396 1090 evangelio
1411 1009 1546 1084 dicitur,
1575 1007 1751 1071 ‘Verbum
1769 1027 1868 1082 caros

485 1102 685 1183 factumest,
701 1118 734 1171 et
750 1109 917 1174 habitavit
933 1111 966 1173 in
986 1111 1082 1176 nobis
1096 1113 1123 1174 ἐ
1141 1121 1176 1175 ut
1201 1113 1293 1194 quod
1323 1113 1434 1177 David
1463 1112 1573 1176 luerat
1595 1114 1841 1192 repromissum,

485 1229 544 1290 per
560 1221 711 1274 sanctam
731 1213 874 1278 Mariam
893 1216 990 1279 nobis
1004 1217 1243 1281 restitueretur.

532 1313 697 1377 Dominus
711 1320 871 1397 regnavit,
886 1320 1008 1384 exultet
1022 1332 1120 1384 terro.
1140 1322 1280 1384 Exultet
1294 1331 1383 1385 terra
1398 1347 1405 1384 :
1436 1341 1540 1384 unum
1569 1323 1693 1386 habeat
1720 1343 1840 1406 regem,

483 1436 570 1497 quae
595 1420 686 1500 prius
714 1443 733 1483 a
766 1423 918 1504 pluribus
945 1424 1141 1488 habebatur.
1166 1425 1346 1489 Laetentur
1361 1425 1489 1488 insulae
1505 1427 1638 1489 multae.
1663 1425 1796 1490 Dicitur
1811 1427 1840 1488 in

485 1523 630 1602 quodam
650 1524 834 1606 propheta:
851 1527 1023 1610 ‘Loquere
1040 1529 1082 1590 ad
1101 1529 1310 1592 habitatores
1327 1530 1456 1591 insulae
1484 1530 1582 1592 huius
1594 1529 1611 1606 ⁸,
1636 1529 1700 1591 ltoc
1725 1539 1786 1606 est,
1801 1531 1840 1592 ad
1859 1553 1883 1588 10

484 1625 690 1690 habitatores
709 1629 932 1694 Hierusalem.
952 1630 1055 1694 Vides
1072 1653 1152 1713 ergo
1169 1633 1247 1712 quia
1267 1632 1479 1694 Hierusalem
1499 1632 1606 1694 insula
1624 1640 1842 1712 nuncupatur.

485 1726 578 1790 Ante
595 1749 675 1810 ergo
691 1750 792 1812 quam
810 1742 897 1797 terra
914 1734 1027 1796 David
1046 1735 1285 1808 restitueretur,
1314 1754 1380 1796 una
1400 1742 1533 1797 tanturn
1565 1735 1711 1798 Iudaeae
1737 1733 1841 1797 insula

484 1831 662 1896 exultabat
681 1855 689 1911 ;
706 1855 793 1897 nunc
810 1845 922 1900 autem
943 1837 1053 1900 David
1071 1847 1159 1901 terra
1175 1839 1340 1913 restituta,
1356 1838 1487 1913 dicitur,
1513 1837 1698 1902 Laetentur
1716 1837 1841 1900 insulae

486 1935 620 2000 multae.
650 1937 783 2002 Insulas
809 1941 942 2016 multas,
969 1944 1119 2004 diversas
1136 1941 1407 2023 provinciassive
1423 1940 1522 2004 urbes
1536 1959 1716 2022 possumus
1734 1940 1840 2004 dicere

483 2041 688 2106 credentium
704 2046 913 2126 populorum,
926 2046 996 2108 sive
1010 2047 1157 2109 diversas
1170 2046 1327 2111 ecclesias
1340 2046 1646 2128 interpretabimur.
1659 2044 1841 2127 Quomodo
1858 2069 1883 2120 ¹5

484 2145 573 2208 enim
592 2146 720 2210 insulae
734 2151 871 2213 marinis
888 2150 1133 2213 fluctibushinc
1149 2151 1228 2212 inde
1244 2150 1442 2225 tunduntur,
1458 2150 1552 2213 sicet
1567 2149 1729 2214 ecclesiae
1746 2151 1840 2214 variis

485 2250 747 2329 tempestatibus
763 2254 1027 2334 temptationum
1047 2256 1233 2317 tunduntur
1250 2255 1397 2336 quidem,
1425 2254 1484 2316 sed
1510 2273 1577 2316 non
1594 2255 1839 2316 subvertuntur.

488 2387 491 2394 ·
531 2352 644 2416 Nubes
658 2364 690 2416 et
704 2355 807 2436 caligo
824 2357 857 2418 in
873 2358 1010 2420 circuitu
1026 2357 1105 2421 eius.
1123 2357 1215 2420 Nulli
1232 2357 1373 2420 dubium
1390 2357 1470 2438 quin
1489 2357 1630 2419 Domini
1647 2355 1839 2432 Salvatoris‚

485 2456 517 2518 in
535 2456 628 2518 cuius
645 2459 783 2521 circuitu
801 2458 907 2522 nubes
923 2471 956 2522 et
972 2460 1082 2540 caligo
1100 2459 1160 2522 luit
1176 2479 1254 2521 caro
1271 2478 1372 2541 quam
1389 2470 1440 2522 est
1463 2459 1623 2539 dignatus
1648 2479 1818 2522 assumere
1833 2481 1840 2536 ;

486 2563 639 2642 quamvis
656 2565 850 2644 apparuisse
866 2565 997 2628 dicatur
1014 2569 1046 2626 in
1064 2565 1240 2645 evangelio
1259 2565 1405 2628 loannis.
1433 2569 1440 2594 ‘
1459 2564 1504 2627 Et
1530 2564 1688 2646 apparuit
1717 2564 1811 2626 nobis
1824 2561 1839 2624 ¹.
1857 2589 1886 2623 ιο

488 2665 657 2750 Apparuit
673 2669 808 2747 quidem
825 2668 998 2749 apostolis,
1015 2670 1073 2731 sed
1102 2670 1233 2732 ludaeis
1258 2669 1439 2732 celabatur.
1459 2669 1529 2732 lllis
1546 2668 1578 2730 in
1597 2679 1713 2731 monte
1729 2680 1838 2730 osten-

483 2771 581 2848 ditur,
597 2771 670 2836 istis
686 2773 718 2834 in
738 2773 937 2836 humilitatis
954 2773 1041 2835 valle
1057 2773 1182 2836 celatur
1197 2798 1204 2836 :
1222 2773 1296 2836 illos
1312 2772 1579 2835 beatitudinibus
1592 2769 1760 2848 aedificat,
1770 2772 1838 2834 istis

485 2875 515 2936 in
534 2874 704 2957 parabolis
721 2875 878 2957 loquitur,
895 2886 931 2938 ut
948 2877 1098 2938 videntes
1117 2885 1254 2959 propter
1270 2876 1444 2957 perfidiam
1463 2896 1528 2939 non
1544 2876 1704 2938 viderent.
1724 2875 1838 2939 Nubes

484 2987 517 3042 et
541 2978 651 3060 caligo
678 2981 710 3041 in
728 2981 868 3043 circuitu
894 2982 973 3042 eius.
1003 2979 1172 3062 Apparuit
1198 2983 1296 3043 sicuti
1322 2980 1436 3055 voluit,
1465 2999 1530 3042 non
1561 2989 1597 3042 ut
1625 2981 1696 3041 eius
1722 2993 1838 3042 natura

484 3081 653 3164 poscebat.
670 3088 676 3114 ‘
696 3082 740 3147 Et
769 3085 879 3163 posuit
905 3085 1060 3148 tenebras
1089 3084 1265 3147 latibulum
1293 3104 1388 3146 suum
1403 3083 1417 3144 ¹.
1435 3082 1472 3148 si
1497 3084 1590 3146 Deus
1607 3083 1667 3145 lux
1685 3093 1745 3160 est,
1761 3102 1837 3166 quo·
1857 3108 1885 3158 ²5

485 3187 587 3251 rnodo
601 3187 659 3250 lux
677 3197 788 3269 potest
805 3189 957 3252 habitare
975 3189 1006 3251 iu
1026 3189 1197 3252 tenebris?
1221 3188 1292 3251 lllic
1320 3187 1478 3252 tenebrae
1495 3185 1672 3250 scientiam
1691 3196 1837 3248 nostram

484 3290 674 3374 significant
691 3301 723 3354 et
740 3291 969 3355 infirmitatem
986 3317 993 3356 :
1010 3294 1088 3375 quia
1106 3294 1317 3356 maiestatem
1336 3295 1405 3355 eius
1424 3313 1489 3355 non
1513 3311 1693 3373 possumus
1711 3291 1838 3354 intueri.

521 3440 530 3475 1
555 3428 702 3489 constituta]
724 3435 862 3478 constructa
886 3429 942 3478 OV.
1047 3431 1116 3490 Quae
1138 3430 1184 3491 ert]
1210 3429 1255 3489 M;
1279 3429 1328 3479 OV
1347 3445 1397 3478 om.
1417 3437 1459 3478 est.
1561 3427 1626 3488 3ei]
1644 3427 1713 3486 OV;
1731 3443 1781 3476 om.
1801 3427 1837 3476 M.

486 3525 501 3571 4
525 3510 637 3572 Mariae]
660 3511 728 3570 OV;
752 3513 844 3560 matris
867 3511 904 3560 M.
1025 3525 1055 3560 10
1077 3528 1114 3575 sq.
1141 3511 1384 3572 habitatoreslorem
1409 3511 1444 3561 M.
1565 3525 1593 3560 12
1617 3513 1683 3574 nna]
1707 3529 1784 3562 remor
1806 3511 1837 3560 V.

489 3605 518 3655 14
529 3593 653 3655 diuersas}
663 3602 687 3642 et
697 3594 809 3642 diversas
822 3594 858 3641 M.
962 3603 990 3655 15
1002 3593 1157 3641 credentium
1165 3593 1327 3656 popinarum]
1339 3593 1388 3643 OV
1399 3593 1642 3658 ;rredentespbpulos
1653 3594 1691 3642 M.
1789 3591 1840 3640 rior

486 3676 609 3736 itinerar]
622 3679 692 3727 nrbes
705 3679 779 3724 inser.
794 3676 875 3725 codex
888 3675 913 3722 M
929 3676 1048 3738 pessime.
1061 3685 1088 3724 ut
1102 3674 1181 3735 vides,
1195 3675 1243 3724 hoc
1253 3677 1310 3724 loco
1318 3677 1478 3738 depravatus.
1585 3675 1657 3736 rdet]
1667 3675 1694 3724 M
1707 3691 1772 3734 ;otn.
1782 3673 1837 3722 Ol’.

489 3769 516 3820 17
534 3759 719 3822 tempestatibus
729 3758 934 3822 temptationum]
957 3759 999 3816 0;
1022 3758 1227 3821 temptationibus
1249 3758 1409 3806 solummodo
1433 3758 1469 3805 M.
1572 3769 1599 3805 21
1619 3758 1756 3818 relabatur]
1774 3755 1840 3810 Ol';

486 3842 582 3892 celatur
599 3843 635 3891 M.
738 3853 768 3890 22
786 3839 996 3900 beatitudinibus]
1014 3840 1081 3896 0t';
1099 3841 1251 3888 beatitudine
1269 3841 1305 3889 M.
1408 3840 1440 3888 26
1456 3839 1580 3900 tenebrae]
1597 3839 1705 3888 tenebres
1723 3839 1749 3888 M
1771 3851 1779 3886 1
1794 3853 1839 3894 m..

485 3924 615 3989 geminata
626 3924 736 3988 primum
747 3939 758 3972 s
771 3941 835 3989 quae
846 3923 969 3988 sequitur,
985 3932 1073 3987 postea
1091 3941 1150 3974 vero
1160 3935 1286 3988 expuncta
1298 3943 1304 3984 ;
1322 3925 1434 3972 tenebras
1450 3924 1507 3973 ut.
1609 3934 1638 3983 27
1656 3920 1810 3987 si'grriſsrarrt]
1821 3937 1842 3968 n

486 4007 546 4058 add.
565 4021 573 4056 1
590 4023 623 4056 m.
637 4023 693 4070 sup.
708 4007 752 4055 lin.
769 4008 793 4055 M
808 4007 955 4070 ;rr'pnifieot
966 4006 1022 4056 ΟΥ.

527 4142 551 4197 3.
569 4141 685 4180 corrrcrrr
717 4123 805 4181 Rom.
827 4141 851 4194 1,
865 4141 890 4198 3.
1189 4125 1289 4181 locum
1305 4121 1451 4198 epistulae
1474 4121 1515 4178 1²²
1537 4123 1565 4178 S.
1584 4119 1729 4180 Iohannis
1751 4119 1840 4178 veluti

526 4209 551 4263 6.
569 4205 600 4262 in
616 4205 696 4262 nobis
726 4205 770 4262 lo.
791 4223 814 4274 1,
835 4223 879 4275 14.
1189 4223 1225 4264 ex
1234 4204 1322 4262 huius
1332 4201 1487 4280 evangelio
1496 4201 1841 4278 desumptumvenditat‚

529 4307 573 4344 10.
590 4281 691 4366 bnr'us]
709 4287 749 4345 ls.
768 4305 814 4356 20,
836 4287 878 4344 6?
903 4285 949 4346 Cl.
980 4285 1043 4352 111²
1073 4305 1136 4356 140,
1190 4285 1450 4360 quemadmodum
1474 4283 1504 4342 in
1526 4283 1715 4359 expositione
1736 4282 1841 4360 psalmi

487 4370 691 4444 18;15ο,18.
1193 4368 1314 4426 LXXV.
1339 4383 1444 4438 49,10
1469 4365 1641 4441 exemplum
1666 4383 1701 4424 ex
1726 4367 1842 4442 Apoca-

530 4452 573 4508 16.
586 4449 655 4508 binc
666 4449 733 4507 inde
743 4445 926 4527 tunduntur]
942 4449 1020 4524 Lege
1034 4449 1137 4508 adnot.
1192 4450 1267 4526 lypsi
1282 4447 1325 4506 sic
1346 4447 1460 4508 adfert:
1484 4447 1647 4523 ‘Denique
1668 4445 1742 4522 quid
1768 4445 1841 4506 dicit

488 4531 553 4588 Ill²
574 4549 638 4602 141,
657 4550 682 4605 3.
1191 4532 1254 4608 ipse
1271 4529 1299 4588 in
1315 4527 1471 4605 evangelio
1483 4529 1513 4587 i’

531 4632 577 4671 20.
596 4607 689 4690 nobis]
710 4631 718 4669 1
739 4612 781 4669 lo.
806 4633 828 4683 1,
847 4632 871 4669 2.
900 4611 971 4683 Hic,
988 4623 1019 4671 ut
1045 4611 1137 4684 rides,
1233 4630 1280 4688 25.
1296 4607 1394 4690 suum]
1411 4611 1457 4669 Ps.
1479 4627 1524 4684 17,
1544 4629 1588 4669 12.
