4160 5500
499 411 583 516 366
880 445 907 503 s.
934 445 1186 507 massonum
1211 445 1472 506 pensaurum

500 665 562 720 est.
581 656 616 722 Si
644 668 755 725 autem
783 673 860 726 sunt
887 663 919 726 in
949 664 1071 746 Xpisto
1098 664 1243 728 thesauri
1268 663 1451 746 sapientiae
1476 673 1508 728 et
1533 663 1690 729 scientiae
1717 664 1853 728 abscon·

502 759 573 838 diti,
588 761 748 829 debemus
773 766 936 851 inquirere
959 790 1062 852 quare
1085 771 1151 834 sint
1189 769 1384 835 absconditi.
1412 768 1447 835 Si
1475 769 1632 834 sciremus
1664 789 1724 833 nos
1750 768 1853 833 horni-

500 883 559 928 nes
590 866 678 932 diem
706 871 827 948 iudicii,
849 873 940 937 verbi
957 895 1066 951 causa,
1086 876 1176 958 quod
1204 875 1313 939 lutura
1340 882 1426 938 esset
1452 873 1523 937 dies
1552 873 1663 936 iudicii
1689 883 1766 956 post
1788 874 1852 937 duo

500 970 593 1035 milia
622 994 795 1056 annorum,
821 978 932 1042 ethoc
961 1000 1020 1044 nos
1048 981 1206 1045 sciremus
1232 980 1279 1042 ita
1304 977 1460 1056 futurum,
1484 977 1749 1060 neglegentiores
1778 977 1850 1042 hinc

506 1093 661 1144 essemus.
679 1082 872 1148 Diceremus
889 1085 976 1148 enirn
993 1110 1000 1149 ε
1017 1084 1105 1169 Quid
1123 1086 1165 1148 ad
1193 1105 1244 1147 me
1261 1081 1412 1166 pertinet,
1429 1081 1544 1163 sipost
1560 1082 1628 1146 duo
1645 1082 1735 1146 milia
1750 1102 1849 1148 anno·
1867 1090 1895 1144 ,5

502 1201 573 1244 rum
591 1185 661 1249 dies
678 1197 822 1253 ventura
842 1197 892 1252 est
918 1191 1056 1253 iudicii?
1073 1190 1171 1274 Quod
1198 1210 1277 1272 ergo
1300 1187 1428 1264 dicitur,
1445 1186 1565 1250 Filium
1588 1185 1740 1269 ignorare
1763 1185 1848 1250 diem

498 1283 620 1364 iudicii,
646 1292 742 1355 nobis
766 1293 911 1375 prodest,
927 1295 1004 1378 quia
1020 1295 1224 1377 ignoramus
1239 1293 1327 1356 diem
1345 1289 1456 1355 iudicii
1485 1289 1621 1373 quando
1638 1289 1680 1353 sit
1704 1299 1848 1353 ventura.

500 1388 654 1476 Denique
684 1396 794 1462 videte
820 1396 900 1480 quid
926 1401 1082 1480 sequitur.
1119 1398 1228 1462 Videte
1242 1407 1273 1460 et
1292 1394 1426 1478 vigilate
1440 1403 1473 1456 et
1485 1403 1573 1457 orate
1585 1415 1597 1456 .·
1612 1391 1746 1456 nescitis
1766 1391 1849 1456 enim

499 1497 627 1574 quando
642 1507 768 1582 tempus
779 1501 830 1564 sit.
848 1501 925 1564 Non
953 1503 1051 1579 dixit,
1067 1504 1241 1581 nescimus,
1257 1501 1313 1564 sed
1348 1496 1489 1562 nescitis.
1505 1497 1668 1560 Videmur
1682 1497 1849 1579 hucusque

499 1598 566 1663 virn
585 1601 693 1667 iacere
708 1605 897 1688 scripturae,
913 1616 946 1670 et
961 1627 1095 1671 sensum
1122 1627 1187 1670 non
1216 1623 1393 1689 exponere.
1411 1603 1491 1665 Post
1508 1599 1779 1664 resurrectionem
1805 1600 1848 1662 in·
1871 1605 1897 1644 ¹⁰

498 1707 674 1787 terrogant
690 1709 833 1790 apostoli
850 1710 1034 1775 Dominum
1060 1711 1266 1777 Salvatorem
1281 1735 1288 1775 :
1303 1713 1311 1742 ‘
1328 1706 1475 1771 Domine
1491 1704 1627 1787 quando
1643 1703 1851 1767 restituturus

499 1824 534 1868 es
553 1829 690 1890 regnum
711 1813 834 1877 israhel
847 1814 880 1877 ?'
897 1815 928 1880 Ο
945 1817 1098 1898 apostoli,
1114 1817 1254 1881 audistis
1269 1824 1347 1879 ante
1362 1807 1645 1886 resurrectionem,¹
1661 1809 1714 1872 De
1730 1809 1784 1871 die
1797 1807 1852 1872 illo

498 1919 532 1973 et
551 1911 633 1977 hora
661 1918 792 1982 nescio:
813 1927 846 1982 et
871 1920 959 2002 quod
990 1920 1110 1996 nescio,
1127 1921 1244 1984 iterum
1274 1913 1507 1997 interrogatis?
1524 1912 1590 1978 Sed
1619 1911 1762 1993 apostoli
1787 1931 1850 1976 non

498 2018 641 2084 credunt
659 2021 833 2101 Salvatori,
849 2024 938 2107 quod
967 2025 1102 2090 nesciat.
1119 2024 1185 2090 Sed
1203 2024 1313 2088 videte
1330 2017 1533 2103 mysterium.
1551 2015 1617 2100 Qui
1634 2025 1712 2079 ante
1729 2015 1851 2099 passio·

500 2140 574 2186 nem
593 2128 705 2202 nescit,
726 2136 801 2210 post
829 2129 1100 2192 resurrectionem
1119 2128 1219 2193 novit.
1247 2127 1401 2208 Denique
1417 2120 1496 2205 quid
1519 2120 1600 2184 dicit
1616 2120 1657 2184 ad
1674 2119 1853 2202 apostolos,
1872 2128 1896 2181 ¹5

499 2237 574 2307 post
593 2233 863 2297 resurrectionem
892 2233 1113 2317 interrogatus
1129 2235 1172 2298 de
1189 2232 1413 2315 temporibus:
1435 2223 1581 2310 Quando
1593 2224 1804 2288 restituturus
1818 2245 1852 2288 es

498 2352 636 2414 regnum
667 2336 815 2400 israhel?
842 2337 943 2399 ‘Non
961 2345 1011 2400 est
1036 2345 1192 2412 vestrum,
1214 2336 1330 2419 inquit,
1345 2333 1427 2396 seire
1455 2337 1616 2409 tempora,
1641 2347 1728 2409 quae
1757 2329 1853 2394 Pater

499 2439 609 2516 posuit
634 2440 666 2502 in
692 2461 751 2503 sua
776 2448 941 2522 potestate
951 2440 966 2504 '.
985 2439 1061 2502 Non
1089 2440 1169 2512 dicit
1192 2440 1253 2512 hic,
1270 2433 1493 2508 Nesei0:sed,
1522 2429 1598 2494 Non
1627 2438 1678 2493 est
1704 2441 1849 2494 vestrum

499 2541 589 2620 scire,
606 2562 671 2606 non
700 2544 794 2607 vobis
822 2544 957 2626 prodest
974 2543 1055 2606 scire
1079 2545 1167 2608 diem
1186 2543 1306 2607 iudicii.
1323 2539 1470 2623 Vigilate
1487 2555 1587 2618 ergo:
1604 2534 1739 2599 nescitis
1762 2533 1849 2597 enim

490 2647 634 2726 'quando
653 2648 809 2713 dominus
836 2647 955 2713 domus
972 2649 1091 2713 veniat.
1117 2649 1227 2712 Multa
1254 2657 1331 2711 sunt
1358 2665 1443 2728 quae
1467 2640 1638 2704 dicantur:
1660 2639 1724 2703 hoc
1740 2647 1851 2702 autem
1868 2653 1896 2690 2⁰

498 2748 540 2810 de
556 2751 730 2834 evangelio
745 2752 902 2829 diximus,
919 2753 1029 2817 necui
1053 2752 1247 2816 scandalum
1265 2750 1407 2816 resideat
1423 2748 1455 2810 in
1473 2747 1595 2823 animo,
1611 2745 1702 2828 quod
1721 2746 1850 2828 ignora-

499 2862 548 2916 ret
564 2853 688 2938 aliquid
706 2855 760 2920 ille
778 2857 809 2920 in
827 2876 925 2939 quem
950 2858 1134 2921 crediturus
1151 2865 1246 2922 esset.

545 2957 675 3023 Dicitur
691 2971 802 3025 autem
820 2962 852 3024 in
870 2961 987 3025 eadem
1013 2961 1176 3044 evangelii
1193 2961 1355 3025 lectione:
1372 2960 1503 3024 Etcum
1519 2963 1599 3019 esset
1625 2955 1804 3020 Betham'oe
1819 2956 1853 3019 in

498 3061 590 3126 domo
616 3063 763 3129 Simonis
787 3065 904 3149 leprosi
928 3076 960 3131 et
975 3066 1173 3145 recumberet,
1188 3066 1279 3130 venit
1301 3064 1417 3128 malim
1433 3062 1551 3127 haberes
1566 3059 1771 3125 alabastrum
1795 3083 1855 3125 un-

492 3168 611 3247 guenti
616 3169 734 3250 pistici
736 3169 880 3252 pretiosi.
895 3169 1015 3235 Mulier
1028 3171 1091 3234 ista
1107 3171 1293 3253 specialiter
1308 3171 1350 3234 ad
1367 3190 1426 3233 vos
1443 3169 1595 3252 pertinet,
1611 3169 1667 3251 qui
1684 3166 1852 3251 baptisma
1869 3185 1895 3238 23

498 3275 666 3355 accepturi
682 3275 771 3340 estis.
789 3276 901 3358 Fregit
928 3275 1130 3340 alabastrum
1155 3295 1262 3352 suum,
1279 3284 1315 3338 ut
1331 3294 1390 3337 vos
1418 3273 1559 3356 Xpistus
1585 3271 1685 3334 iaciat
1712 3272 1854 3354 xpistos,

499 3377 530 3438 id
549 3387 599 3440 est
616 3387 742 3444 unctos.
760 3380 836 3442 Hoc
860 3387 908 3442 est
935 3378 1025 3462 quod
1051 3379 1173 3444 dicitur
1189 3380 1220 3442 in
1248 3379 1395 3444 Canticis
1422 3377 1626 3442 canticorum
1641 3379 1670 3439 :⁸
1691 3375 1851 3458 Unguen-

499 3491 569 3544 tum
588 3479 728 3546 effusum
747 3493 796 3546 est
823 3504 944 3547 nomen
971 3494 1074 3561 tuum,
1091 3492 1266 3566 propterea
1292 3483 1562 3546 adulescentulae
1581 3480 1852 3546 desiderauerunt

498 3594 540 3660 te,
556 3595 633 3668 post
649 3595 681 3649 te
698 3587 729 3649 in
747 3588 882 3670 odorem
896 3596 1142 3670 unguentorum
1156 3598 1289 3651 tuorum
1304 3588 1465 3651 currimus
1481 3587 1496 3651 ¹.
1514 3586 1685 3670 Quamdiu
1702 3584 1851 3650 clausum

543 3836 586 3878 12.
603 3814 733 3898 Israhel]
748 3819 814 3876 Act.
835 3837 859 3887 1,
876 3819 904 3876 6.
1203 3814 1280 3875 sauri
1295 3813 1325 3874 in
1341 3815 1462 3877 Christo
1477 3814 1642 3894 sapientiae
1656 3825 1685 3876 et
1700 3814 1852 3892 scientiae,

543 3899 586 3956 18.
602 3895 762 3978 postestate]
778 3896 848 3958 ibid.
868 3916 891 3972 7.
1202 3898 1254 3956 sed
1278 3897 1446 3957 absconditi
1467 3909 1543 3958 sunt.
1560 3898 1660 3973 Quare
1684 3895 1853 3958 absconditi

493 4010 495 4017 ·
545 3999 587 4054 19.
605 3979 678 4038 diem
694 3977 811 4060 r'udr'er'i]
837 3979 963 4039 Hieron.
988 3978 1016 4037 in
1041 3979 1148 4037 Mattb.
1202 3981 1295 4037 sunt?
1310 3981 1381 4038 Post
1397 3978 1641 4040 resurrectionem
1657 3978 1853 4056 interrogatus

502 4079 549 4132 24,
577 4063 614 4136 36
642 4061 742 4121 ‘Cum
765 4059 867 4120 onmia
893 4071 1027 4136 tempora
1050 4059 1151 4119 lecerit
1201 4060 1239 4120 ab
1254 4059 1397 4137 apostolis
1412 4061 1452 4122 de
1466 4060 1516 4121 die
1534 4058 1719 4120 manifestius
1734 4079 1853 4138 respon-

502 4144 595 4215 lesus,
620 4143 678 4202 hoc
704 4153 757 4214 est,
782 4141 915 4202 Verbum
943 4140 1010 4215 Dei,
1042 4142 1150 4202 Omnia
1202 4143 1245 4202 dit
1262 4143 1351 4201 :Non
1366 4150 1408 4200 est
1426 4149 1551 4202 vestrum
1571 4142 1642 4200 seire
1662 4149 1789 4220 tenrpmo
1810 4143 1857 4202 vet

498 4225 574 4283 entia
591 4234 622 4303 p.
647 4224 699 4300 ifl
722 4243 742 4283 s.
766 4244 786 4283 e.
803 4245 823 4283 s.
848 4225 866 4283 i.
881 4223 997 4299 saetam
1010 4229 1052 4282 est
1065 4224 1149 4295 nr'lrd,
1202 4231 1352 4296 moriente,
1387 4244 1458 4301 qaae
1488 4225 1581 4283 Pater
1608 4223 1707 4300 posuit
1736 4225 1767 4282 in
1798 4243 1853 4283 sua

500 4304 529 4364 in
555 4305 695 4366 omnibus
718 4316 817 4365 autem
844 4303 1028 4382 temporibus
1061 4304 1149 4364 etiarn
1197 4313 1342 4381 potestate.
1356 4306 1487 4382 Quando
1498 4303 1580 4376 dicit,
1593 4315 1708 4364 nonest
1723 4317 1851 4365 vestrum

500 4386 565 4447 dies
581 4386 683 4447 iudicii
705 4387 762 4446 sit:
778 4405 836 4463 qua
861 4385 1077 4461 consequentia
1101 4404 1151 4462 po·
1202 4385 1285 4458 scire,
1301 4386 1434 4447 ostendit
1448 4387 1531 4462 quod
1548 4387 1610 4462 ipse
1624 4385 1706 4458 sciat,
1723 4386 1775 4445 sed
1792 4405 1852 4446 non

501 4480 557 4528 test
576 4467 640 4528 eius
656 4468 790 4546 ignorare
805 4479 927 4544 partem,
954 4467 1037 4526 cuius
1054 4479 1150 4526 totum
1201 4468 1339 4545 expediat
1355 4487 1443 4528 nosse
1456 4465 1619 4543 apostolis,
1634 4477 1665 4527 ut
1680 4485 1798 4544 semper
1812 4467 1853 4527 in·

501 4547 637 4608 noverit?
711 4551 873 4626 Apostolus
898 4568 986 4625 super
1000 4549 1151 4608 Salvatore
1202 4548 1273 4609 certi
1294 4550 1333 4609 de
1348 4551 1479 4609 adventu
1502 4547 1619 4620 iudicis,
1635 4547 1677 4607 sic
1691 4547 1804 4609 cotidie
1814 4547 1853 4610 vl·

501 4629 622 4690 scribit:
644 4632 683 4690 In
704 4651 759 4707 qno
776 4640 845 4688 suat
862 4651 956 4689 orienes
978 4632 1148 4689 thesauris.
1203 4641 1280 4702 satit,
1297 4630 1381 4705 quasi
1400 4628 1449 4690 die
1464 4630 1521 4691 aliu
1543 4627 1696 4689 iudicandi
1711 4629 1769 4690 sint
1784 4632 1798 4690 ¹.

501 4733 521 4772 e.
545 4733 565 4772 s.
590 4714 753 4775 absconditi.
778 4714 852 4774 Sunt
875 4732 945 4793 ergo
970 4730 1075 4772 omncs
1091 4713 1151 4772 the·
1245 4732 1291 4789 ²9·
1306 4714 1462 4796 crerrr'mres]
1477 4707 1563 4774 Cant.
1584 4731 1608 4782 r,
1627 4731 1642 4769 a
1659 4730 1703 4787 sq.
