4202 5492
482 407 540 512 78
862 425 890 486 s.
916 423 1169 486 arnnonvur
1192 422 1457 484 pausaturum

485 646 608 722 Adam,
625 643 689 708 iam
708 643 741 706 in
758 643 981 727 superioribus
998 640 1167 708 versiculis
1182 639 1309 705 dietum
1325 649 1386 717 est,
1402 641 1473 704 Vos
1489 651 1602 706 autem
1619 642 1704 708 sicut
1725 642 1838 708 Adam

486 749 680 815 moriemini.
694 747 869 831 Simulque
887 749 997 812 uidete
1014 744 1271 830 significantiam
1289 745 1388 810 verbi.
1405 745 1477 809 Vos
1493 755 1607 810 autern
1625 746 1709 812 sicut
1726 748 1837 812 Adam

486 854 682 920 moriemini.
699 853 868 936 Quoniam
888 853 1000 918 Adam
1018 861 1169 916 mortuus
1186 861 1246 929 est,
1260 859 1294 916 et
1310 872 1372 915 nos
1388 851 1558 915 morimur.
1574 851 1738 917 Diabolus
1754 873 1841 930 uero,

485 961 541 1043 qui
557 959 711 1043 princeps
728 957 798 1034 luit,
814 966 847 1021 et
862 957 991 1033 cecidit,
1008 976 1074 1020 non
1104 963 1255 1020 mortuus
1278 965 1337 1020 est.
1355 955 1475 1037 Neque
1500 957 1588 1020 enim
1614 965 1724 1040 potest
1740 977 1840 1040 ange·

485 1064 548 1128 lica
563 1061 710 1144 dignitus
738 1068 879 1126 mortem
909 1062 1063 1142 recipere,
1078 1059 1136 1124 sed
1164 1069 1296 1124 tantum
1324 1060 1463 1124 ruinam.
1482 1060 1612 1124 Idcirco
1643 1062 1740 1138 dixit,
1756 1063 1840 1128 sieut
1877 1084 1890 1137 5

486 1188 571 1232 unus
586 1168 629 1231 de
644 1165 849 1249 principibus
875 1167 1010 1231 cadetis.
1026 1171 1033 1197 ‘
1051 1165 1233 1249 Quomodo
1257 1166 1376 1229 cecidit
1406 1163 1546 1240 Lucifer,
1563 1165 1618 1246 qui
1644 1168 1840 1231 mane'orie-

486 1273 606 1336 batur?
620 1270 625 1295 '
645 1269 732 1334 Ecce
748 1270 850 1334 ethic
867 1271 996 1343 cecidit,
1012 1280 1045 1333 et
1063 1270 1108 1333 ibi
1124 1269 1251 1333 cecidit.
1271 1270 1449 1352 Propterea
1469 1269 1601 1346 cecidit,
1616 1271 1695 1352 quia
1710 1291 1841 1354 semper

486 1377 519 1446 iu
536 1373 736 1440 caelestibus
753 1375 953 1439 versabatur.
973 1375 1041 1438 lste
1055 1382 1117 1449 est,
1127 1373 1180 1436 cui
1196 1373 1317 1437 dicitur
1329 1373 1361 1436 in
1375 1373 1535 1438 iezechiel
1550 1375 1640 1440 :‘Tu
1651 1395 1686 1440 es
1697 1377 1842 1460 resigna·
1874 1448 1880 1458 ‚

486 1478 598 1548 culum
615 1475 843 1540 similitudinis
860 1476 875 1540 '.
894 1477 1020 1540 Videte
1036 1475 1115 1559 quid
1132 1476 1232 1552 dicat,
1248 1477 1492 1558 resignaculum
1509 1479 1745 1544 similitudinis.
1762 1481 1839 1544 Non

486 1583 584 1659 dixit,
599 1581 651 1644 Tu
677 1601 713 1643 es
740 1581 949 1662 signaculum
975 1580 1226 1645 similitudinis:
1242 1582 1311 1658 sed,
1334 1581 1578 1663 resignaculum
1604 1583 1842 1650 similitudinis.
1865 1609 1894 1646 ιο

485 1687 686 1769 Signaverat
702 1694 735 1747 te
753 1683 854 1760 Deus,
872 1696 905 1749 et
922 1686 1063 1750 similem
1083 1685 1143 1749 sibi
1162 1685 1283 1749 iecerat
1296 1709 1304 1749 ε
1317 1693 1352 1750 tu
1364 1705 1444 1749 vero
1455 1694 1573 1768 postea
1590 1687 1776 1770 resignasti.
1788 1689 1842 1754 Ad
1926 1724 1932 1734 ·

487 1789 739 1855 similitudinem
757 1797 790 1852 et
807 1788 989 1873 imaginem
1002 1791 1067 1854 Dei
1079 1800 1112 1854 et
1127 1799 1164 1853 tu
1176 1791 1335 1854 conditus
1350 1810 1395 1854 es.
1413 1789 1568 1875 Denique
1584 1793 1705 1858 dieitur
1721 1795 1754 1858 i'n
1771 1795 1841 1878 ipsa

490 1896 686 1981 prophetia:
703 1897 710 1925 ‘
728 1893 766 1957 In
784 1894 897 1958 medio
914 1892 1084 1957 cherubim
1103 1893 1249 1958 nutritus
1262 1913 1307 1970 es,
1323 1893 1409 1958 inter
1426 1893 1554 1976 lapides
1570 1897 1708 1980 iaspidis
1725 1907 1758 1962 et
1774 1918 1842 1963 ear·

490 1999 624 2066 bunculi
640 1998 730 2062 luisti
756 1998 789 2061 in
816 1998 972 2079 paradiso
1000 1998 1071 2061 Dei.
1092 1997 1135 2068 Et
1151 1997 1309 2076 cecidisti,
1325 1998 1441 2081 inquit,
1467 2009 1500 2062 et
1528 2019 1549 2062 a
1574 2013 1688 2068 monte
1705 2003 1843 2069 Domini

490 2105 681 2174 vulneratus
697 2123 733 2166 es
747 2102 763 2167 ’.
782 2103 849 2167 lste
876 2100 1030 2184 princeps
1056 2100 1159 2183 Tyri:
1176 2121 1263 2164 nunc
1289 2101 1442 2183 princeps
1470 2101 1551 2184 Tyri
1567 2123 1611 2166 ex
1637 2125 1678 2170 eo
1694 2117 1844 2190 tempore
1865 2133 1874 2169 ι
1881 2131 1893 2184 5

489 2231 557 2294 quo
572 2209 711 2274 cecidit:
727 2207 892 2290 siquidem
909 2206 1019 2288 Tyrus
1045 2205 1159 2287 lingua
1186 2205 1340 2270 hebraica
1364 2206 1486 2270 dicitur
1501 2221 1581 2285 solt,
1595 2211 1659 2274 hoc
1674 2222 1725 2275 est
1741 2213 1843 2276 tribu·

490 2315 579 2379 latio.
600 2314 692 2396 Ergo
721 2321 753 2376 et
781 2313 844 2375 iste
869 2311 1031 2393 princeps,
1047 2311 1104 2392 qui
1128 2311 1237 2393 primo
1260 2320 1330 2376 erat
1357 2312 1390 2374 in
1419 2313 1522 2389 caelo,
1547 2334 1635 2379 nunc
1660 2315 1767 2382 iactus
1794 2326 1844 2380 est

490 2419 643 2502 princeps
660 2416 752 2499 Tyri,
768 2414 831 2478 hoc
847 2423 898 2479 est
915 2413 1137 2477 tribulationis
1149 2415 1242 2478 istius
1253 2414 1382 2478 saeculi.
1398 2415 1494 2478 Sicut
1502 2437 1587 2481 untes
1601 2417 1641 2482 de
1642 2419 1845 2502 principibus

488 2522 620 2586 cadetis.
637 2520 785 2605 Quando
799 2519 881 2583 dicit
896 2523 903 2550 ⁸
920 2518 1004 2582 sieut
1029 2539 1113 2581 unus
1124 2518 1140 2596 ',
1151 2520 1299 2583 ostendit
1315 2539 1388 2583 esse
1412 2530 1446 2584 et
1462 2521 1554 2587 alios.
1578 2523 1695 2606 Legite
1712 2525 1844 2607 Apoca-

491 2627 600 2711 lypsin
621 2625 780 2690 Iohannis
795 2647 803 2688 :
818 2624 920 2687 draco
935 2623 1124 2706 quandode
1136 2623 1230 2688 caelo
1246 2624 1373 2698 cecidit,
1386 2624 1518 2688 tertiam
1532 2637 1661 2708 partem
1674 2628 1842 2706 stellarum
1864 2657 1896 2692 ιο

489 2753 601 2796 seeum
619 2731 726 2796 duxit.

538 2845 721 2926 Hucusque
739 2842 831 2905 Deus
848 2840 977 2904 loeutus
993 2850 1044 2903 est
1071 2840 1113 2903 ad
1138 2839 1301 2916 homines,
1316 2849 1349 2902 et
1367 2859 1495 2904 rursum
1512 2841 1676 2924 propheta
1692 2841 1845 2925 loquitur.

492 2949 599 3032 Surge
616 2950 716 3026 Dens,
732 2945 841 3010 indica
866 2955 997 3008 terram.
1015 2943 1132 3024 Surge,
1147 2943 1225 3024 quia
1251 2942 1344 3006 navis
1370 2952 1483 3007 nostra
1510 2943 1665 3008 fluctibus
1686 2947 1846 3010 tunditur.

492 3053 599 3133 Surge
611 3061 710 3128 Dens,
726 3051 835 3114 iudica
851 3059 973 3112 terram
984 3071 996 3110 .·
1011 3048 1170 3130 quoniam
1188 3046 1265 3111 mali
1283 3047 1407 3112 iudices
1425 3067 1490 3111 non
1508 3049 1666 3127 iudicant,
1682 3051 1739 3114 sed
1756 3070 1846 3118 ever-

491 3168 565 3222 tunt
582 3156 689 3239 legem
708 3165 809 3231 tuam,
825 3165 857 3218 et
874 3174 993 3236 pecora
1021 3162 1078 3215 tua
1104 3151 1259 3216 lacerant.
1279 3151 1331 3216 Tu
1357 3171 1465 3232 surge,
1481 3154 1537 3234 qui
1563 3174 1658 3217 verus
1674 3155 1777 3218 iudex
1803 3173 1846 3217 es.
1865 3175 1896 3230 25

490 3260 578 3343 Quia
595 3281 675 3342 ergo
692 3259 770 3323 mali
787 3259 913 3322 iudices
930 3256 1052 3321 mortui
1069 3267 1145 3320 suut
1163 3256 1247 3318 sicut
1264 3255 1387 3332 Adam,
1403 3267 1435 3352 et
1453 3257 1645 3320 ceciderunt
1662 3258 1746 3322 sicut
1763 3279 1847 3323 unus

527 3479 535 3514 t
560 3467 654 3527 Adam]
673 3466 706 3513 ilc
722 3465 806 3514 Adam
827 3464 848 3514 C
870 3463 909 3522 (ile
928 3462 988 3512 add.
1001 3477 1056 3525 sup.
1070 3461 1135 3520 liu).
1240 3471 1265 3508 rt
1287 3459 1320 3520 le]
1339 3475 1389 3509 om.
1404 3459 1432 3506 C.
1538 3459 1686 3520 resignasti]
1708 3457 1723 3528 β
1743 3459 1846 3510 addit.

495 3564 524 3610 14
535 3550 634 3616 inquit]
647 3549 667 3598 C
680 3565 729 3598 om.
743 3555 775 3598 el.
862 3560 871 3594 r
877 3557 891 3610 5
905 3546 964 3607 lsle]
978 3543 993 3612 β
1006 3544 1080 3594 inser.
1093 3550 1135 3592 erl.
1221 3559 1289 3592 rrrrnc
1295 3546 1412 3609 princeps
1430 3543 1505 3608 luri]
1518 3542 1609 3592 ACSG
1620 3561 1627 3602 ;
1639 3558 1689 3592 om.
1707 3541 1739 3610 β;
1752 3559 1849 3592 truncu-

487 3641 565 3697 palus
575 3632 607 3692 C,
620 3630 753 3696 expunctis
765 3629 855 3680 litteris
867 3645 935 3676 nnnr
946 3644 1002 3676 nero
1008 3635 1036 3691 p.

533 3801 559 3859 6.
576 3799 725 3858 oriebatur
735 3794 759 3876 l]
778 3797 813 3854 ls.
835 3815 878 3866 14,
900 3814 943 3853 12.
1199 3790 1368 3866 perdiderit,
1384 3801 1416 3851 ut
1432 3809 1484 3867 pro
1498 3788 1653 3868 signaculo
1667 3789 1767 3851 lecerit
1782 3789 1848 3852 resi·

534 3901 560 3956 9.
576 3875 791 3958 similitudinis]
809 3877 915 3934 Ezech.
934 3877 980 3945 28,
1002 3893 1043 3932 12.
1199 3871 1846 3950 gnaculum,nequaquamhabensimagiuem

539 3984 581 4022 10.
611 3963 661 4020 sed
691 3953 914 4036 resignaculum]
951 3955 1075 4014 Hieron.
1116 3956 1146 4014 in
1199 3966 1229 4013 et
1240 3951 1467 4014 similitudinem
1482 3952 1547 4026 Dei,
1559 3951 1640 4012 iuxta
1651 3971 1742 4030 quarn
1754 3965 1783 4013 et
1795 3952 1849 4030 pri·

495 4045 602 4104 Ezeeh.
622 4047 668 4116 28,
693 4062 725 4100 11
744 4059 818 4116 sqq:
835 4045 841 4070 ‘
858 4039 894 4097 Et
910 4037 979 4114 quia
995 4035 1025 4096 in
1047 4035 1146 4096 latinis
1199 4055 1265 4095 mus
1280 4036 1373 4095 homo
1387 4033 1526 4094 conditus
1541 4046 1585 4094 est
1601 4036 1607 4062 ’
1622 4046 1679 4094 etc.

492 4125 647 4185 codicibus
675 4141 729 4202 pro
757 4121 910 4196 signaculo
939 4119 1146 4194 resignaculum
1241 4137 1284 4175 12.
1298 4118 1329 4174 in
1341 4117 1404 4193 ipsa
1411 4111 1576 4194 prophetin]
1590 4114 1666 4174 ibid.
1681 4135 1748 4192 v.r3
1760 4128 1789 4178 et
1804 4137 1846 4188 14

493 4206 605 4283 legitur,
616 4206 689 4266 dum
700 4198 875 4279 κακοξήλως
888 4201 1010 4261 verbum
1026 4219 1042 4260 e
1058 4199 1147 4258 verbo
1243 4201 1286 4256 16.
1303 4211 1369 4254 surr
1383 4199 1435 4255 lun
1445 4205 1487 4256 esi
1499 4195 1662 4277 tribulatur]
1682 4196 1803 4258 Hieron.
1820 4197 1850 4256 in

492 4296 669 4374 exprimens,
696 4294 747 4372 qui
773 4293 981 4369 interpretatus
1001 4300 1046 4349 est
1068 4288 1147 4348 iuxta
1200 4288 1306 4347 Erech.
1325 4288 1372 4360 26,
1391 4301 1401 4339 1
1419 4305 1473 4364 sqq
1489 4308 1494 4344 :
1512 4290 1519 4316 ‘
1534 4288 1639 4363 Tyrus,
1655 4306 1732 4362 quae
1753 4289 1851 4366 appel·

494 4376 686 4454 Septuaginta
696 4370 1148 4461 translationemstruppi-pepe
1199 4369 1274 4427 latur
1299 4368 1428 4428 hebraeo
1451 4386 1579 4444 syroque
1599 4385 1737 4429 sermone
1751 4385 1847 4428 son...

494 4467 549 4526 ie.
567 4465 783 4542 resignaculum
804 4462 901 4540 posuit
910 4483 917 4535 ;
929 4463 1010 4521 unde
1024 4461 1145 4536 quidam
1199 4473 1256 4516 son
1273 4476 1383 4517 nomen
1399 4457 1570 4516 hebraicum
1587 4457 1707 4516 vertitur
1721 4457 1751 4516 in
1763 4478 1852 4536 angn-

494 4549 536 4607 sic
552 4547 735 4624 intellegunt,
751 4545 833 4622 quod
849 4543 1032 4619 signaculum
1051 4542 1106 4601 Dei
1119 4553 1147 4600 et
1199 4544 1284 4596 sturm
1297 4541 1311 4598 '.

497 4632 629 4706 figuram,
644 4647 722 4705 quae
737 4629 817 4687 velut
843 4624 872 4683 ln
892 4643 959 4684 cera
974 4623 1147 4682 mollissima
1244 4640 1286 4696 ¹9·
1304 4615 1509 4700 Apocahpsin]
1524 4622 1552 4691 8,
1572 4639 1614 4677 12.

497 4730 633 4789 expressa
642 4711 688 4784 sit,
704 4729 753 4769 rex
768 4707 838 4785 'l'yri
855 4705 1043 4784 resignaverit
1058 4716 1148 4781 atque
