4160 5500
609 415 865 478 TRACTATUS
887 417 944 476 llE
965 415 1274 477 OBOEDIENTIA.
1535 415 1620 501 399

268 624 344 691 Hoc
359 627 444 707 dico,
460 630 537 713 quia
564 629 618 695 hic
645 631 677 696 in
704 630 801 698 nobis
827 652 960 697 summa
983 641 1017 696 et
1041 631 1113 697 sola
1129 643 1179 696 est
1196 634 1299 698 virtus
1321 633 1563 702 oboedientiae.
1581 634 1618 701 Si

268 730 462 796 ieiunaveris
478 732 596 798 diebus
612 754 651 798 ac
667 735 820 800 noctibus
836 737 1089 820 orationemque
1106 736 1230 816 feceris,
1245 739 1273 802 si
1289 739 1321 803 in
1339 759 1437 804 sacco
1454 739 1553 803 fueris
1565 739 1616 805 vel

268 832 300 896 in
316 833 435 912 cinere,
450 835 477 898 si
493 835 583 900 aliud
600 837 681 901 nihil
699 837 814 903 feceris
841 839 903 904 nisi
930 840 1168 923 quodcumque
1184 851 1399 925 praeceptum
1420 843 1518 907 estin
1537 844 1619 927 lege,

268 946 301 1002 et
316 937 377 1002 tibi
393 938 493 1003 fueris
508 941 603 1022 quasi
619 943 760 1025 sapiens,
773 952 806 1009 et
822 944 1004 1008 oboediens
1028 945 1114 1026 patri
1131 964 1198 1009 non
1216 946 1323 1024 fueris,
1338 967 1455 1011 omnes
1482 949 1620 1013 virtutes

234 1043 500 1126 §disperdidisti
529 1047 610 1112 Una
635 1049 850 1115 oboedientia
875 1049 949 1133 plus
974 1048 1062 1115 valet
1087 1069 1189 1134 quam
1217 1068 1334 1112 omnes
1364 1049 1503 1114 virtutes
1528 1049 1622 1116 aliae.

270 1148 434 1216 Ieiunium
462 1151 513 1215 vel
540 1153 756 1230 continentia,
784 1154 847 1217 nisi
872 1164 906 1219 te
932 1154 1110 1237 diligenter
1136 1152 1336 1229 adtenderis,
1352 1152 1542 1236 superbiam
1560 1153 1621 1218 tibi

268 1249 368 1318 facit:
385 1256 541 1337 superbia
565 1265 679 1321 autem
705 1257 839 1321 inimica
865 1267 916 1322 est
941 1257 1025 1322 Deo.
1042 1256 1134 1322 Nilril
1160 1258 1206 1320 sic
1233 1257 1305 1323 odit
1333 1257 1434 1336 Deus,
1450 1258 1622 1342 quomodo

267 1357 467 1437 superbiam.
494 1358 706 1443 Quicumque
734 1381 799 1426 non
828 1360 975 1438 oboedit,
1000 1382 1067 1427 non
1097 1362 1175 1426 facit
1205 1361 1249 1426 de
1275 1361 1462 1438 sanctitate,
1489 1360 1546 1424 sed
1578 1362 1621 1425 de

268 1460 430 1543 superbia.
449 1462 532 1527 Ideo
557 1465 646 1529 enirn
675 1485 741 1529 non
766 1466 914 1543 oboedit,
929 1466 1007 1549 quia
1032 1464 1203 1530 meliorem
1228 1485 1265 1530 se
1292 1476 1387 1549 putat
1404 1466 1461 1530 illo
1477 1466 1529 1530 cui
1554 1485 1620 1530 non

221 1586 251 1624 ro
267 1563 413 1631 oboedit.

313 1671 516 1754 Simpliciter
532 1674 607 1738 dico
623 1677 738 1740 vobis:
755 1673 869 1737 omnia
894 1681 1030 1754 peccata
1057 1672 1137 1737 odio
1160 1672 1262 1738 habet
1279 1673 1381 1749 Deus,
1399 1671 1623 1750 mendacium,

268 1775 458 1857 periurium,
482 1777 617 1855 furtum,
631 1778 853 1856 latrocinium,
877 1776 1089 1854 adulterium,
1111 1775 1375 1854 fornicationem,
1391 1776 1423 1839 in
1453 1777 1573 1859 quibus
1597 1776 1623 1840 si

269 1877 343 1960 quis
358 1879 583 1962 deprehensns
607 1880 732 1960 fuisset,
748 1902 815 1945 non
832 1890 944 1963 posset
969 1879 1084 1944 oculos
1108 1881 1226 1958 levare,
1242 1881 1300 1944 sed
1317 1880 1364 1943 sic
1390 1899 1467 1944 eum
1484 1879 1622 1945 habere·

270 2002 343 2046 mus
368 1984 463 2067 quasi
488 1985 739 2052 exsecrabilem.
760 1987 795 2051 Si
823 1987 897 2070 quis
921 1984 1083 2068 superbus
1111 1995 1171 2062 est,
1194 1985 1301 2049 multo
1327 1985 1422 2066 peius
1448 1995 1622 2067 peccatum

223 2105 252 2160 15
269 2085 348 2150 facit
364 2107 465 2170 quarn
481 2088 680 2154 adulterium
697 2111 705 2168 ;
721 2099 754 2154 et
770 2098 882 2155 tamen
897 2090 1064 2174 loquimur
1079 2110 1155 2154 cunr
1169 2108 1218 2156 eo.
1228 2088 1295 2172 Qui
1312 2089 1500 2164 fornicatur,
1513 2097 1625 2172 potest

270 2189 395 2273 aliquid
413 2191 543 2256 dicere:
561 2193 651 2257 Vicit
668 2213 721 2257 me
746 2215 823 2259 caro
849 2215 931 2270 mea,
948 2193 1116 2276 superavit
1133 2213 1187 2257 rne
1202 2191 1429 2256 adulescentia
1445 2212 1527 2256 mea
1547 2191 1623 2256 N'on

270 2294 347 2359 dico
361 2298 452 2378 quod
469 2297 576 2361 facere
602 2299 735 2378 debeas,
750 2299 776 2360 si
801 2299 935 2380 quidem
953 2308 986 2363 et
1003 2298 1066 2361 hoc
1081 2297 1160 2361 odio
1184 2296 1286 2360 habet
1303 2296 1405 2374 Deus,
1420 2296 1479 2359 sed
1496 2295 1529 2359 in
1546 2316 1623 2360 con·

271 2401 444 2483 paratione
471 2401 549 2465 mali
576 2403 661 2480 dico,
677 2404 881 2487 quicumque
907 2402 996 2466 aliud
1024 2411 1198 2484 peccatum
1226 2402 1350 2479 fecerit,
1365 2401 1457 2466 verbi
1473 2421 1582 2476 causa,
1598 2399 1625 2463 si

272 2505 395 2570 furtum
412 2505 534 2584 fecerit,
550 2529 711 2572 excusare
738 2515 858 2591 potest.
875 2504 966 2588 Quid
991 2505 1080 2569 enim
1098 2505 1202 2569 dicit?
1220 2506 1398 2589 Propterea
1415 2505 1537 2569 furtum
1555 2503 1626 2581 feci,

221 2632 255 2668 20
271 2610 349 2693 quia
365 2608 514 2692 egebam,
526 2611 605 2694 quia
621 2611 709 2674 fame
726 2611 899 2684 moriebar,
912 2609 989 2692 quia
1003 2607 1228 2691 aegrotabam.
1243 2605 1413 2688 Superbus
1426 2605 1504 2688 quid
1516 2605 1626 2669 dicere

272 2719 407 2794 potest?
426 2714 507 2778 Ideo
523 2715 679 2796 superbia
697 2715 773 2778 vide
789 2723 950 2796 quantum
970 2711 1093 2775 malum
1114 2710 1166 2788 sit,
1182 2709 1271 2793 quod
1288 2708 1539 2772 excusationem
1557 2725 1627 2768 non

272 2815 382 2880 habet.
399 2817 519 2882 Cetera
535 2819 614 2881 vitia
630 2819 678 2882 eis
695 2827 825 2893 nocent,
840 2816 896 2899 qui
913 2836 952 2880 ea
968 2815 1206 2878 committunt:
1223 2823 1368 2876 ceterum
1385 2809 1539 2893 superbia
1552 2809 1626 2892 plus

271 2921 426 2984 omnibus
442 2930 548 2985 nocet.
563 2921 639 2984 Hoc
653 2940 733 3003 ergo
748 2921 833 2997 dico,
845 2940 886 2982 ne
898 2920 1052 3001 cogitetis
1065 2927 1237 3001 peccatum
1252 2915 1419 2980 modicum
1433 2934 1505 2976 esse
1514 2932 1627 2995 super·

272 3021 370 3087 biam.
388 3025 520 3107 Nempe
536 3023 617 3107 quid
643 3025 725 3088 dicit
747 3022 942 3107 apostolus?
968 3022 1021 3085 Ne
1035 3021 1117 3104 quin
1133 3021 1249 3104 inquit,
1265 3019 1389 3082 incidat
1409 3018 1444 3082 in
1471 3017 1628 3082 iudicium

225 3151 255 3204 ²5
272 3127 400 3192 diaboli.
418 3129 505 3192 Vide
530 3148 611 3210 ergo
627 3127 785 3210 quoniam
802 3127 1006 3210 quicumque
1023 3125 1165 3202 inflatur,
1181 3125 1213 3187 in
1232 3123 1389 3189 iudicium
1406 3120 1530 3186 diaboli
1548 3121 1626 3184 inci·

272 3231 328 3296 dit.
348 3232 424 3295 Hoc
440 3251 519 3314 ergo
542 3233 620 3294 dico
646 3231 829 3295 secundum
857 3232 946 3314 quod
976 3231 1135 3312 scriptum
1153 3237 1212 3306 est,
1228 3227 1319 3290 Deus
1332 3225 1476 3308 superbis
1497 3223 1629 3301 resistit,

272 3335 451 3400 bremilr'bus
464 3346 575 3400 autem
598 3335 658 3398 dat
666 3335 827 3417 gratiam,
843 3346 879 3399 ut
903 3336 1017 3399 omnia
1040 3335 1174 3417 quidem
1202 3341 1340 3414 peccata
1367 3330 1542 3413 fugiamus,
1559 3347 1627 3391 ma-

274 3442 364 3504 xime
389 3449 501 3504 autern
530 3439 730 3522 superbiam.
759 3441 846 3503 Dico
872 3440 967 3503 vobis
993 3439 1036 3502 de
1062 3435 1226 3520 superbia,
1248 3454 1379 3517 semper
1405 3433 1468 3496 sibi
1496 3421 1628 3514 sapien's

309 3622 318 3658 ι
333 3609 383 3670 hic]
395 3625 445 3658 ont.
459 3606 475 3658 λ
486 3625 494 3669 3
506 3609 531 3658 D
543 3607 579 3658 ita
591 3608 641 3673 leg.
654 3610 717 3674 quia
729 3610 758 3658 in
770 3608 838 3658 nobis
849 3609 908 3658 haec
918 3615 942 3658 et
952 3624 1052 3658 sunnuu
1064 3617 1103 3658 etc
1115 3625 1121 3666 ;
1143 3607 1165 3656 L
1175 3607 1238 3671 quia
1255 3605 1389 3654 obedientia
1407 3603 1521 3654 oumr'bus
1530 3617 1630 3651 summa

274 3689 506 3740 etsolaesfvr‘rtus.
585 3689 887 3751 qtibr'1Linser.visns.
965 3685 1381 3753 5disperdidisti]perdidistiill..
1460 3685 1581 3747 bidom.
1596 3684 1627 3732 D.

275 3769 570 3834 roditladiohabertu.
655 3768 866 3837 quonrnf01quanr
879 3769 903 3821 λ.
988 3770 1147 3835 8nonsocr'1]
1161 3767 1302 3836 βλΙ);ηοη
1313 3769 1395 3834 deficit
1406 3769 1436 3818 1..
1523 3777 1549 3815 ιι
1563 3766 1630 3814 Sim·

273 3851 380 3919 pliciter]
391 3854 513 3904 similiter
523 3851 548 3904 λ.
651 3866 680 3916 13
692 3852 846 3913 haberemus]
857 3855 974 3902 hahemus
983 3850 1025 3902 λλ)
1037 3871 1044 3912 ;
1056 3854 1110 3902 aleb
1120 3853 1264 3902 haberentur
1277 3853 1306 3902 1..
1410 3863 1439 3911 14
1450 3847 1631 3907 exsecrabilem]

275 3937 433 3986 accusabilem
445 3936 478 3986 D.
577 3928 622 3991 est]
633 3933 720 3998 suerit
732 3935 761 3985 Ι..
864 3931 1033 3998 rrrultopeius]
1052 3934 1170 3984 nrar'usL
1187 3936 1247 3994 (om.
1262 3936 1359 3996 multo).
1463 3929 1630 3996 15ettamen]

276 4027 335 4069 tunc
346 4019 370 4070 λ.
439 4015 853 4083 fhmfcaturlsomicatorestllD.
934 4017 962 4067 16
973 4013 1086 4082 aliquid]
1105 4024 1188 4066 auteur
1202 4017 1230 4067 L.
1306 4017 1375 4067 niul.
1390 4015 1454 4076 ntea]
1469 4015 1551 4065 Lom.
1566 4027 1627 4060 neca.

281 4097 563 4163 17rlebeas1delleatllL.
668 4099 697 4148 18
708 4100 795 4162 aliud]
808 4101 850 4148 froc
862 4101 902 4149 vel
911 4099 987 4148 aliud
997 4099 1026 4149 L.
1130 4094 1295 4160 19excusare]
1308 4097 1358 4166 βλ;
1378 4097 1494 4146 excusari
1505 4095 1630 4152 D3excu·

278 4199 332 4233 sare
342 4200 366 4233 se
378 4185 408 4235 L.
477 4195 509 4232 20
519 4181 626 4246 egebam]
637 4181 747 4246 atgebum
760 4183 790 4232 L.
867 4175 999 4238 uroriebar]
1010 4179 1145 4230 inducebar
1157 4180 1190 4230 D.
1265 4179 1400 4244 Superbus]
1414 4179 1437 4227 D
1450 4178 1523 4227 inser.
1537 4181 1629 4226 autent.

280 4275 307 4311 21
320 4257 445 4330 superbia]
456 4263 574 4327 superbus
585 4259 634 4313 lL.
703 4264 758 4312 vide
769 4272 893 4328 quantum
906 4263 1002 4312 malum
1013 4257 1057 4318 sit]
1069 4262 1133 4328 quin
1145 4263 1227 4310 verulus
1237 4262 1272 4310 sit
1282 4261 1304 4310 L
1315 4279 1323 4320 ;
1335 4261 1418 4310 rudius
1434 4260 1531 4309 malum
1541 4265 1577 4308 esf
1589 4259 1633 4316 1);

279 4345 447 4412 quodcumque
458 4344 627 4409 malumsacr't
638 4343 662 4394 λ.
756 4343 822 4408 quod
831 4344 1025 4405 excusationem]
1037 4345 1098 4408 quia
1109 4359 1128 4392 c.
1145 4343 1168 4391 D
1181 4359 1188 4400 3
1199 4358 1281 4407 quase
1292 4348 1388 4392 excuset
1400 4342 1429 4391 L.
1526 4352 1557 4402 23
1568 4339 1633 4401 ergo]

280 4446 319 4494 ego
331 4431 365 4482 D.
428 4437 555 4496 peccatum
566 4431 689 4480 modicum
701 4446 749 4480 esse
760 4431 913 4495 superbiam]
926 4431 1067 4494 superbiam
1075 4433 1200 4494 peccalum
1213 4441 1262 4476 non
1274 4441 1321 4475 esse
1331 4425 1364 4475 D.
1433 4417 1538 4487 mergo]
1548 4437 1589 4486 ego
1600 4422 1633 4470 D.

283 4512 312 4562 28
323 4514 352 4562 de
362 4513 489 4578 superbia]
500 4513 529 4562 de
540 4513 639 4577 superbo
652 4513 681 4563 L.

323 4687 337 4725 2
342 4685 367 4745 5.
382 4659 504 4744 diaboli]
522 4662 627 4725 1Tim.
642 4683 669 4740 3,
682 4667 709 4724 6.
1025 4682 1070 4738 ²7·
1082 4654 1225 4738 gratrirm]
1241 4661 1326 4718 Prov.
1344 4678 1370 4735 3,
1388 4677 1426 4736 34
1437 4670 1493 4720 etc.
