4092 5502
561 434 817 498 TRACTATUS
840 433 897 492 DE
919 433 1087 496 PSALMO
1110 434 1255 496 CXLIII.
1507 438 1589 527 279

236 655 302 741 Qui
317 657 459 722 breviter
475 657 718 741 interpretatur,
733 655 796 720 hoc
819 654 1040 738 consequitur,
1055 663 1093 719 ut
1119 655 1191 738 ipse
1218 656 1351 722 laudem
1368 677 1433 722 non
1451 657 1586 738 habeat,

234 771 395 838 ettamen
412 762 648 845 quodcumque
664 761 697 824 in
714 759 988 842 interpretatione
1015 768 1065 824 est
1082 761 1249 838 retineant
1263 760 1308 824 illi
1325 763 1381 844 qui
1399 764 1585 830 audierunt.

235 865 427 932 Benedictus
450 865 616 931 Dominus
640 865 733 930 Dens
749 885 846 943 mens,
861 863 920 946 qui
943 864 1030 928 docet
1054 885 1172 928 ruanns
1197 886 1285 929 meas
1310 866 1358 930 ad
1372 867 1543 949 proelium,
1559 880 1590 933 et

233 969 355 1053 digitos
369 992 453 1034 meos
467 971 515 1034 ad
527 971 651 1034 bellum.
668 969 834 1034 Levemus
861 987 980 1032 manus
997 968 1029 1032 in
1045 979 1162 1033 sancta
1189 970 1260 1033 sine
1281 971 1540 1054 cogitationibus
1556 983 1589 1038 et

184 1083 199 1138 5
235 1073 542 1157 disceptationibus,
557 1083 591 1140 et
607 1073 755 1138 levemus
780 1073 812 1136 in
840 1071 932 1135 omni
957 1071 1050 1149 loco;
1066 1081 1099 1137 et
1126 1093 1201 1138 cum
1227 1073 1446 1139 levaverimus
1472 1097 1590 1141 manus

237 1188 376 1256 nostras,
390 1178 498 1244 oratio
525 1187 638 1243 nostra
664 1177 706 1240 ad
736 1177 845 1240 Deum
865 1195 966 1252 ⁴arma
981 1186 1059 1240 sunt
1076 1187 1191 1240 contra
1215 1179 1397 1252 diabolum.
1417 1179 1486 1258 Qui
1506 1181 1593 1244 docet

237 1303 356 1347 manus
371 1304 459 1347 neeas
474 1283 698 1366 adproetium,
712 1292 744 1345 et
757 1281 878 1363 digitos
894 1299 977 1344 eneas
992 1279 1040 1344 ad
1052 1279 1176 1346 bellurn.
1195 1281 1290 1346 Haec
1315 1291 1366 1348 est
1382 1283 1453 1367 lyra
1470 1295 1592 1363 nostra,

237 1387 318 1451 haec
335 1387 461 1451 cithara
476 1411 483 1451 t
499 1388 532 1450 in
549 1387 612 1451 hac
628 1396 803 1451 cantamus
821 1385 904 1448 De0.

281 1488 515 1553 Misericordia
530 1509 600 1553 mea
615 1498 646 1553 et
662 1488 828 1569 refugium
855 1507 972 1564 menete,
987 1499 1148 1571 susceptor
1161 1511 1250 1556 mens
1265 1501 1296 1570 et
1309 1491 1466 1556 liberator
1480 1515 1569 1558 meus
1579 1516 1592 1558 .·

184 1608 218 1648 ιο
227 1601 389 1673 protector
402 1613 499 1657 mens.
518 1593 556 1656 In
573 1594 676 1656 tantis
692 1591 882 1656 nominibus
907 1591 1096 1673 appellatur
1113 1595 1213 1659 Deus.
1243 1595 1336 1679 Quot
1352 1596 1524 1678 beneficia,
1539 1607 1590 1662 tot

236 1702 381 1766 nomina.
400 1701 469 1781 Qui
481 1701 593 1765 subdis
605 1701 758 1784 poputum
775 1720 881 1762 meum
898 1697 956 1762 sub
973 1718 1030 1762 me.
1045 1698 1121 1762 Hoc
1138 1709 1253 1782 potest
1264 1721 1308 1766 ex
1324 1722 1466 1784 persona
1477 1701 1591 1784 Xpisti

235 1805 310 1883 dici,
326 1807 388 1869 boc
405 1815 463 1882 est,
474 1826 517 1870 ex
529 1807 710 1889 adsumpto
726 1803 870 1868 homine.
884 1803 998 1866 Potest
1014 1811 1127 1865 autem
1144 1823 1188 1866 ex
1202 1825 1344 1886 persona
1359 1807 1588 1890 apostolorum

234 1907 300 1972 dici
317 1927 403 1990 qnae
418 1907 499 1972 dicit
514 1931 521 1972 :
538 1906 603 1989 Qui
620 1908 736 1972 subdis
752 1907 915 1989 populum
933 1924 1043 1968 meum
1060 1905 1123 1968 sub
1140 1927 1200 1971 me.
1219 1907 1311 1972 Dicit
1326 1911 1389 1973 hoc
1407 1921 1440 1974 et
1456 1922 1591 1976 sanctus

235 2011 380 2092 paterio
397 2012 608 2088 monasterio,
623 2021 656 2076 et
672 2011 796 2094 gratias
822 2009 919 2073 refert
938 2009 1021 2085 De0,
1037 2018 1070 2072 et
1086 2008 1188 2075 dicit:
1205 2011 1404 2077 Benedictus
1422 2014 1599 2080 Dominus

185 2130 215 2185 15
236 2114 330 2196 Deus
347 2135 448 2192 meus,
460 2114 517 2198 qui
533 2114 648 2178 subdis
665 2115 825 2197 populum
843 2133 954 2177 meum
971 2112 1034 2176 sub
1051 2131 1111 2176 me.
1123 2114 1201 2178 Non
1218 2116 1306 2180 enim
1325 2117 1405 2181 mihi
1422 2119 1591 2197 subicitur,

235 2219 293 2283 sed
311 2219 370 2283 tibi
386 2219 566 2298 subicitur;
583 2219 658 2284 ideo
675 2218 756 2282 mibi
773 2218 882 2296 servit,
898 2230 933 2280 ut
950 2216 1009 2280 tibi
1027 2217 1158 2281 serviat.

278 2322 419 2387 Domine
427 2323 511 2406 quid
522 2333 570 2386 est
578 2322 679 2401 horno,
688 2322 769 2407 qnia
784 2320 958 2387 innotuisti
972 2321 1027 2384 ei?
1038 2323 1202 2405 autfilins
1212 2321 1362 2402 leominis,
1372 2323 1451 2406 qnia
1462 2333 1593 2406 reputas

234 2431 342 2493 enm?
359 2429 436 2492 Hoc
452 2429 562 2513 ipsum
589 2439 623 2494 et
650 2431 681 2494 in
710 2439 829 2494 octavo
854 2428 985 2510 psalmo
1011 2427 1139 2491 dicitur.
1155 2431 1162 2457 ‘
1180 2425 1269 2508 Quid
1294 2435 1346 2490 est
1373 2428 1475 2491 homo
1501 2429 1591 2511 quod

235 2553 414 2598 memores
430 2534 526 2598 eius?
541 2542 598 2598 aut
615 2533 700 2610 filius
716 2534 869 2613 hominis,
885 2535 1045 2618 quoniam
1061 2533 1177 2598 visitas
1193 2539 1296 2597 eum?
1313 2534 1320 2560 '
1346 2534 1493 2599 Domine
1510 2536 1591 2618 quid

183 2654 216 2693 20
234 2647 287 2704 est
302 2639 413 2715 homo,
428 2637 507 2720 quia
523 2638 696 2704 innotuisti
713 2641 768 2702 ei?
785 2640 837 2702 De
864 2638 1044 2721 fragilitate
1068 2639 1214 2721 corporis
1242 2649 1276 2702 et
1300 2638 1448 2703 humana
1476 2639 1592 2702 condi·

234 2742 328 2807 tione
348 2741 516 2825 loquitur:
542 2743 670 2825 etquid
698 2744 803 2808 dicit?
829 2742 865 2807 Si
892 2727 1025 2808 carnem
1052 2744 1201 2826 aspicias,
1217 2743 1297 2825 quid
1324 2753 1375 2807 est
1399 2742 1526 2807 homo?
1555 2742 1592 2808 Si

234 2847 399 2930 spiritum,
414 2846 540 2929 grande
556 2856 606 2912 est
629 2847 739 2912 homo,
757 2849 835 2912 Non
862 2848 1085 2932 despiciamus
1113 2867 1256 2923 carnem,
1272 2847 1330 2910 sed
1356 2848 1464 2911 carnis
1491 2867 1593 2930 opera

234 2959 498 3015 contemnamus.
515 2949 594 3014 Non
625 2952 848 3035 despiciamus
878 2972 1022 3029 carnem,
1049 2971 1237 3035 quaecum
1265 2951 1389 3033 Xpisto
1415 2960 1532 3034 regnat
1558 2952 1592 3016 in

234 3053 338 3119 caelo,
353 3060 360 3087 ⁸
377 3054 464 3120 Caro
480 3064 514 3118 et
529 3055 664 3138 sanguis
681 3075 819 3138 regnum
843 3055 906 3120 Dei
925 3075 990 3120 non
1008 3056 1228 3138 possidebunt
1244 3054 1251 3082 '
1267 3079 1274 3119 :
1292 3074 1356 3118 non
1374 3075 1452 3120 caro
1468 3064 1501 3122 et
1518 3075 1593 3120 san·

184 3177 216 3234 25
234 3158 320 3242 guis,
331 3159 390 3224 sed
405 3161 513 3224 carnis
529 3179 639 3243 opera.
656 3160 742 3224 Caro
758 3168 792 3222 et
806 3160 942 3242 sanguis
970 3179 1108 3243 regnum
1127 3159 1192 3223 Dei
1216 3178 1284 3223 non
1301 3160 1529 3241 possidebunt.
1548 3159 1593 3223 Et

236 3263 408 3347 quomodo
423 3264 457 3327 in
474 3264 598 3347 Xpisto
614 3268 779 3347 regnant?
795 3273 829 3328 et
846 3262 1016 3347 quomodo
1031 3265 1186 3327 sedemus
1205 3281 1280 3327 cum
1295 3262 1419 3345 Xpisto
1435 3263 1468 3325 iu
1488 3261 1594 3326 caele·

236 3367 368 3432 stibus?
383 3367 524 3432 Domine
537 3368 622 3451 quid
632 3377 679 3432 est
692 3367 793 3448 horno,
808 3369 887 3450 qnia
903 3367 1078 3432 innotuisti
1094 3369 1156 3432 ei?
1172 3369 1336 3452 antfilins
1349 3368 1500 3446 nominis,
1515 3369 1595 3452 quia

238 3481 369 3554 reputas
383 3491 455 3535 eum
469 3473 489 3536 t
505 3471 638 3537 Gratias
654 3474 723 3556 agit
737 3473 820 3551 Deo,
830 3481 865 3538 et
879 3473 970 3557 quod
986 3474 1068 3536 dicit
1082 3474 1144 3536 hoc
1157 3482 1215 3538 est.
1230 3472 1404 3556 Quantum
1421 3475 1463 3539 ad
1477 3475 1595 3539 huma·

275 3676 284 3712 ι
302 3665 355 3726 Qui
364 3665 471 3716 breviter
480 3663 670 3730 interpretatur]
682 3663 803 3714 Breviter
813 3666 993 3729 interpretatus
1005 3665 1025 3713 D
1039 3664 1102 3724 (om.
1115 3665 1180 3730 quel.
1258 3658 1426 3729 consequitur]
1435 3663 1551 3728 seqnitur
1562 3662 1594 3713 G.

238 3760 254 3797 2
266 3747 296 3796 in
304 3747 506 3813 interpretatione
517 3748 561 3810 est]
574 3747 803 3812 interpretationem
816 3749 838 3798 G
851 3751 912 3808 (om.
928 3748 957 3796 in
972 3754 995 3796 et
1008 3748 1062 3808 est).
1164 3742 1299 3804 retineant]
1311 3752 1388 3794 reten.
1403 3744 1435 3794 G.
1538 3756 1552 3806 3
1564 3743 1600 3792 ad

233 3830 291 3894 pn]
302 3830 330 3879 in
339 3837 380 3895 pr.
396 3831 424 3881 B.
527 3839 540 3894 5
552 3837 576 3879 et
585 3828 702 3891 levemus]
713 3831 834 3880 elevemus
845 3830 868 3881 G
880 3848 887 3889 ;
900 3830 1008 3878 levemus
1021 3827 1045 3895 β.
1146 3827 1163 3877 6
1174 3829 1253 3877 oratio
1265 3827 1359 3887 nostra]
1372 3826 1460 3885 CGL;
1476 3826 1598 3875 orationes

239 3920 337 3962 nostrae
350 3910 395 3979 βΒ.
507 3908 641 3972 sunt]sint
653 3913 682 3963 L.
783 3912 888 3981 '7tyro]
900 3912 953 3974 tyri
964 3912 984 3960 B
996 3928 1003 3970 ;
1016 3911 1067 3960 lira
1079 3910 1134 3960 CG.
1246 3907 1413 3970 8eantaneus]
1434 3923 1554 3958 canamus
1566 3907 1595 3956 C.

242 4006 314 4044 12ex
324 3994 502 4056 ads.]GIom.
516 4010 555 4044 ex.
659 4006 687 4058 13
699 4011 761 4060 quae
771 3991 894 4054 dicit]C;
911 3995 973 4058 quia
984 3994 1082 4042 dicitnr
1093 3990 1148 4060 pm
1165 3991 1214 4056 qui
1227 3993 1325 4040 dicitur
1335 3991 1367 4041 G.
1471 4002 1501 4050 14
1512 3987 1597 4053 refert]

239 4073 384 4140 reserensp.
451 4081 474 4126 et
484 4075 556 4137 dicit]
569 4073 607 4142 βΒ
619 4091 668 4125 om.
682 4083 714 4128 et.
785 4075 1055 4140 15sretdr'strebditG.
1148 4073 1367 4138 17quiai.]quod
1375 4072 1424 4123 GI.
1491 4071 1598 4136 qur'ar.]

240 4159 360 4223 quoniarn
371 4158 404 4209 G.
508 4156 654 4219 18dr'ritur]
676 4175 726 4210 om.
741 4159 770 4209 C.
872 4171 904 4209 20
922 4156 1072 4218 innotuisti]
1090 4155 1198 4204 notuisti
1209 4155 1243 4204 G.
1343 4149 1488 4217 aegranete]
1508 4149 1594 4218 padd.

241 4240 360 4305 quiddam
372 4240 495 4304 3grandis
507 4241 531 4291 10
631 4252 664 4302 24
674 4257 713 4306 sq.
724 4241 890 4304 possidebunt]
898 4241 991 4305 possed.
1007 4240 1027 4290 C
1040 4255 1103 4289 corr.
1204 4237 1237 4288 26
1248 4234 1365 4301 regnant]
1377 4241 1465 4300 regnat
1477 4233 1533 4285 BC.

283 4413 310 4466 4
326 4399 355 4452 et
366 4390 626 4474 deireptationibns]
654 4413 666 4451 r
683 4393 761 4454 Tim.
781 4415 806 4468 2,
823 4398 849 4453 8.
945 4393 1028 4452 Deus
1042 4401 1095 4462 est,
1108 4399 1137 4449 et
1153 4387 1183 4448 in
1206 4406 1267 4466 qua
1289 4383 1406 4463 plurimi
1421 4386 1597 4462 placuerunt

286 4494 331 4550 19.
346 4494 410 4534 eum
420 4471 445 4556 t]
457 4477 504 4534 Ps.
516 4478 544 4548 8,
560 4491 587 4552 5.
945 4474 1012 4533 Deo
1027 4480 1211 4548 regnantque
1225 4487 1295 4527 cum
1310 4467 1451 4541 Christo;
1466 4466 1520 4527 sed
1533 4482 1598 4543 quo

286 4575 333 4618 22.
362 4557 431 4618 Non
459 4557 646 4634 despieimnus
669 4577 783 4618 carnem
821 4551 892 4635 ete]
944 4549 1365 4632 operacarnlsrepudientur'
1380 4559 1435 4610 etc.

246 4636 371 4699 Hieron.
387 4637 419 4696 in
435 4638 473 4699 Is.
501 4655 547 4716 52,
567 4659 582 4697 2
598 4642 652 4715 sq‘
667 4642 738 4704 Non
753 4657 815 4716 quo
834 4657 893 4697 car·
987 4655 1032 4708 ²4·
1049 4653 1107 4694 non
1111 4626 1308 4711 possidebunt]
1328 4632 1423 4694 1Cor.
1445 4647 1489 4707 15,
1504 4645 1550 4705 50.

246 4717 291 4778 nis
313 4731 418 4781 natura
439 4721 605 4792 damnetur,
634 4721 720 4782 cuius
755 4718 895 4782 conditor
987 4721 1033 4776 ab.
1050 4714 1253 4777 r'ncaelestibus
1267 4709 1292 4793 t]
1309 4714 1418 4790 Ephes.
1437 4732 1462 4783 a,
1480 4714 1506 4770 6.
