4060 5498
507 350 562 432 60
888 363 916 423 S.
949 363 1204 424 HIERONYMI
1233 364 1499 425 PRESBYTERI

509 557 642 638 gregatio
657 559 736 622 enim
751 571 922 622 sanctorum
938 581 1016 639 quae
1032 563 1062 624 in
1077 561 1203 624 ecclesia
1218 574 1272 637 est,
1298 563 1328 624 in
1351 583 1412 642 qna
1435 566 1518 625 Deus
1533 575 1688 640 tamquam
1704 561 1735 621 in
1750 561 1857 622 throno

511 659 629 719 residet.

552 760 590 820 Si
605 755 811 832 dereliquerint
815 758 883 834 filii
899 758 960 818 eius
980 760 1066 834 legem
1088 779 1179 819 eneam
1202 771 1232 820 et
1256 770 1357 821 cetera
1380 779 1474 838 usque
1497 761 1544 820 Et
1561 779 1635 838 quae
1649 759 1809 839 procedunt
1825 759 1859 818 de

511 859 596 920 labiis
611 859 679 918 erreis
693 875 751 916 non
758 857 871 933 sacroue
886 859 984 918 irrita.
1002 859 1094 933 Quod
1110 860 1305 920 derelictores
1320 857 1401 936 legis,
1418 858 1598 919 iudiciorum
1620 859 1772 928 obliteres,
1795 876 1857 935 pro

513 960 660 1018 sanatores
676 955 932 1031 iustificationum,
948 958 1222 1034 mandatorumque
1237 969 1469 1036 transgressores
1478 957 1509 1017 in
1520 959 1609 1036 virga,
1623 956 1653 1018 id
1665 967 1717 1028 est,
1730 957 1760 1016 in
1776 954 1860 1016 disci·
1877 969 1888 1021 ς

514 1057 594 1136 plina
611 1055 669 1117 Dei
685 1053 889 1132 corripiantur,
906 1066 936 1116 et
951 1055 1155 1116 misericordia
1170 1055 1272 1124 divina
1288 1075 1349 1117 uon
1364 1058 1522 1118 auferatur.
1540 1056 1621 1117 lllud
1635 1054 1814 1127 ostenditur,
1828 1066 1859 1113 ut

514 1157 612 1215 nullus
628 1153 692 1214 sine
711 1171 764 1231 spe
779 1153 1013 1229 recuperationis
1028 1154 1066 1215 ab
1081 1154 1210 1215 ecclesia
1225 1165 1379 1216 arceatur:
1404 1155 1474 1232 quia
1498 1155 1575 1215 sicut
1599 1153 1739 1216 seneritas
1762 1151 1858 1212 divina

512 1265 601 1314 terret
617 1263 762 1328 arguente
776 1250 896 1322 iustitia,
913 1250 954 1311 ita
968 1252 1064 1329 pietas
1079 1265 1195 1330 reparat
1211 1255 1391 1314 moderante
1405 1252 1575 1314 clementia.

554 1352 649 1413 Semd
666 1350 769 1410 iuraui
791 1350 822 1409 in
846 1357 944 1409 sancto
958 1373 969 1410 .·
986 1370 1044 1409 nico
1065 1351 1094 1410 in
1123 1350 1257 1412 Homine
1281 1351 1333 1411 illo
1359 1351 1529 1412 Dominico.
1553 1353 1591 1412 Si
1609 1351 1716 1414 Dauid
1731 1351 1859 1410 mentiar.

513 1452 607 1511 Nullo
621 1450 701 1510 enim
718 1446 877 1509 mendacio
892 1448 1142 1510 circumscribitur
1159 1452 1250 1511 Deus.
1268 1452 1367 1512 &rnen
1381 1451 1441 1510 eius
1455 1449 1487 1509 in
1501 1457 1649 1510 oeternum
1664 1451 1789 1510 mauebit
1804 1471 1811 1509 :
1833 1447 1860 1508 id
1879 1471 1903 1507 m

514 1560 568 1621 est,
585 1549 715 1625 populus
731 1546 904 1625 acquisitus.

560 1649 602 1707 Et
613 1650 736 1708 thronus
749 1650 810 1725 ejus
823 1649 897 1708 sr‘cut
908 1649 952 1707 sol
963 1649 994 1708 in
1008 1655 1152 1726 conspectu
1166 1668 1232 1709 oneo.
1244 1647 1398 1726 Significat
1410 1646 1506 1726 ipsam
1517 1647 1677 1710 ecclesiam
1689 1647 1720 1708 in
1732 1647 1860 1709 claritate

515 1748 630 1806 loturae
645 1745 839 1807 beatitudinis
854 1766 1038 1825 permanere.
1056 1751 1102 1808 Et
1114 1749 1187 1808 secut
1198 1750 1272 1807 luna
1282 1749 1415 1825 perfecto,
1429 1748 1460 1808 id
1472 1759 1525 1820 est,
1537 1757 1598 1809 tota
1610 1748 1719 1808 lucida.
1733 1749 1779 1806 Et
1790 1749 1862 1808 testis

515 1845 747 1921 incaelofidelis.
776 1849 846 1924 lpse
872 1846 1010 1908 Christus
1038 1847 1195 1919 Dominus,
1221 1846 1273 1923 qui
1299 1847 1387 1908 fidele
1412 1845 1617 1908 testimonium
1643 1847 1777 1909 reddidit
1798 1849 1859 1908 Deo

517 1943 598 2005 Patri
613 1942 642 2003 in
658 1945 782 2017 mundo,
799 1945 829 2004 in
845 1948 944 2006 caelos
960 1955 1090 2006 evectus.
1880 1965 1902 2019 ις

559 2040 641 2101 Hinc
655 2042 694 2102 ad
711 2045 829 2104 Patrem
844 2063 901 2104 vox
916 2044 1098 2121 apostolica:
1118 2045 1163 2103 Tu
1176 2063 1241 2105 nero
1255 2044 1392 2123 repulisti
1400 2051 1429 2104 et
1439 2044 1585 2104 distulisti
1595 2045 1745 2106 Christum
1762 2053 1857 2106 tuum:

517 2139 665 2200 tradendo
681 2138 818 2202 inimicis.

559 2239 706 2299 Avertisti
715 2247 916 2302 testamentum
931 2243 1075 2315 servitui,
1092 2261 1145 2319 per
1159 2243 1243 2319 quod
1258 2241 1438 2320 promiseras
1453 2261 1509 2303 nos
1524 2261 1627 2302 secum
1643 2261 1775 2319 regnare.
1793 2241 1857 2300 Fre

515 2336 632 2408 sanasti
643 2337 674 2396 in
689 2346 769 2397 terra
783 2342 984 2401 sanctuarium
997 2342 1064 2402 eius.
1082 2339 1263 2402 Promiseras
1277 2341 1357 2401 enim
1371 2341 1454 2417 quod
1464 2360 1525 2403 nou
1537 2341 1622 2402 dares
1634 2351 1771 2402 sanctum
1783 2351 1857 2401 tuum

520 2435 621 2495 videre
637 2437 871 2514 corruptionem,
887 2450 916 2499 et
932 2459 1013 2499 nunc
1029 2439 1057 2499 in
1073 2441 1213 2516 sepulcro
1227 2438 1345 2517 tegitur.
1487 2493 1490 2504 ,
1875 2469 1905 2504 20

559 2535 750 2594 Destruxisti
769 2556 864 2596 omnes
885 2546 961 2616 sepes
983 2539 1052 2598 eius.
1078 2537 1177 2598 Verba
1200 2537 1274 2615 legis
1299 2549 1328 2598 et
1354 2538 1577 2614 prophetarum,
1594 2537 1624 2598 in
1639 2537 1750 2617 quibus
1765 2535 1857 2598 retine·

522 2632 635 2694 bamur.

561 2733 765 2812 Diripuerunt
784 2754 847 2794 euru
871 2754 968 2795 omues
990 2742 1170 2796 transeuntes
1191 2735 1280 2796 orons.
1306 2737 1476 2796 Transeunt
1501 2733 1581 2796 enim
1605 2733 1691 2795 illum
1716 2733 1768 2813 qui
1792 2730 1856 2793 dixit

523 2833 609 2912 ‘Ego
624 2853 689 2893 sum
706 2833 752 2894 via
768 2833 876 2895 veritas
890 2846 919 2895 et
933 2836 994 2894 vita
1004 2837 1020 2908 ’,
1037 2853 1105 2895 cum
1123 2837 1168 2896 vel
1183 2833 1361 2896 vestimenta
1372 2833 1437 2895 eius
1447 2832 1595 2908 dividunt,
1605 2835 1652 2895 vel
1662 2853 1770 2912 corpus
1780 2829 1858 2893 clasis

443 2913 454 2928 ’
523 2941 552 2992 et
567 2950 713 2993 mucrone
727 2932 914 2994 confodiunt.
930 2936 1036 2994 Factus
1048 2941 1090 2992 est
1101 2934 1283 3012 obprobrium
1297 2934 1399 2995 nc'cinis
1413 2933 1480 2993 suis.
1497 2931 1620 2994 Iudaeis
1634 2951 1670 2994 ac
1687 2931 1856 3011 principibus
1872 2942 1904 2993 25

523 3031 723 3094 sacerdotum.

564 3131 723 3190 Exoltosti
733 3131 882 3190 dexteram
896 3131 1079 3191 inimicorum
1091 3131 1159 3204 eius,
1176 3149 1246 3190 curn
1262 3129 1401 3191 humilias
1416 3148 1486 3190 eum
1499 3128 1528 3189 in
1541 3138 1677 3188 mortem.
1698 3123 1859 3203 laetificasti

524 3246 620 3286 omnes
633 3229 762 3288 inimicos
776 3231 843 3289 etius.
859 3228 989 3288 Pilatum
1005 3247 1074 3288 curn
1091 3229 1231 3306 gentibus
1246 3239 1276 3289 et
1293 3227 1420 3288 ludaeis.

566 3326 715 3387 Avertisti
724 3328 903 3386 adiutorium
913 3328 1014 3404 gladii
1024 3328 1100 3387 eius:
1115 3347 1184 3388 cunr
1195 3347 1255 3387 non
1268 3327 1384 3405 prolicit
1398 3323 1518 3388 Indaeis
1530 3343 1629 3386 sermo
1642 3317 1858 3402 praedicationis

527 3425 614 3487 illius.
631 3425 677 3484 Et
689 3445 746 3484 non
757 3445 785 3485 es
798 3427 964 3486 nrcxr'lrlatus
977 3427 1006 3486 ei
1017 3427 1048 3486 in
1063 3427 1152 3486 bello:
1168 3429 1199 3486 in
1214 3425 1357 3487 conflictu
1374 3425 1479 3502 utique
1496 3422 1651 3502 passionis.
1872 3441 1905 3491 ³0

566 3524 613 3582 Et
623 3525 712 3583 sedem
726 3524 787 3584 eius
800 3523 832 3583 in
847 3532 957 3582 terram
971 3524 1106 3584 collisisti.
1127 3525 1163 3584 ld
1179 3534 1234 3599 est,
1249 3534 1419 3584 sanctorum
1432 3519 1557 3594 animas,
1570 3541 1648 3598 quae
1661 3521 1859 3583 conturbantur

526 3624 565 3683 de
580 3621 664 3683 obitu
677 3622 749 3683 eius.

571 3721 734 3782 Minorasti
743 3722 803 3781 dees
816 3722 949 3798 temporis
970 3723 1038 3793 eius,
1048 3721 1211 3798 perfudisti
1220 3741 1283 3781 eum
1306 3719 1506 3796 confusionem.
1532 3719 1751 3784 confusionem
1773 3715 1860 3791 utique

528 3819 640 3880 mortis.
658 3822 744 3880 Haec
759 3818 899 3880 dicebant
914 3818 1050 3898 apostoli,
1067 3820 1237 3896 ignorantes
1251 3840 1320 3880 eum
1336 3841 1352 3880 a
1367 3823 1491 3882 mortuis
1506 3821 1618 3884 debere
1628 3835 1783 3895 resurgere.
1798 3814 1862 3874 Ideo

527 3937 598 3996 ergo
613 3917 682 3978 talia
697 3918 895 3994 loquebantur
910 3918 1045 3994 apostoli,
1061 3917 1145 3993 quasi
1161 3918 1372 3993 exprobrantes
1390 3918 1474 3990 Patri,
1491 3919 1562 3997 quia
1572 3915 1746 3995 ignorabant
1756 3931 1819 3974 eum
1832 3911 1862 3970 ab
1875 3917 1903 3970 15

529 4017 630 4078 inieris
642 4015 747 4078 redire.
767 4018 824 4077 His
838 4016 924 4093 igitur
940 4016 1107 4077 succedens
1122 4015 1249 4078 ecclesia
1264 4015 1357 4076 dicit:

576 4119 725 4194 Usquequo
740 4119 821 4176 Deus
835 4115 966 4174 irasceris
980 4115 1012 4174 iu
1026 4114 1119 4192 finem
1136 4118 1148 4173 t
1171 4115 1334 4174 exardescet
1354 4117 1429 4175 sicut
1448 4115 1525 4192 iguis
1549 4116 1597 4176 ira
1620 4120 1672 4172 tua
1689 4117 1702 4174 l
1726 4106 1862 4186 Quamdiu

529 4215 670 4288 irasceris,
687 4225 719 4275 nt
735 4233 803 4275 eurn
820 4235 838 4274 a
854 4213 980 4275 mortuis
995 4233 1057 4274 non
1068 4215 1214 4274 revoces?

569 4397 595 4453 9.
615 4377 648 4435 in
667 4377 796 4436 Homine
814 4375 863 4434 iilo
879 4370 1042 4454 Domiuico]
1061 4374 1106 4431 De
1122 4373 1177 4432 hac
1227 4382 1333 4432 sancto
1349 4388 1497 4445 usurpata,
1514 4369 1635 4445 legesis
1651 4382 1711 4432 not.
1729 4369 1864 4432 editorum

528 4458 689 4528 locutione,
706 4477 723 4518 a
739 4457 891 4516 nonnullis
902 4456 1028 4533 quidem
1044 4454 1176 4515 Patribus
1228 4474 1274 4531 ap.
1293 4454 1396 4530 Migne
1412 4473 1426 4511 2
1432 4471 1458 4529 3,
1478 4468 1532 4528 152
1550 4454 1587 4512 D.

529 4541 716 4618 reprehensa,
739 4540 777 4600 ab
801 4539 990 4614 Hieronymo
1023 4548 1122 4597 tamen
1145 4535 1174 4596 111
1271 4557 1316 4596 ao.
1331 4531 1555 4615 corruptionem]
1569 4536 1615 4595 Ps.
1635 4552 1647 4592 r
1654 4551 1680 4612 5,
1702 4553 1744 4594 ro.

527 4623 719 4684 translatione
751 4620 818 4681 libri
849 4618 972 4698 Didymi
995 4621 1042 4680 De
1064 4616 1174 4696 Spiritu
1271 4635 1315 4692 24.
1333 4606 1527 4698 oitn]10.14,
1546 4617 1572 4676 6.
