4112 5496
454 409 507 492 32
910 409 1063 470 SANCTI
1095 408 1349 468 HIERONVMI
1737 405 1806 488 [irxt

453 624 580 708 bonis
595 626 602 652 '
620 624 757 708 habet.
784 624 951 707 Sensus
973 622 1116 734 itaque
1137 622 1218 705 iste
1238 620 1493 705 contexitur:
1517 622 1587 705 Ad
1605 622 1808 706 similitu-

453 761 598 846 dinem
620 776 880 862 sanctorum,
903 787 1013 871 quos
1034 760 1112 843 tibi
1135 758 1187 843 de
1207 760 1327 842 omni
1342 759 1445 842 orbe
1465 761 1658 860 servasti,
1676 759 1807 843 etiarn

452 928 538 1002 eos
575 901 650 1013 qui
686 899 917 984 tormentis
949 897 1119 1009 purgati
1157 909 1270 997 sunt,
1302 925 1397 982 esse
1432 897 1571 996 facies¹
1604 910 1654 980 ut
1689 897 1808 980 iuxta

451 1040 623 1122 vultum
645 1051 892 1121 sanctorum
912 1035 1060 1119 vultus
1081 1061 1255 1147 quoque
1274 1061 1369 1118 esse
1390 1034 1596 1145 incipiant
1617 1047 1808 1148 peccato·

452 1204 565 1260 rum:
590 1176 670 1259 hoc
690 1190 767 1276 est,
792 1187 839 1257 ut
860 1175 966 1257 tales
988 1175 1075 1256 sint
1096 1175 1169 1283 qui
1193 1186 1433 1283 peccatores
1454 1171 1637 1272 luerunt,
1657 1173 1806 1283 quales

451 1327 492 1398 et
514 1315 543 1397 ii
565 1313 639 1425 qui
662 1315 796 1398 sancti
820 1327 933 1397 sunt.

1068 1606 1194 1689 xxi.
1227 1553 1231 1560 ’

507 1869 711 1977 lnfiizem
724 1871 810 1977 pro
830 1868 1131 1979 adsumptione
1150 1870 1385 1952 inolitino.
1419 1871 1685 1982 Adsumptio
1717 1900 1805 1956 ma-

450 2007 591 2090 tutina
611 2005 938 2089 resurrectionis
968 2005 1208 2090 dominicae
1238 2021 1279 2090 et
1309 2035 1515 2091 ascensus
1545 2009 1599 2092 ad
1634 2010 1804 2093 Patrem

448 2145 666 2257 significat
703 2155 1030 2228 sacramentum.
1077 2146 1204 2228 Hanc
1243 2145 1567 2256 inscriptionem
1617 2147 1803 2232 Hebraei
1825 2183 1863 2222 ιο

447 2283 570 2366 aliter
590 2283 765 2366 habent:
793 2291 801 2322 ‘
826 2283 909 2364 Pro
930 2309 1054 2365 cervo
1084 2283 1297 2366 matutino
1320 2284 1339 2368 ’.
1366 2285 1426 2368 Et
1457 2284 1806 2396 interpretatione

448 2449 647 2534 perversa
676 2433 831 2532 putant
861 2419 915 2503 de
952 2420 1112 2504 Esther
1146 2433 1286 2505 totum
1321 2422 1577 2508 vicesimum
1615 2424 1804 2534 primurn

447 2560 663 2672 psalmum
685 2586 779 2642 esse
800 2559 1091 2668 conpositum:
1115 2559 1230 2670 quod
1244 2559 1442 2645 videlicet
1464 2561 1601 2672 ipsius
1615 2562 1804 2673 periculo

446 2712 487 2783 et
502 2697 806 2782 intercessione
818 2695 932 2806 apud
948 2723 1090 2806 regem
1105 2697 1161 2779 sit
1172 2696 1225 2780 de
1235 2699 1423 2808 periculo
1437 2700 1599 2784 Israhel
1615 2701 1803 2812 populus

447 2836 663 2921 liberatus
699 2836 787 2918 Sed
820 2862 899 2917 nos
930 2862 1114 2936 cervum,
1138 2836 1212 2948 qui
1246 2836 1471 2920 interficiat
1507 2841 1727 2948 serpentes
1761 2851 1804 2924 et
1824 2873 1859 2926 ις

444 3002 611 3059 venena
630 2984 867 3073 consumat,
894 2973 1062 3056 nullum
1083 2972 1217 3056 alium
1239 2972 1323 3056 nisi
1347 2975 1555 3084 Xpisturn
1593 2976 1803 3088 intellegi-

447 3142 556 3215 mus
579 3113 689 3196 sicut
710 3112 845 3195 totius
865 3111 1020 3222 psalmi
1042 3122 1268 3194 contextus
1288 3114 1488 3197 ostendit.
1518 3116 1650 3214 Deus
1682 3118 1805 3198 Deus

445 3279 574 3352 ineas,
607 3277 742 3359 quare
776 3276 843 3332 me
871 3247 1176 3357 dereliquisti?
1209 3250 1307 3332 Hoc
1336 3251 1549 3334 versiculo
1582 3253 1803 3338 Dominus

446 3392 490 3475 in
506 3415 628 3474 cruce
649 3387 841 3500 pendens
863 3413 970 3470 usus
991 3399 1072 3468 est:
1091 3413 1141 3468 ex
1155 3413 1243 3496 quo
1257 3387 1644 3473 animadvertimus
1660 3404 1801 3476 totum

477 3615 653 3680 611¹]scripsi;
688 3616 728 3664 lii
740 3616 774 3674 E3
808 3613 838 3662 li
849 3616 878 3664 C.
984 3625 1009 3661 rr
1024 3615 1075 3662 Pro
1085 3630 1154 3664 cervo
1172 3615 1306 3690 nratptino]
1324 3613 1436 3682 ΕΑΜβ;
1471 3617 1521 3665 Pro
1538 3633 1610 3666 cerva
1629 3622 1756 3670 manilium
1768 3621 1799 3670 C.

446 3699 515 3764 Lege
526 3707 611 3748 notam
629 3697 779 3746 ltlarlianaei
790 3698 821 3745 ad
834 3697 900 3746 hunc
912 3697 994 3744 locum
1008 3695 1084 3745 Psalr.
1099 3698 1168 3747 hebr.
1185 3697 1291 3747 Hieron.
1305 3713 1346 3762 ap.
1362 3698 1449 3762 Migne
1462 3697 1502 3758 28,
1519 3713 1588 3763 ¹²⁰3·
1690 3702 1736 3764 Et]
1748 3718 1799 3752 our.

445 3783 507 3832 AM.
611 3793 640 3830 12
653 3780 755 3840 Esther]
767 3779 845 3828 hester
854 3779 928 3828 codd.
1033 3778 1151 3840 18meus]
1164 3779 1264 3828 intendi
1276 3779 1343 3828 nriki
1353 3779 1410 3829 add.
1426 3780 1447 3830 C
1454 3798 1461 3840 ;
1496 3783 1585 3845 respice
1597 3783 1626 3832 in
1638 3799 1675 3831 me
1688 3780 1712 3850 β.

445 3947 485 4012 ni.
501 3946 626 4009 Videtur
641 3965 710 4022 ergo
741 3944 944 4021 Hieronymus
966 3945 1095 4020 l'lll'il
1192 3966 1236 4004 12.
1258 3945 1292 4004 de
1302 3946 1447 4006 Esther...
1461 3966 1516 4006 esse
1529 3947 1715 4032 conpositum]
1729 3951 1800 4012 Hie·

444 4029 548 4108 legisse
564 4047 616 4104 pro
638 4029 765 4102 l'lll’ll?
790 4027 873 4102 quod
888 4025 918 4084 in
941 4037 1021 4085 textu
1046 4025 1096 4084 ho·
1148 4045 1209 4086 ron.
1237 4025 1267 4085 in
1295 4029 1405 4088 Matth.
1433 4045 1478 4104 27,
1496 4031 1555 4101 46:
1583 4032 1691 4108 ‘Ergo
1716 4031 1798 4110 impii

444 4111 549 4172 dierno
564 4109 697 4170 habetur.
714 4109 752 4166 Et
765 4109 804 4167 ita
816 4107 939 4182 quidem
956 4109 1004 4164 ‘in
1017 4125 1096 4166 coru·
1147 4119 1225 4180 sunt,
1249 4109 1300 4184 qui
1326 4111 1473 4186 psalmum
1500 4111 1589 4170 istum
1611 4131 1647 4172 ex
1672 4133 1799 4190 persona

444 4190 637 4263 mentarlolis,
653 4190 713 4261 ubi,
729 4189 805 4248 sicut
827 4188 890 4264 ipse
911 4187 951 4247 ait
971 4187 1095 4264 (Contra
1149 4191 1257 4261 David,
1273 4189 1334 4250 sive
1361 4191 1467 4251 Esther
1481 4204 1511 4251 et
1536 4193 1731 4256 Mardochaei
1755 4196 1799 4256 di·

444 4274 636 4344 Rudinum,
651 4271 709 4348 19),
721 4269 839 4330 libertas
849 4281 892 4328 est
902 4268 1066 4328 disserendi
1079 4271 1096 4342 '3
1147 4283 1228 4330 ctum
1245 4282 1357 4347 putant.
1374 4273 1380 4298 '

443 4369 576 4416 ceterum
592 4353 766 4413 Psalterium
788 4371 824 4412 ex
839 4351 968 4411 hebraeo
983 4350 1012 4408 in
1035 4351 1096 4418 lati·
1192 4369 1235 4429 15.
1259 4353 1481 4429 qur’r‘nterficrizt
1493 4354 1643 4437 serpentes]
1670 4359 1795 4421 Hieron.

444 4457 514 4498 nuru
531 4446 656 4504 vertens,
672 4433 757 4510 quasi
770 4433 925 4493 immernor
940 4431 1096 4509 expositio
1148 4435 1264 4494 Comrn.
1294 4434 1323 4492 in
1350 4435 1388 4494 Is.
1413 4456 1458 4508 14,
1476 4456 1512 4513 5:
1531 4443 1693 4500 ‘cervae...
1720 4459 1798 4518 quae

444 4519 489 4579 nis
499 4518 642 4594 antiquae
644 4513 1096 4593 firnestuorposuit‚‘nescilicet
1148 4515 1240 4575 odore
1266 4516 1379 4574 uarium
1405 4531 1557 4594 serpentes
1581 4522 1738 4582 extrahunt
1759 4523 1798 4583 de

443 4594 1096 4674 violentusvidereturinterpres‚etludaicae
1147 4597 1288 4669 cavernis,
1311 4608 1340 4658 et
1362 4611 1507 4659 venenata
1532 4599 1713 4664 interficiunt
1738 4603 1799 4664 ani·

443 4680 610 4743 calumniae
625 4681 724 4740 locum
741 4681 824 4740 daret
838 4681 854 4739 '.
1148 4677 1258 4737 mantia
1273 4681 1288 4738 ’.
