4160 5500
630 470 825 534 HOMILIA
847 472 894 532 IN
917 472 1066 536 LUCAM
1089 473 1173 545 XVI,
1200 491 1294 550 ¹9·³¹·
1566 469 1650 558 379

291 703 323 758 et
351 701 502 777 portatus
532 699 583 756 est
608 690 641 754 in
666 691 775 755 sinum
796 691 961 760 Abrahae.
978 693 1055 758 Non
1083 694 1179 758 iuxta
1207 692 1389 768 Abraham,
1412 693 1520 758 sedin
1538 694 1646 758 sinum

296 797 453 862 Abrahae
468 821 476 863 ε
492 805 528 862 ut
544 796 637 862 illurn
655 795 817 880 palparet,
832 807 869 863 ut
885 797 976 865 illum
1004 799 1209 878 refocillaret,
1225 809 1261 864 ut
1276 798 1369 864 illum
1391 799 1484 884 quasi
1505 799 1648 864 clemen-

291 904 438 969 tissimus
454 912 549 986 pater
563 911 692 967 teneret
708 902 740 965 in
760 902 833 966 sinu
846 924 907 969 sno
923 914 956 968 et
973 904 1177 970 refocillaret.

336 1009 493 1073 Mortuus
507 1017 676 1072 astantem
701 1017 732 1070 et
745 1008 843 1086 dives,
858 1020 890 1074 et
908 1009 1049 1094 sepultas
1063 1020 1111 1074 est
1121 1034 1133 1076 .·
1148 1030 1279 1075 reuersa
1304 1021 1354 1076 est
1371 1019 1458 1076 terra
1476 1010 1509 1076 in
1526 1021 1647 1077 terram

257 1127 273 1183 5
295 1134 398 1178 suam.
415 1113 463 1178 Et
477 1113 511 1176 in
528 1113 656 1194 inferno
677 1112 806 1177 elevans
828 1113 931 1178 oculos
944 1135 1025 1180 srros.
1042 1115 1164 1180 Videte
1183 1114 1439 1198 significantiam
1467 1118 1649 1199 proprieta-

292 1225 407 1301 tesque
422 1217 606 1282 verborum.
624 1217 664 1280 In
692 1215 821 1283 inferno
836 1218 969 1284 elevans
985 1219 1099 1284 oculos
1115 1239 1200 1282 suos.
1219 1219 1364 1285 Lazarus
1376 1207 1380 1216 ¹
1392 1223 1480 1286 enim
1518 1242 1647 1286 sursum

253 1331 256 1339 '
291 1333 372 1401 erat,
387 1322 443 1387 ille
458 1323 612 1387 deorsum
628 1345 636 1386 r
651 1321 792 1388 elevavit
807 1323 931 1402 oculos,
947 1335 983 1388 ut
999 1324 1092 1388 illum
1114 1324 1304 1406 suspiceret,
1315 1345 1381 1390 non
1402 1335 1439 1392 ut
1455 1327 1648 1409 despiceret.

294 1427 437 1492 Elevans
451 1427 555 1491 omlas
568 1448 650 1504 suos,
659 1448 730 1490 cunr
745 1437 825 1491 esset
840 1427 874 1491 irr
887 1428 1063 1492 tormenta.
1075 1429 1181 1492 Totus
1193 1427 1224 1491 in
1240 1432 1416 1495 tormentis
1435 1441 1506 1496 erat
1518 1431 1648 1496 :oculos

289 1531 376 1596 solos
401 1531 521 1596 liberos
545 1529 751 1607 habebatur
775 1531 911 1597 alterius
939 1532 1100 1596 laetitiam
1134 1541 1246 1615 posset
1281 1536 1434 1619 aspicere.
1469 1538 1648 1620 Propterea

239 1653 272 1693 ro
288 1635 543 1702 dimittebantur
557 1635 643 1700 oculi
660 1634 763 1714 liberi,
778 1645 815 1701 ut
842 1636 948 1720 magis
965 1645 1202 1719 torqueantur:
1218 1640 1296 1719 quia
1319 1661 1385 1708 non
1407 1639 1541 1718 habent,
1557 1642 1646 1723 quod

288 1739 372 1804 alius
388 1741 497 1807 habet.
513 1741 667 1806 Aliorum
691 1738 835 1819 divitiae,
857 1761 971 1805 eorum
1000 1741 1055 1824 qui
1084 1741 1116 1804 in
1149 1749 1345 1824 paupertate
1372 1751 1459 1818 sunt,
1481 1750 1648 1805 tormenta

288 1854 373 1911 sunt.
391 1844 536 1910 Elevans
550 1843 665 1910 oculos
687 1863 774 1922 suos,
789 1863 864 1908 curn
890 1853 977 1909 esset
1009 1844 1042 1908 in
1069 1845 1253 1909 tormentis.
1270 1844 1369 1909 Illum
1403 1844 1513 1929 plures
1538 1844 1647 1928 angeli

287 1959 430 2032 portant,
445 1949 545 2013 istum
562 1947 691 2012 infinita
707 1957 873 2012 tormenta
890 1948 1071 2033 possident.
1089 1947 1173 2014 Cum
1190 1958 1277 2014 esset
1300 1951 1332 2014 in
1355 1952 1539 2018 tormentis.
1568 1953 1646 2016 Non

286 2053 382 2133 dixit,
398 2054 430 2117 in
447 2063 638 2119 tormento:
653 2050 721 2129 sed,
746 2051 778 2114 in
804 2052 987 2117 tormentis.
1005 2051 1151 2116 Divitiae
1167 2061 1200 2117 et
1227 2055 1365 2119 avaritia
1399 2054 1479 2119 talia
1500 2055 1647 2138 praemia

240 2174 271 2230 ις
287 2157 478 2242 suscipiunt.
494 2156 641 2222 Videbat
658 2154 831 2221 Abraham
848 2177 868 2220 a
884 2156 1004 2238 longe:
1032 2157 1238 2241 respiciebat,
1259 2167 1296 2222 ut
1327 2159 1565 2223 tantummodo
1579 2166 1646 2222 tor·

287 2270 448 2344 queretur.
465 2260 513 2325 Et
526 2261 695 2324 Lasamm
712 2259 746 2324 in
761 2261 836 2324 sinu
852 2261 928 2325 eius.
947 2262 1122 2327 Paradisus
1147 2263 1311 2345 pauperis,
1332 2263 1423 2326 sinus
1451 2271 1521 2326 erat
1537 2262 1645 2326 Abra·

286 2364 357 2429 hae.
373 2363 546 2429 Abraham
568 2385 588 2427 a
617 2363 725 2447 longe,
740 2373 773 2428 et
791 2366 953 2429 Lazarum
971 2365 1004 2428 in
1031 2365 1104 2429 sinu
1128 2365 1207 2431 eius.
1224 2365 1323 2429 Dicat
1346 2365 1425 2428 mihi
1446 2367 1587 2449 aliquis:
1606 2367 1644 2430 ln

286 2468 414 2533 interno
430 2479 480 2532 est
497 2467 692 2551 paradisus?
709 2467 784 2550 Ego
799 2467 863 2533 hoc
879 2469 965 2547 dico,
980 2469 1058 2552 quia
1073 2470 1165 2534 sinus
1184 2469 1340 2534 Abrahae
1364 2470 1510 2553 paradisi
1525 2472 1645 2535 veritas

285 2581 355 2637 est:
371 2573 428 2637 sed
445 2582 478 2637 et
495 2571 600 2636 sancti
616 2571 725 2636 sinum
742 2573 932 2655 paradisum
949 2573 1064 2639 fateor.

237 2701 270 2738 ιο
329 2675 377 2740 Et
391 2675 456 2759 ipse
468 2675 614 2739 clarrrans
628 2673 714 2738 dixit
728 2674 886 2758 (magnae
912 2677 1001 2741 enim
1035 2697 1165 2760 poenae
1197 2697 1355 2760 magnam
1388 2699 1502 2744 vocem
1529 2679 1643 2742 redde·

286 2780 382 2860 bant)
395 2805 403 2845 :
417 2781 522 2844 Pater
534 2778 716 2856 Abraham,
733 2780 964 2846 misereremei.
983 2783 1081 2846 Pater
1095 2780 1280 2848 Abraham.
1293 2784 1387 2846 Licet
1409 2803 1462 2846 me
1477 2792 1644 2847 tormenta

286 2884 488 2967 possideant,
503 2893 615 2948 tamen
633 2892 761 2965 patrem
787 2905 878 2949 voco.
896 2884 1077 2968 Quomodo
1094 2884 1148 2948 ille
1164 2885 1259 2964 filius,
1282 2886 1337 2968 qui
1362 2886 1551 2968 perdiderat
1573 2888 1644 2950 uni-

284 3009 412 3053 versam
438 2986 669 3064 substantiam,
686 2995 815 3069 patrem
843 2999 960 3054 vocat:
984 2989 1031 3053 sic
1058 2998 1092 3055 et
1119 3009 1182 3070 ego
1211 2989 1288 3052 licet
1313 2989 1346 3052 in
1383 2989 1500 3070 poenis
1515 2987 1587 3065 sim,
1611 2998 1645 3058 te

285 3102 413 3174 patrem
430 3113 521 3157 voco.
536 3091 668 3155 Patrem
685 3100 718 3154 te
728 3113 811 3156 voco
824 3103 949 3171 natura,
960 3093 1036 3158 licet
1054 3114 1129 3159 meo
1145 3093 1226 3158 vitio
1237 3103 1270 3158 te
1283 3101 1411 3175 patrem
1433 3093 1643 3174 perdiderim.

236 3220 268 3275 25
288 3197 444 3261 Miserere
460 3194 533 3262 mei.
549 3201 556 3228 ¹
574 3195 613 3258 In
641 3192 770 3260 inferno
797 3207 908 3262 autem
936 3197 1009 3282 quis
1036 3197 1248 3263 confitebitur
1282 3197 1392 3262 tibir‘
1414 3197 1549 3261 Frustra
1572 3197 1644 3278 agis

285 3302 524 3383 paenitentiam
542 3301 575 3364 in
592 3299 674 3378 loco,
691 3298 746 3364 ubi
764 3321 830 3364 non
847 3309 898 3364 est
914 3301 1138 3383 paenitentiae
1151 3300 1251 3365 locus.
1272 3301 1456 3365 Tormenta
1474 3310 1507 3365 te
1519 3310 1644 3382 cogunt

285 3426 384 3488 agere
399 3404 647 3488 paenitentiam,
663 3421 730 3466 non
760 3403 880 3466 mentis
907 3401 1053 3468 affectus.
1072 3403 1228 3468 Miserere
1244 3404 1318 3468 mei.
1336 3403 1480 3470 Sanctus
1507 3404 1642 3488 quidem

285 3520 334 3574 est
353 3510 536 3587 Abraham,
551 3516 685 3572 sanctus
711 3515 745 3569 et
768 3507 886 3571 beatus
903 3516 962 3583 est,
979 3517 1012 3571 et
1027 3527 1144 3571 omnes
1161 3507 1193 3571 in
1211 3506 1298 3571 illius
1314 3506 1424 3572 sinum
1447 3507 1493 3572 ire
1510 3507 1643 3572 festina·

286 3635 378 3679 mus:
393 3634 506 3679 verum
524 3612 724 3695 quicumque
751 3611 785 3673 in
812 3609 941 3675 inferno
957 3621 1016 3689 est,
1032 3621 1065 3674 et
1081 3612 1114 3674 in
1134 3631 1237 3693 regno
1260 3611 1428 3676 caelorum
1452 3619 1511 3690 est,
1532 3614 1643 3677 nescio

285 3784 389 3846 adurant]
401 3783 529 3834 adducam
541 3783 566 3832 N
579 3783 607 3842 (u
618 3796 673 3845 sup.
687 3779 732 3831 lin.
746 3780 844 3840 iuras.)
945 3794 955 3830 1
969 3781 998 3830 irr
1010 3781 1107 3849 sinum]
1124 3781 1153 3831 irr
1168 3784 1228 3832 sinu
1241 3782 1296 3832 FN.
1398 3795 1412 3831 2
1425 3782 1586 3846 refocillaret]
1605 3799 1642 3834 rr-

280 3865 462 3932 fhcilaretlt'L,
476 3865 575 3915 Neorr.
645 3863 829 3928 3r4t'rcillaret]
841 3861 979 3926 refocilaret
991 3863 1087 3920 FLret
1098 3870 1216 3912 recrearet
1230 3865 1322 3928 Nsup.
1337 3863 1382 3913 lin.
1396 3863 1421 3912 in
1434 3879 1481 3914 ras.
1552 3865 1643 3928 ssuos]

286 3951 429 4010 codd;om.
445 3965 473 4018 χ.
521 4007 523 4012 ¹
580 3947 662 3996 Valere
672 3961 692 3995 s.
703 3953 730 4010 p.
744 3961 768 4009 q.
782 3961 806 3994 v.
818 3946 841 3994 I.
854 3946 871 3996 i.
885 3961 905 3994 c.
919 3961 939 3993 a.
954 3945 1020 4005 suos]
1031 3960 1082 3994 om.
1094 3961 1121 4012 χ.
1226 3957 1257 3995 lo
1266 3945 1467 4006 dimittebantur]
1481 3945 1642 4005 FN3dr'rrrit·

286 4035 378 4079 tantur
389 4047 416 4099 χ.
516 4026 693 4093 torqueantur]
706 4025 730 4073 N
742 4045 749 4086 3
768 4032 923 4089 torquentur
935 4027 955 4074 F
967 4044 974 4085 ;
993 4031 1143 4090 torqueatur
1153 4042 1172 4094 χ
1175 4025 1203 4075 1.
1306 4042 1356 4075 nan
1368 4025 1468 4086 haberet]
1488 4026 1571 4085 codd;
1592 4043 1642 4075 nau

286 4110 425 4180 Ᾰαὺιὸαίχ.
528 4122 554 4159 rt
575 4109 656 4171 habet]
675 4108 765 4157 tabuit
780 4122 807 4174 χ.
911 4119 940 4170 13
960 4105 1074 4168 infinita]
1095 4125 1144 4157 om.
1159 4123 1187 4175 χ.
1290 4120 1320 4169 14
1338 4108 1465 4169 Divitiae]
1484 4107 1640 4168 diviciasFr

287 4196 399 4256 diuitias,
413 4197 444 4256 L,
458 4196 559 4246 Neorr.
657 4187 955 4257 rsrespicicbatletrrsp.
971 4207 998 4259 χ.
1094 4191 1121 4241 18
1135 4189 1396 4254 vaedtmesqueritate
1409 4189 1438 4238 L.
1520 4201 1550 4251 19
1560 4191 1644 4239 sancti

286 4276 734 4342 riuum1FLN3ranrtissimum1.
831 4273 992 4338 paradisum]
1007 4273 1127 4337 paradisi
1138 4275 1166 4324 F.
1268 4272 1530 4336 aomagnamuacrrn]
1550 4287 1642 4336 rrragna

287 4375 339 4426 uoce
349 4361 379 4410 F.
479 4358 621 4420 reddebant]
632 4357 744 4408 reddebat
756 4355 809 4416 FL,
824 4355 923 4406 Ncorr.
1025 4355 1215 4420 aspernatam]
1226 4354 1369 4419 possedeant
1381 4354 1409 4403 F.
1509 4353 1640 4418 tarrrrrrJN

287 4439 360 4493 inser.
374 4449 462 4506 trsup.
476 4441 520 4491 lin.
622 4453 654 4503 29
665 4440 806 4504 ininferna
816 4439 861 4501 cst]
873 4445 991 4500 expunct.
1005 4437 1030 4487 in
1043 4437 1076 4488 N.
1177 4437 1284 4498 et]eras.
1298 4434 1324 4484 in
1337 4435 1370 4486 N.
1485 4423 1488 4432 ¹

329 4592 354 4651 5.
380 4575 425 4634 Et
447 4575 480 4634 in
504 4574 618 4651 irrscrrro
639 4575 763 4654 elevans]
787 4569 935 4649 Sequitur,
988 4568 1086 4646 risque
1102 4570 1160 4629 iam
1176 4569 1291 4629 dudum
1307 4579 1425 4644 recepta
1441 4577 1492 4628 est.

289 4666 321 4714 ut
347 4654 439 4728 vides,
471 4656 675 4734 Hieronymus
703 4653 863 4716 lectionem
892 4656 937 4710 καὶ
1032 4671 1077 4726 23.
1087 4658 1205 4728 patrem
1220 4646 1311 4730 uacat]
1329 4651 1399 4710 Luc.
1421 4668 1464 4727 15,
1486 4654 1520 4710 18
1535 4671 1578 4726 sq.
1602 4665 1608 4676 ·

290 4737 379 4812 ἐτάφη.
394 4742 438 4795 καὶ
450 4739 476 4794 ἐν
488 4747 527 4814 τῷ
539 4739 589 4813 ᾅδῃ
602 4739 712 4814 ἐπάρας,
735 4754 812 4815 quae
837 4754 855 4793 a
879 4733 937 4812 ple·
1031 4749 1077 4808 25.
1094 4728 1180 4813 libii]
1197 4733 1244 4793 Ps.
1255 4733 1282 4805 6,
1299 4733 1325 4792 6.
