4202 5492
455 399 534 485 126
824 423 853 486 s.
878 419 1134 486 urnaouvm
1156 419 1421 484 rassamnru

447 641 607 725 quoniam
633 642 751 726 plenus
766 643 894 708 dierum
909 665 916 708 :
931 661 1032 708 omne
1048 641 1138 706 enirn
1150 635 1288 726 'tempus
1304 642 1392 708 vitae
1408 635 1512 725 ipsius
1527 641 1598 707 dies
1611 639 1752 721 luerunt,
1767 647 1802 706 et

448 744 515 810 non
541 767 620 812 nox.
638 748 714 812 Hoc
740 747 850 831 ipsum
875 748 966 832 quod
992 746 1120 812 dictum
1145 756 1196 812 est
1223 748 1266 812 de
1293 745 1478 822 Abraham,
1494 747 1621 812 dictum
1645 755 1695 810 est
1711 741 1807 812 etde

451 849 554 927 Isaac,
569 852 696 915 dictum
724 861 775 917 est
790 862 824 916 et
839 853 881 916 de
899 853 1009 916 Iacob.
1027 849 1093 936 Qui
1109 851 1199 916 enirn
1215 850 1314 916 simul
1330 851 1512 915 servierant
1540 851 1698 928 Domino,
1714 857 1801 914 recte

448 952 546 1017 simul
574 975 670 1020 senes
686 955 825 1020 Domini
842 965 1084 1039 nuncupantur.

469 1101 470 1108 .
496 1055 790 1124 UtcedrrrsLibani
800 1059 1227 1144 multiplicabiturdignum
1238 1057 1435 1136 beneolens,
1445 1055 1572 1141 iignum
1584 1059 1673 1122 unde
1684 1055 1800 1140 templi
1838 1068 1853 1124 5

449 1171 537 1227 tecta
552 1174 706 1230 contecta
723 1176 810 1230 sunt.
831 1165 878 1230 Ut
889 1164 1001 1228 cedms
1016 1163 1142 1228 lr'bnni
1153 1159 1441 1245 multiplicabitur:
1453 1161 1584 1244 lignum
1602 1159 1802 1244 inputribile.

493 1265 649 1332 Planlali
668 1269 703 1332 in
723 1270 817 1334 domo
839 1268 988 1348 Domini,
1013 1269 1047 1332 in
1065 1269 1166 1332 atrias
1192 1268 1260 1330 Dei
1278 1267 1384 1331 nostri
1396 1266 1570 1352 florebunt.
1588 1263 1681 1330 Alibi
1709 1264 1802 1348 plan·

449 1381 568 1449 tamur,
578 1371 656 1437 alibi
675 1374 850 1439 floremus:
865 1373 919 1438 hic
932 1373 1133 1458 plantamur,
1145 1372 1177 1436 in
1191 1389 1295 1454 regno
1305 1371 1472 1436 caelorum
1487 1369 1687 1437 florebimus.
1699 1375 1707 1403 ‘
1719 1371 1802 1453 Ego,

449 1475 566 1559 inquit,
582 1478 740 1560 plantavi,
757 1477 883 1561 Apollo
899 1478 1032 1560 rigavit,
1047 1477 1105 1542 sed
1124 1475 1291 1542 Dominus
1307 1475 1549 1542 incrementum
1566 1475 1687 1542 dedit.’
1705 1473 1801 1539 Plan·

448 1590 538 1644 tatus
561 1582 594 1644 in
610 1565 714 1646 domo
731 1581 879 1661 Domini,
894 1583 957 1646 hoc
973 1590 1025 1645 est
1051 1581 1084 1645 in
1101 1581 1250 1660 ecclesia,
1266 1600 1332 1646 non
1350 1581 1382 1645 in
1401 1582 1514 1660 muris,
1529 1583 1586 1646 sed
1605 1583 1637 1645 in
1660 1581 1800 1662 dogma·
1823 1593 1855 1630 ¹0

448 1683 558 1748 tibus:
573 1685 748 1766 ‘Regnum
765 1683 854 1749 enim
873 1685 946 1762 Dei,
962 1684 1079 1769 inquit,
1096 1687 1183 1750 intra
1199 1705 1257 1748 vos
1281 1693 1330 1750 est
1343 1683 1371 1749 ’:
1398 1685 1601 1768 quicumque
1630 1683 1800 1768 plantatus

448 1786 594 1852 fueritin
611 1790 714 1854 domo
731 1788 879 1868 Domini,
903 1790 960 1873 qui
973 1789 1025 1854 hic
1037 1790 1165 1854 radices
1182 1789 1316 1866 miserit,
1338 1788 1382 1852 ibi
1400 1787 1497 1854 flores
1512 1787 1630 1854 adfert.
1647 1783 1805 1851 Plantati

449 1890 484 1954 in
498 1891 592 1955 domo
607 1892 754 1972 Domini,
770 1893 805 1956 in
819 1893 919 1957 atriis
936 1893 1001 1958 Dei
1019 1893 1124 1958 nostri
1128 1892 1300 1977 florebunt.
1317 1895 1479 1958 istasunt
1495 1901 1632 1957 aeterna
1648 1889 1801 1956 taberna·

449 1993 530 2058 cula.
549 1993 646 2077 Quae
660 2007 738 2060 sunt
756 1996 818 2061 ista
834 1999 942 2061 atria?
960 1998 1119 2062 Diversae
1136 1997 1276 2062 incaelo
1293 1999 1492 2064 mansiones.
1505 1996 1680 2080 Simulque
1692 1996 1802 2062 videte

448 2099 527 2180 quid
545 2099 634 2164 dicat
650 2123 657 2164 :
676 2100 829 2166 Plantati
843 2101 878 2165 in
900 2101 993 2166 domo
1009 2103 1155 2178 Domini,
1172 2103 1206 2166 in
1227 2102 1327 2166 atriis
1339 2100 1407 2164 Dei
1427 2101 1533 2165 nostri
1542 2099 1714 2185 florebunt.
1737 2097 1801 2161 Hic
1823 2115 1853 2168 ις

447 2202 567 2266 domus
584 2211 643 2280 est,
659 2203 704 2266 ibi
719 2205 841 2270 atrium
858 2215 918 2271 est.
935 2205 1061 2270 Debuit
1078 2208 1192 2290 utique
1208 2209 1352 2290 primum
1369 2205 1480 2268 dicere
1505 2203 1688 2267 secundum
1714 2200 1801 2264 ordi·

447 2321 524 2368 nem
551 2306 683 2384 atrium,
698 2317 731 2372 et
755 2307 802 2371 sic
829 2308 978 2375 domum.
994 2309 1062 2375 Sed
1079 2311 1155 2374 vide
1171 2311 1251 2393 quid
1277 2312 1376 2377 dicat.
1395 2308 1461 2372 Hic
1488 2307 1564 2372 licet
1581 2307 1753 2370 videamur
1769 2303 1801 2367 in

447 2409 550 2473 domo
575 2428 667 2474 esse:
684 2429 759 2474 cum
789 2412 1040 2494 migraverimus
1067 2415 1109 2478 ad
1137 2433 1241 2496 regna
1265 2413 1445 2492 caelorum,
1459 2415 1502 2478 ad
1528 2411 1800 2496 conparationem

447 2511 641 2596 angelorum
666 2523 700 2578 et
729 2515 887 2580 virtutum
916 2527 1109 2594 ceterarum,
1123 2537 1188 2581 non
1217 2537 1331 2581 sumus
1349 2520 1380 2581 in
1398 2521 1509 2596 domo,
1525 2517 1584 2581 sed
1601 2519 1633 2580 in
1650 2515 1736 2580 atrio
1747 2532 1800 2577 su·

449 2635 544 2682 mus:
566 2619 598 2682 in
625 2619 720 2683 initio
745 2639 869 2696 sumus,
885 2639 951 2685 non
979 2622 1010 2685 in
1041 2619 1252 2703 perfectione.
1270 2621 1347 2686 Non
1364 2623 1453 2686 enim
1470 2623 1593 2686 erimus
1607 2617 1727 2702 angeli,
1742 2619 1800 2683 sed
1821 2637 1855 2676 aa

448 2721 544 2801 quasi
557 2721 675 2804 angeli.
687 2723 763 2785 Non
781 2723 841 2787 tibi
857 2725 951 2806 quasi
969 2745 1085 2807 parurn
1103 2726 1262 2802 videatur,
1280 2726 1391 2801 hom0,
1401 2725 1427 2789 si
1440 2728 1526 2792 sicut
1538 2724 1678 2808 angelus
1695 2721 1802 2790 fueris.

492 2823 523 2886 A
529 2823 613 2888 dlrm
627 2825 930 2908 nrrrlnplicaluntur
943 2829 978 2891 in
1000 2839 1123 2893 senecta
1140 2829 1238 2894 uberi.
1256 2827 1355 2893 Felix
1380 2830 1434 2893 ille
1449 2831 1505 2912 qui
1527 2828 1645 2893 crescit
1668 2825 1803 2904 cotidie,

449 2929 506 3010 qui
522 2930 664 2994 senescit
680 2939 798 3008 aetate,
814 2933 957 2996 senescit
972 2942 1005 2998 et
1021 2933 1207 2997 virtutibus.
1351 2927 1353 2930 ’

461 3085 465 3090 .
495 3032 589 3096 Haec
605 3033 735 3097 interim
749 3034 791 3098 de
804 3033 962 3116 psalterio
972 3037 1121 3101 diximus
1136 3061 1143 3102 :
1160 3037 1261 3101 locuti
1272 3055 1387 3101 sumus
1399 3046 1434 3101 et
1445 3036 1487 3100 de
1499 3034 1673 3118 evangelio
1686 3051 1802 3118 pauca,

448 3135 596 3200 diximus
612 3157 744 3220 quoque
760 3149 792 3201 et
810 3139 852 3202 de
868 3141 1028 3221 apostolo.
1046 3141 1189 3206 Oramus
1206 3141 1402 3218 Dominum,
1422 3151 1459 3204 ut
1475 3159 1575 3204 omne
1597 3139 1687 3222 quod
1715 3135 1802 3200 dixi·
1820 3155 1853 3210 ις

449 3259 531 3316 mus,
547 3249 580 3304 et
605 3241 694 3322 quod
722 3261 782 3304 nos
809 3243 959 3308 diximus
984 3253 1018 3308 et
1044 3245 1133 3327 quod
1160 3264 1219 3308 vos
1246 3245 1394 3322 audistis,
1410 3266 1510 3328 opere
1526 3243 1752 3326 conpleamus,
1767 3249 1800 3305 et

449 3345 548 3409 verba
564 3355 730 3410 vertamus
748 3347 779 3410 in
797 3367 920 3430 opera:
936 3356 973 3409 ut
989 3347 1045 3428 qui
1061 3346 1114 3411 hic
1131 3347 1272 3428 plantati
1289 3367 1403 3412 sumus
1420 3349 1453 3412 in
1469 3348 1572 3414 domo
1597 3344 1744 3422 Domini,
1767 3344 1799 3408 in

447 3449 532 3538 atrio
549 3449 661 3533 Xpisti
679 3449 862 3514 floreamus.
879 3449 942 3514 Cui
958 3449 1001 3514 sit
1016 3449 1122 3532 gloria
1138 3451 1170 3514 in
1186 3445 1319 3514 saecula
1343 3449 1558 3515 saeculorum.
1572 3449 1693 3514 Arnen.

483 3644 578 3683 tonsore
595 3635 675 3702 enim]
693 3635 779 3684 onnia
798 3634 866 3684 enim
883 3637 906 3686 G
927 3636 988 3695 (om.
1002 3639 1115 3700 tempus).
1217 3634 1393 3699 3servierant]
1411 3639 1555 3688 servatum!
1574 3638 1614 3700 B;
1636 3634 1751 3686 serviant
1769 3635 1797 3684 C.

447 3728 463 3776 4
474 3717 667 3780 nuncupantur]
678 3724 856 3782 noncupanlur
868 3719 888 3766 B
900 3735 906 3776 ;
919 3725 1114 3782 nunccupanlur
1125 3720 1154 3770 C.
1238 3720 1579 3785 9planlnlu51planlalrrrB
1590 3738 1597 3778 ;
1605 3719 1758 3784 plantamur
1769 3717 1799 3768 C.

450 3796 648 3860 rodogmatilus]
657 3797 759 3866 βΗΒὸς
774 3800 911 3850 domatibus
919 3801 998 3850 ACG.
1011 3800 1051 3852 Ci.
1060 3801 1146 3852 adnot.
1157 3801 1212 3852 crit.
1222 3817 1296 3866 supra
1308 3818 1333 3867 p.
1346 3812 1400 3865 105,
1410 3803 1426 3852 1.
1437 3813 1460 3866 5.
1532 3815 1559 3851 12
1571 3801 1662 3866 adfert]
1673 3801 1759 3866 afflrel
1769 3801 1799 3850 C.

447 3890 475 3926 21
482 3877 667 3943 suen'slfmrit
678 3881 729 3930 SG.
798 3881 829 3930 26
840 3889 864 3930 er
874 3883 940 3946 quod
950 3898 992 3931 nos
1003 3882 1126 3944 diximus]
1138 3901 1188 3933 orn.
1204 3885 1257 3950 ,¹383
1272 3885 1296 3933 H
1309 3901 1363 3948 sup.
1374 3883 1417 3934 lin.
1427 3893 1506 3934 mutat
1519 3900 1561 3933 nos
1572 3883 1598 3934 in
1610 3899 1668 3933 non.
1738 3883 1805 3948 qual

446 3959 1041 4032 110310οω.φησό;ῳιαιβΑΒ;βΙ-Ιοιτι.υοε.
1108 3966 1301 4026 elnerlalulv.
1316 3965 1343 4016 S.
1412 3962 1801 4031 27inoperaJinopereaB3in

444 4049 514 4107 opere
525 4043 577 4094 SG.
678 4045 709 4094 28
721 4046 745 4095 G
756 4062 806 4096 om.
820 4047 988 4111 doxologiam.

487 4204 514 4262 9.
528 4182 619 4266 delii]
639 4207 649 4245 ι
668 4188 737 4248 Cor.
754 4207 781 4264 3,
798 4191 824 4248 6.
1151 4189 1256 4248 similes
1277 4193 1452 4266 angelorum,
1469 4190 1634 4252 similitudo
1660 4193 1801 4272 promitti·

490 4285 533 4326 ιι.
548 4263 601 4348 est]
618 4270 688 4328 Luc.
710 4287 754 4344 17,
772 4289 817 4329 21.
1150 4281 1205 4342 tur,
1218 4290 1277 4330 non
1294 4283 1398 4332 natura
1413 4275 1567 4333 mutatur'.
1583 4275 1801 4338 Hocvidelicet

488 4368 533 4408 ao.
549 4351 599 4409 sed
609 4351 698 4426 quasi
708 4348 822 4431 angeli]
839 4349 923 4412 Hier.
939 4369 984 4427 ep.
1004 4368 1050 4428 75,
1068 4371 1096 4410 n.
1150 4363 1356 4428 argumentum
1372 4353 1460 4414 etiam
1486 4365 1576 4432 atque
1590 4355 1679 4416 etiam
1697 4359 1801 4435 premit

448 4449 463 4488 a
481 4435 488 4461 ‘
504 4431 611 4510 Neque
626 4432 706 4491 enim
721 4432 863 4508 scriptum
889 4445 932 4494 est
946 4441 1034 4491 erunt
1045 4451 1097 4491 an·
1148 4435 1176 4492 S.
1195 4435 1280 4493 Pater
1295 4437 1435 4494 adversus
1450 4435 1676 4498 commenticias
1686 4449 1801 4500 senten·

441 4511 503 4587 geli
526 4513 580 4574 sed
607 4515 683 4574 sttui
706 4515 825 4589 angeli:
854 4515 904 4575 ubi
933 4513 1096 4574 similitudo
1123 4514 1203 4573 ·tlas
1219 4515 1451 4592 origenistarum
1467 4529 1495 4576 et
1512 4517 1746 4594 Pelagianorum.

447 4593 633 4670 promittitur,
651 4594 756 4655 veritas
780 4598 944 4674 denegatur
960 4598 986 4669 ’ς
1010 4594 1095 4673 epist.
1191 4613 1235 4670 27.
1253 4597 1337 4655 verba
1353 4606 1499 4657 vertamus
1512 4600 1544 4658 in
1558 4599 1658 4683 opera]
1674 4602 1799 4665 Hieron.

450 4675 515 4748 108,
532 4694 558 4735 n.
578 4697 613 4735 aa
632 4683 638 4706 ‘
654 4677 785 4752 Quando
799 4677 879 4739 enim
894 4676 1002 4738 dicitur
1016 4678 1097 4736 eritis
1148 4696 1194 4753 ep.
1212 4679 1260 4753 58,
1277 4697 1304 4738 n.
1324 4699 1338 4736 2
1357 4680 1468 4738 ‘verba
1483 4679 1570 4740 vertis
1586 4679 1616 4740 in
1630 4701 1721 4762 opera
1735 4685 1751 4746 '.
