4158 5492
233 433 307 518 xcv]
570 436 940 498 counanramoar
971 436 1017 498 rn
1048 436 1245 498 asianos
1535 434 1582 520 71

233 652 276 734 in
300 652 546 736 humilitate
563 654 682 737 venit
704 653 746 736 in
770 653 995 756 mundum,
1013 665 1161 765 postea
1174 653 1230 737 sit
1250 680 1348 737 cum
1368 653 1590 737 maiestate

231 805 454 878 venturus.

822 936 993 1018 XCIII.

290 1145 350 1226 Et
371 1143 453 1226 iste
473 1143 587 1255 apud
612 1144 837 1228 Hebraeos
858 1172 943 1228 non
968 1143 1094 1228 habet
1111 1145 1453 1255 inscriptionem:
1476 1144 1591 1228 unde

197 1317 211 1371 ς
229 1282 499 1392 superfluum
521 1293 587 1364 est
607 1280 661 1365 de
681 1281 808 1365 titulo
829 1282 1060 1393 disputare.
1075 1282 1169 1390 Qui
1176 1282 1410 1391 plantavit
1424 1310 1585 1378 aurem,

227 1447 313 1502 non
333 1419 487 1503 audiet
504 1419 530 1502 ?
547 1419 628 1529 qui
630 1420 782 1530 finxit
810 1420 990 1521 oculum,
1013 1447 1096 1504 non
1127 1420 1334 1504 videbit?
1364 1433 1406 1504 et
1438 1432 1585 1506 cetera.

229 1556 416 1640 Pulchre
450 1570 595 1641 autem
616 1558 653 1640 ei
675 1557 791 1667 quod
813 1557 989 1656 dixerat,
1015 1557 1133 1665 ‘Qui
1157 1557 1367 1668 plantavit
1396 1586 1544 1643 aurem
1568 1560 1588 1659 ',

228 1721 317 1776 non
352 1694 546 1798 subiecit,
581 1696 680 1806 Ipse
702 1722 787 1778 non
810 1694 938 1779 habet
958 1696 1136 1778 aurem?
1156 1707 1197 1778 et
1221 1696 1325 1806 ‘qui
1348 1696 1471 1778 finxit
1491 1723 1591 1779 ocu-

229 1834 322 1918 lum
346 1836 366 1933 ',
391 1861 476 1917 non
499 1832 699 1932 reddidit,
725 1834 824 1943 Ipse
846 1861 932 1916 non
970 1832 1097 1916 habet
1132 1833 1333 1916 oculum?
1360 1833 1462 1935 Sed,
1493 1835 1591 1945 Ipse

183 2014 212 2052 ιο
228 1999 317 2055 non
339 1971 486 2055 audiet
505 1982 548 2054 et
567 1969 756 2053 videbit?
776 1984 822 2053 ut
842 1971 1025 2055 virtutes
1045 1972 1249 2055 audiendi
1267 1973 1529 2083 videndique
1546 1973 1589 2054 in

229 2113 328 2194 Deo
350 2122 608 2194 monstraret
628 2137 733 2208 esse,
759 2138 845 2194 non
878 2113 1081 2196 membra.

818 2353 1016 2436 XCIIII.

281 2563 407 2670 Quia
428 2563 550 2643 Deus
568 2588 755 2671 magnus
767 2564 993 2647 Dominus,
1012 2564 1061 2648 Si
1083 2590 1198 2647 unus
1222 2562 1441 2646 Dominus
1466 2563 1590 2645 Iesus

227 2701 431 2812 Xpistus,
454 2701 674 2785 Dominus
693 2716 836 2786 autem
860 2703 928 2786 hic
950 2730 1136 2815 magnus
1156 2701 1313 2785 dicitur
1333 2703 1469 2786 Deus:
1487 2727 1591 2812 ergo

183 2873 209 2926 ιε
226 2851 267 2922 et
293 2839 483 2949 Xpistus
507 2839 725 2922 Dominus
747 2867 933 2952 magnus
953 2853 1019 2924 est
1042 2843 1174 2924 Deus

842 3092 980 3175 XCV.

289 3317 383 3402 Nec
416 3315 713 3427 hicpsalmus
749 3318 1073 3430 inscriptionem
1110 3316 1247 3402 habet.
1272 3318 1470 3428 Afferte
1504 3321 1593 3404 Do-

230 3461 359 3558 mino,
372 3454 559 3567 patriae
572 3459 785 3564 gentium.
806 3457 890 3538 Pro
912 3456 1072 3566 patriis,
1090 3457 1215 3540 ceteri
1238 3471 1428 3562 συγγενείας,
1448 3457 1490 3540 id
1512 3470 1589 3558 est,

230 3598 512 3709 cognationes
548 3595 870 3678 transtulerunt.
904 3594 1135 3678 Manifeste
1168 3608 1313 3678 autem
1346 3607 1593 3704 contempto

264 3824 274 3861 1
283 3809 434 3878 porteaJE3
463 3811 616 3874 parcan.
717 3809 800 3870 4r'ste]
813 3809 866 3858 AM
878 3808 938 3858 add.
948 3810 1069 3874 prointus.
1172 3807 1362 3872 yer'quod1C3
1394 3809 1496 3872 eoquod
1504 3808 1589 3856 EAM.

233 3891 412 3953 roermtlen'r]
426 3893 520 3952 EAM3
553 3898 577 3941 et
587 3908 637 3941 raon
649 3891 741 3940 ametor
752 3892 782 3942 C.
879 3903 907 3952 14
917 3890 1023 3951 sittim]
1038 3890 1192 3950 samon.
1207 3890 1238 3939 C.
1332 3889 1413 3950 Deus]
1425 3897 1481 3954 post
1498 3890 1595 3938 dicitur

229 3991 279 4025 om.
294 3977 327 4026 Α.
411 3973 440 4023 18
451 3974 526 4023 reteri
535 3967 696 4042 συγγενείας]
707 3971 811 4036 scnpst3
845 3973 928 4021 ceteris
939 3973 1054 4036 ingenius
1067 3973 1102 4030 1¹23
1135 3972 1392 4035 ceteriingrnr'asM;
1425 3973 1594 4035 cererigmias

231 4058 268 4118 A3
300 4055 580 4120 ageneaslaexolc.

230 4221 341 4282 simum
360 4222 508 4298 psalmum
523 4219 563 4279 de
577 4216 699 4282 Christo
714 4215 885 4295 intellegen-
937 4219 1052 4295 psalmo
1080 4217 1207 4296 legimus
1227 4241 1235 4294 3
1262 4237 1364 4279 verum
1394 4216 1435 4277 ibi
1464 4236 1525 4276 non
1554 4218 1592 4278 de

232 4303 304 4364 dum
327 4321 394 4364 esse
419 4313 532 4380 putant.
549 4301 650 4376 Quam
673 4297 796 4377 quidem
822 4317 886 4360 sen·
937 4299 1067 4374 Christo,
1083 4301 1136 4361 sed
1158 4301 1197 4362 de
1223 4300 1285 4360 viro
1306 4309 1411 4360 sancto
1436 4298 1592 4376 prophetia

231 4385 356 4446 tentiam
367 4383 557 4460 Hieronymo
566 4379 761 4458 displicuisse,
771 4399 807 4441 ex
822 4380 886 4441 eius
937 4393 982 4442 est
998 4383 1015 4445 ’.

233 4484 355 4544 quoque
390 4461 607 4525 oommentario
639 4461 670 4523 in
699 4461 884 4540 evangelium
981 4483 1026 4540 13.
1039 4483 1116 4523 unus
1134 4465 1278 4524 Dominus
1307 4463 1418 4540 Ephes
1433 4482 1461 4534 4,
1479 4479 1505 4538 5.

235 4546 382 4609 Matthaei
403 4565 428 4606 c.
441 4565 475 4624 ⁸4,
491 4565 517 4606 r.
534 4548 552 4603 6
568 4543 757 4616 manifestum
779 4554 833 4618 eat,
856 4543 886 4603 in
984 4548 1026 4606 18.
1038 4546 1124 4604 ceteri
1132 4544 1281 4620 συγγενείας
1301 4545 1347 4606 Cf.
1355 4543 1464 4604 Euseb.
1473 4544 1592 4604 Caesar.

234 4647 293 4705 quo
317 4629 358 4690 de
379 4647 465 4689 versu
487 4626 610 4706 praelati
632 4625 738 4704 psalmi
768 4625 888 4702 Angelis
938 4627 1057 4688 Comm.
1081 4625 1110 4686 in
1137 4643 1178 4700 ps.
1206 4624 1243 4682 28
1264 4621 1382 4704 (Migne
1408 4627 1438 4684 P.
1466 4626 1517 4684 Gr.
1544 4643 1591 4704 23,

234 4712 292 4770 suis
306 4723 361 4772 etc.
377 4733 384 4771 ι
400 4715 408 4742 ⁴
426 4711 496 4771 Hoc
510 4708 540 4768 ln
556 4707 760 4787 nonagesimo,
781 4705 886 4784 inquit,
940 4707 1019 4788 ²5²)·
1545 4765 1549 4772 ,
