4160 5500
468 447 722 511 Tuacmnus
744 447 791 509 ru
815 449 944 513 manc.
967 449 1059 526 xm,
1083 471 1170 529 3,.33
1185 461 1215 512 er
1227 452 1337 526 x1111,
1355 452 1410 529 μ.
1531 430 1612 535 365

263 663 406 730 dimitte.
422 662 601 728 Dimittere
627 662 671 726 ab
686 663 753 741 illo,
778 664 829 728 vel
846 685 911 730 non
936 668 1114 746 dimittere,
1130 668 1162 732 in
1190 666 1277 732 illius
1292 677 1342 731 est
1367 673 1555 748 potestate:
1578 674 1614 729 tu

261 769 353 850 quod
370 768 402 832 in
431 777 464 833 te
488 776 537 832 est
565 767 758 844 dimittent
782 769 970 835 dimittatur
991 771 1060 836 tibi.
1085 773 1256 838 Venturus
1272 791 1307 835 es
1334 772 1377 836 ad
1402 771 1616 852 baptismum.

262 874 294 940 O
313 883 347 938 te
362 871 501 948 felicem,
514 871 570 954 qui
587 873 808 936 renasciturus
825 873 857 937 in
875 874 998 957 Xpisto
1013 895 1058 954 es,
1073 877 1128 960 qui
1145 877 1377 941 indumentum
1394 874 1507 957 Xpisti
1523 893 1615 939 acce·

261 987 380 1062 pturus
395 998 441 1056 es,
462 977 517 1059 qui
533 976 743 1059 sepeliendus
758 997 794 1040 es
809 998 884 1042 curn
896 978 1029 1062 Xpisto,
1039 990 1075 1044 ut
1091 989 1242 1063 resurgas
1253 1000 1329 1044 curn
1342 980 1472 1062 Xpisto.
1488 979 1615 1043 Diebus

227 1095 242 1151 5
261 1102 342 1166 ergo
359 1081 493 1165 reliquis
509 1081 691 1145 secundum
708 1083 858 1147 ordinem
870 1105 909 1148 ea
924 1105 1010 1169 quae
1024 1087 1068 1150 ad
1085 1087 1242 1168 mysteria
1258 1088 1425 1169 pertinent
1442 1087 1614 1151 auditurus

261 1205 318 1251 es:
336 1205 424 1250 nunc
435 1185 575 1250 'interim
600 1184 673 1249 dixi
690 1186 792 1264 vobis,
808 1197 844 1252 ut
859 1188 971 1253 sciatis
986 1190 1081 1258 vobis
1097 1211 1116 1254 a
1132 1190 1186 1254 die
1197 1192 1342 1256 crastina
1359 1191 1507 1256 maxime
1524 1189 1614 1254 labo-

261 1289 414 1354 randum.
431 1289 523 1354 Deus
552 1299 665 1354 autem
681 1291 895 1374 omnipotens
918 1293 988 1376 ipse
1003 1294 1191 1358 corroboret
1208 1295 1309 1360 corda
1334 1293 1534 1377 vestra,ipse
1556 1313 1615 1358 vos

261 1394 383 1477 dignos
399 1393 498 1459 iaciat
509 1394 651 1458 *lavacro
663 1413 733 1471 sun,
749 1395 820 1478 ipse
836 1397 868 1460 in
885 1417 945 1461 vos
960 1397 1140 1464 descendat
1157 1399 1188 1463 in
1206 1398 1416 1479 baptismate,
1432 1399 1503 1480 ipse
1512 1417 1616 1480 aquas

259 1497 456 1575 sanctificet,
480 1507 516 1562 ut
547 1499 807 1566 sanctificemini.
834 1501 944 1568 Nemo
966 1505 1070 1570 dubio
1095 1507 1194 1571 corde
1209 1507 1356 1582 accedat,
1383 1523 1483 1569 nemo
1507 1505 1616 1568 dicat:

212 1619 242 1658 ro
262 1601 368 1664 Putas
385 1601 465 1666 mihi
484 1600 697 1668 dimittuntur
713 1613 872 1688 peccata?
888 1606 955 1691 Qui
972 1609 1019 1673 sic
1034 1610 1171 1684 accedit,
1185 1627 1251 1672 non
1268 1609 1482 1673 dimittuntur
1497 1609 1526 1672 ei
1541 1627 1615 1690 pec·

259 1716 345 1771 cata.
362 1705 484 1772 Melius
500 1716 550 1772 est
568 1727 634 1772 non
664 1710 830 1784 accedere,
846 1731 945 1794 quam
973 1711 1019 1775 sic
1045 1713 1222 1776 accedere:
1246 1712 1394 1776 maxime
1409 1731 1469 1775 vos
1484 1709 1541 1794 qui
1568 1711 1615 1773 sic

258 1810 439 1894 accepistis
458 1811 661 1895 baptismum
679 1821 715 1876 ut
732 1812 806 1877 Deo
818 1814 977 1892 serviatis,
993 1823 1029 1880 ut
1043 1815 1115 1879 sitis
1132 1814 1164 1878 in
1182 1817 1393 1882 monasterio.

508 2051 586 2152 [ru
612 2053 779 2129 mnne.
801 2053 919 2144 xm,
943 2077 1054 2150 32-33
1072 2077 1109 2130 er
1129 2055 1271 2142 xnu,
1293 2051 1374 2158 3-6]

307 2291 510 2374 Evangelica
527 2291 625 2356 lectio
651 2312 806 2375 magnam
825 2292 991 2357 desiderat
1015 2292 1271 2376 expositionem.
1288 2292 1379 2358 Ante
1394 2293 1484 2356 cuim
1512 2313 1613 2376 quam

211 2408 239 2464 ¹5
258 2397 434 2461 veniamus
461 2397 503 2461 ad
526 2409 744 2474 sacramenta,
760 2397 921 2462 debemus
937 2395 1132 2460 scandalum
1149 2397 1273 2474 tollere,
1290 2397 1427 2480 nequid
1446 2397 1478 2459 in
1497 2396 1614 2460 menti-

257 2501 324 2565 bus
340 2501 482 2566 resideat
498 2521 611 2565 eorum
628 2501 685 2585 qui
701 2503 867 2585 accepturi
883 2511 960 2566 sunt
982 2511 1198 2566 sacramenta.
1215 2500 1250 2566 Si
1267 2502 1356 2564 enim
1373 2501 1429 2584 qui
1447 2499 1615 2584 accepturi

257 2614 340 2669 sunt
363 2605 541 2689 baptisma,
556 2605 712 2669 credituri
734 2607 861 2672 suntin
889 2606 1030 2683 Patrem,
1047 2605 1177 2683 Filium,
1192 2613 1226 2669 et
1250 2603 1412 2687 Spiritum
1440 2617 1617 2669 sanctum:

259 2729 353 2774 nunc
368 2720 481 2773 autem
497 2709 539 2773 de
556 2709 642 2774 Filio
657 2711 778 2776 dicitur
793 2711 845 2774 De
858 2709 911 2773 die
925 2719 1033 2774 autem
1051 2708 1106 2772 illo
1119 2717 1151 2772 et
1164 2707 1243 2772 liora
1259 2711 1430 2790 tremescit,
1447 2731 1544 2794 neque
1555 2729 1613 2772 an·

254 2814 326 2897 geli
341 2813 376 2878 r'n
391 2813 483 2891 caelo,
499 2834 596 2895 neque
611 2813 728 2893 Filius,
744 2814 811 2878 nisi
821 2815 924 2878 Pater
934 2837 946 2878 .·
961 2813 988 2876 si
1005 2812 1186 2896 aequaliter
1201 2813 1383 2896 accipimus
1398 2813 1566 2896 baptisma
1579 2813 1611 2874 in

210 2931 242 2970 20
261 2919 406 2996 Patrem,
417 2916 549 2995 Filium,
561 2927 594 2981 et
611 2915 771 3000 Spiritum
785 2917 947 2996 sanctum,
962 2927 995 2982 et
1011 2937 1115 2981 unum
1132 2934 1252 2979 nomen
1270 2917 1349 2995 eius,
1367 2917 1472 2980 Patris
1488 2927 1522 2980 et
1536 2916 1611 2980 Filii

259 3031 294 3086 et
311 3021 456 3106 Spiritus
471 3020 591 3100 sancti,
614 3023 704 3104 quod
722 3032 773 3087 est
798 3023 899 3100 Deus,
925 3023 1058 3088 credere
1080 3020 1262 3086 debemus:
1278 3021 1305 3084 si
1322 3042 1408 3086 unus
1436 3021 1528 3086 Deus
1552 3030 1612 3100 est,

260 3126 431 3210 quomodo
447 3125 480 3190 in
497 3145 564 3190 una
590 3125 766 3192 divinitate
796 3129 926 3192 diversa
951 3127 1090 3192 scientia
1116 3130 1188 3190 est?
1205 3123 1296 3208 Quid
1324 3135 1376 3189 est
1401 3124 1484 3208 plus,
1501 3124 1611 3189 Deum

259 3251 342 3310 esse,
356 3251 399 3294 an
423 3230 506 3294 scire
533 3231 673 3295 omnia?
689 3228 725 3295 Si
751 3231 842 3296 Deus
867 3241 927 3310 est,
942 3231 1112 3316 quomodo
1139 3231 1294 3313 ignorat?
1312 3229 1443 3293 Dicitur
1459 3229 1546 3292 enirn
1570 3228 1613 3292 de

261 3334 410 3397 Domino
427 3332 600 3399 Salvatore
614 3357 621 3397 :
637 3338 645 3365 ‘
662 3333 785 3400 Omnia
802 3356 860 3418 per
876 3335 983 3418 ipsum
1002 3335 1187 3410 factasunt,
1203 3343 1237 3398 et
1252 3334 1323 3398 sine
1340 3335 1413 3419 ipso
1426 3334 1549 3398 lactum
1563 3342 1614 3397 est

211 3453 240 3508 25
260 3438 340 3502 nihil
352 3438 368 3502 '.
383 3439 417 3504 Si
434 3437 547 3501 omnia
564 3457 623 3521 per
638 3439 746 3521 ipsum
774 3439 863 3503 iacta
879 3448 978 3504 sunt:
994 3449 1123 3522 ergoet
1145 3438 1216 3502 dies
1234 3437 1357 3517 iudicii,
1371 3458 1457 3521 quae
1475 3448 1612 3502 ventura

258 3551 318 3620 est,
342 3561 400 3624 per
427 3543 535 3627 ipsum
566 3541 652 3606 facta
677 3553 737 3608 est.
761 3544 920 3608 Potestne
948 3545 1099 3626 ignorare
1126 3543 1215 3626 quod
1239 3542 1340 3607 fecit?
1356 3551 1467 3626 potest
1491 3541 1613 3607 artifex

259 3645 412 3730 ignorare
436 3667 521 3729 opus
546 3666 641 3710 suum
656 3653 669 3710 Ρ
686 3647 845 3730 Legimus
872 3648 905 3711 in
923 3647 1076 3731 apostolo
1094 3647 1136 3710 de
1153 3647 1276 3730 Xpisto
1289 3671 1296 3711 :
1311 3652 1318 3681 ‘
1336 3648 1375 3712 In
1402 3667 1470 3729 quo
1495 3667 1613 3711 omnes

258 3751 406 3816 thesauri
430 3752 615 3834 sapientiae
639 3758 673 3813 et
700 3751 859 3816 scientiae
885 3751 1072 3816 absconditi
1086 3749 1101 3814 ’.
1118 3750 1240 3815 Videte
1266 3751 1346 3834 quid
1372 3751 1472 3826 dicat,
1494 3769 1612 3815 omnes

260 3856 406 3922 thesauri
421 3859 605 3942 sapientiae
630 3866 664 3921 et
679 3855 846 3919 scientiae.
865 3853 942 3918 Non
970 3855 1070 3937 aliqui
1087 3864 1174 3930 sunt,
1189 3863 1223 3918 et
1238 3855 1340 3937 aliqui
1358 3875 1423 3918 non
1441 3863 1518 3917 sunt
1534 3853 1612 3918 :sed

212 3975 376 4027 300mnes
415 3961 560 4025 thesauri
603 3961 777 4042 sapientire
819 3970 852 4024 et
891 3956 1039 4023 scientiae
1076 3965 1163 4036 sunt,
1200 3959 1257 4022 sed
1296 3959 1483 4023 absconditi
1526 3969 1613 4024 sunt.

259 4064 360 4148 Quod
385 4085 465 4148 ergo
491 4065 599 4131 estin
628 4064 693 4140 illo,
720 4082 787 4126 non
814 4061 860 4125 illi
887 4061 989 4138 deest,
1015 4061 1115 4124 etiam
1141 4060 1230 4144 quod
1255 4061 1351 4126 nobis
1377 4060 1609 4126 absconditum

294 4242 620 4309 12accepistr‘s1accr'pitis?
718 4241 747 4290 in
769 4241 924 4308 monasterio]
945 4257 965 4308 χ
983 4239 1072 4290 addit:
1091 4241 1146 4303 Ipse
1165 4239 1247 4303 igitur
1264 4253 1305 4290 vos
1323 4247 1401 4289 server
1411 4247 1435 4288 el
1447 4253 1508 4288 nos:
1527 4241 1569 4290 cui
1579 4242 1613 4290 sr't

258 4328 342 4390 gloria
353 4329 435 4378 recula
445 4329 590 4386 reculomm,
605 4327 695 4376 Amen.
710 4323 828 4390 Sequitur
840 4323 944 4373 homilia
954 4323 1150 4388 decimaquarta.

307 4497 351 4536 12.
369 4485 403 4537 ut
411 4477 475 4535 sitis
485 4476 517 4535 in
531 4471 716 4556 nronasterr'o]
732 4475 780 4534 De
794 4489 911 4548 compe·
1007 4473 1225 4549 13·Τ’ἐῑῦ“’ῑῑ1Β
1250 4470 1369 4531 habitus
1387 4469 1417 4529 in
1444 4471 1614 4550 Quadrage-

265 4559 395 4620 tentibus
410 4555 580 4618 monasterii
595 4555 641 4616 sui
658 4554 790 4631 loquitur
804 4553 911 4614 Hiero
963 4551 1037 4612 sima
1053 4553 1123 4612 teria
1137 4568 1242 4626 quarta
1255 4567 1322 4630 post
1336 4551 1522 4612 anteriorem.

263 4659 379 4717 nymus,
395 4649 499 4700 contra
523 4637 689 4700 Iohannem
709 4636 907 4712 Hierosolym.
1006 4651 1050 4710 ²5·
1068 4629 1157 4712 nihil]
1173 4635 1215 4692 lo.
1241 4653 1265 4706 r,
1282 4655 1308 4710 3.

260 4741 288 4781 n.
305 4743 353 4797 42.
635 4709 642 4721 ’
1006 4720 1052 4780 28.
1067 4712 1239 4799 absconditi]
1255 4717 1369 4778 Coloss.
1388 4739 1414 4789 2,
1431 4738 1457 4800 3.
