4060 5498
543 465 800 528 TRAC'I'ATUS
826 465 885 525 DE
909 463 1078 524 PSALMO
1102 465 1216 526 xcv1.
1502 475 1558 556 93

201 659 313 722 anima
336 670 370 725 et
385 660 511 726 bonum
528 674 618 727 amet
634 673 668 728 et
684 664 820 729 malum.
837 663 905 748 Qui
921 661 1062 746 diligitis
1081 659 1278 740 Dominum,
1295 661 1390 726 odite
1408 661 1556 730 malum:

200 759 380 825 diabolum.
398 761 583 846 Utriusque
610 774 643 828 et
667 784 763 829 arnor
789 765 954 829 etodium
971 767 1005 826 in
1020 783 1124 848 opere
1148 766 1312 830 consistit.
1339 771 1346 798 ⁸
1372 766 1440 849 Qui
1464 767 1552 831 enim

200 862 311 945 diligit
327 885 389 942 me,
405 887 479 931 mea
496 869 656 933 mandata
672 868 837 934 servabit'.
855 869 908 932 De
924 877 1019 951 parte
1035 877 1147 932 autern
1165 869 1290 934 diaboli
1308 871 1388 953 quid
1404 872 1554 936 dicitur?

200 973 207 1000 ‘
224 968 356 1035 Invidia
371 981 484 1036 autem
501 973 626 1037 diaboli
643 994 732 1038 mors
743 975 892 1039 introivit
905 975 937 1036 in
951 975 1067 1038 orbern
1079 983 1242 1037 terrarum
1260 995 1267 1050 ;
1284 975 1461 1038 imitantur
1473 993 1554 1055 ergo

164 1085 181 1144 ς
199 1071 292 1138 illurn
308 1075 367 1157 qui
381 1087 514 1142 suntex
531 1089 626 1160 parte
642 1078 729 1142 illius
745 1079 760 1143 '.
779 1079 849 1143 Aut
865 1086 954 1142 certe
970 1077 1165 1160 simpliciter
1180 1077 1445 1160 intellegendum
1462 1103 1469 1142 :
1486 1077 1553 1160 Qui

199 1175 339 1258 diligitis
354 1198 394 1243 ea
410 1200 495 1263 quae
510 1181 600 1245 bona
616 1192 704 1260 sunt,
719 1183 813 1245 odite
823 1201 862 1245 ea
875 1201 961 1265 quae
973 1181 1061 1245 mala
1073 1192 1158 1244 sunt.
1172 1180 1248 1243 Non
1269 1182 1410 1262 potestis
1426 1182 1552 1246 bonum

199 1281 347 1364 diligere,
360 1286 422 1349 nisi
432 1287 569 1351 oderitis
580 1287 716 1351 malum.
731 1285 879 1354 Custodit
890 1285 1052 1349 Dominus
1066 1283 1391 1349 animassanctorum
1402 1307 1552 1349 suorum.

201 1385 295 1451 Ordo
311 1388 576 1470 pulcherrimus:
599 1391 665 1473 Qui
688 1391 798 1474 diligit
821 1392 948 1455 bonum
974 1400 1007 1453 et
1022 1390 1095 1453 odit
1112 1389 1250 1466 malum,
1264 1390 1346 1472 quid
1365 1402 1511 1454 meretur
1534 1411 1553 1452 a

202 1490 359 1571 Domino,
375 1495 437 1558 nisi
451 1506 487 1560 ut
502 1497 711 1561 custodiatur
727 1499 845 1560 abeo?
863 1495 913 1558 De
929 1514 1029 1557 manu
1047 1493 1222 1574 peccatoris
1236 1491 1388 1556 liberabit
1397 1513 1456 1557 eos.
1486 1491 1553 1556 Hic

147 1607 183 1646 10
200 1597 305 1659 oritur
320 1598 474 1678 questio:
497 1598 533 1662 Si
558 1599 726 1663 Dominus
748 1600 895 1664 custodit
918 1598 1049 1662 animas
1071 1605 1264 1660 sanctorum
1281 1615 1431 1672 suorum,
1455 1605 1489 1659 et
1512 1599 1555 1660 de

203 1719 302 1763 manu
318 1702 502 1782 pecoetoris
517 1703 646 1777 liberat,
661 1704 833 1783 quomodo
859 1703 891 1765 in
913 1702 1144 1784 persecutione
1170 1709 1336 1782 martyres
1358 1698 1553 1781 opprimun-

201 1809 276 1866 tur?
292 1805 465 1886 quomodo
482 1806 616 1871 Petrum
632 1817 666 1870 et
685 1806 824 1869 Paulum
849 1805 942 1868 Nero
965 1803 1087 1885 impius
1112 1823 1180 1867 una
1202 1803 1257 1867 die
1285 1805 1366 1867 data
1387 1804 1552 1866 sententia

202 1917 308 1969 morte
323 1908 506 1986 damnavit,
521 1909 548 1971 si
565 1909 711 1972 custodit
725 1907 892 1972 Dominus
908 1909 1038 1971 animas
1061 1917 1254 1970 sanctorum
1279 1911 1442 1970 suorum?
1469 1905 1552 1968 Dili-

199 2021 318 2091 genter
326 2013 492 2076 attendite
500 2013 580 2095 quid
592 2012 690 2076 dicat.
704 2011 859 2076 Custodit
872 2012 1039 2076 Dominus
1051 2011 1182 2075 animas
1195 2023 1388 2076 sanctorum
1405 2031 1554 2075 suorum:

147 2125 180 2180 15
200 2111 330 2176 animas
345 2114 443 2193 dixit,
460 2136 526 2179 non
543 2137 691 2201 corpora.
707 2121 714 2149 ‘
731 2117 847 2181 Nolite
864 2119 982 2180 timere
998 2135 1068 2194 eos,
1085 2115 1140 2196 ait,
1156 2119 1213 2201 qui
1230 2117 1389 2182 occidunt
1405 2134 1554 2198 corpora,

202 2217 331 2282 animas
347 2227 459 2283 autem
477 2241 543 2285 non
562 2231 701 2303 possunt
717 2221 869 2285 occidere
884 2241 892 2297 ;
907 2220 965 2283 sed
982 2240 1058 2283 eurn
1076 2222 1203 2302 timete,
1225 2223 1282 2306 qui
1299 2240 1419 2303 corpus
1435 2229 1470 2283 et
1483 2218 1555 2282 ani-

203 2341 291 2386 mam
308 2331 419 2404 potest
436 2324 587 2388 occidere
602 2325 635 2387 in
659 2325 849 2407 gehennam
861 2325 877 2388 ³.
901 2323 1083 2406 Quomodo
1106 2346 1189 2408 ergo
1211 2326 1360 2392 custodit
1385 2323 1554 2386 Dominus

200 2425 330 2489 animas
345 2436 536 2491 sanctorum
554 2433 713 2492 suorum?
732 2429 770 2491 ln
788 2429 958 2510 martyrio.
973 2427 1146 2493 ‘Pretiosa
1161 2428 1194 2492 in
1211 2438 1393 2511 conspectu
1413 2423 1553 2490 Domini

203 2551 291 2595 mors
306 2544 496 2597 sanctorum
514 2535 585 2599 eius
601 2522 616 2599 ’.
636 2535 673 2598 ln
692 2533 853 2615 martyrio
868 2533 944 2597 ideo
960 2534 1096 2614 sanguis
1113 2531 1305 2611 effunditur,
1328 2543 1364 2595 ut
1380 2532 1493 2595 anima
1510 2527 1561 2593 de

144 2655 181 2694 oo
201 2636 480 2720 temptationibus
496 2638 674 2703 liberetur:
690 2647 726 2700 ut
742 2637 909 2719 relinquat
925 2637 1059 2701 brevem
1077 2638 1190 2714 vitam,
1201 2647 1235 2703 et
1253 2637 1373 2720 migret
1389 2637 1432 2701 ad
1450 2645 1554 2698 aeter·

202 2760 300 2805 narn:
324 2751 361 2806 ut
383 2742 549 2826 relinquat
573 2741 848 2824 persecutionem,
869 2751 905 2806 et
931 2742 1032 2806 vadat
1055 2742 1099 2806 ad
1122 2753 1339 2806 coronantem
1364 2740 1550 2802 Dominum

199 2854 351 2910 nostrum
371 2847 481 2911 Iesum
496 2846 679 2914 ,Christum
696 2845 758 2910 Cui
774 2855 826 2910 est
841 2845 948 2910 honor
963 2855 998 2910 et
1014 2844 1122 2928 gloria
1137 2847 1169 2909 in
1187 2845 1321 2910 saecula
1334 2844 1555 2908 saeculorum.

206 2948 324 3014 Amen.

235 3149 251 3199 3
261 3137 378 3200 rimabit]
390 3139 418 3188 M
429 3155 436 3198 ;
447 3145 531 3188 servat
538 3137 595 3187 OV.
661 3141 763 3200 pono...
773 3134 875 3196 dioboli]
882 3133 931 3184 OV
941 3141 1059 3198 matre...
1069 3135 1164 3186 diabobo
1174 3137 1201 3186 M
1209 3137 1326 3201 pessime.
1396 3148 1412 3196 4
1424 3133 1556 3195 introivit]

202 3217 225 3264 V
238 3231 254 3268 2
265 3235 289 3268 m
299 3236 306 3278 3
318 3220 435 3270 introibit
444 3219 478 3279 0,
492 3219 515 3266 V
530 3231 539 3268 1
554 3234 578 3267 rn
589 3235 597 3278 ;
609 3218 720 3266 introvit
732 3216 768 3266 M.
870 3227 884 3277 7
898 3215 1035 3278 Dobunni]
1046 3231 1097 3267 om.
1118 3219 1154 3268 M.
1256 3233 1272 3283 9
1291 3219 1418 3282 liberabit]
1440 3218 1558 3268 tibrrooit

200 3301 235 3360 Ο,
251 3299 274 3348 V
287 3313 298 3349 1
312 3317 344 3352 m.
449 3313 475 3350 11
498 3300 526 3349 in
542 3299 721 3364 portentione]
741 3300 780 3359 M,
792 3314 804 3347 s
823 3299 849 3348 in
869 3297 919 3348 fine
938 3307 1063 3363 expuncta
1074 3317 1081 3360 3
1089 3303 1324 3367 persequutionibus
1336 3302 1396 3364 OV,
1410 3305 1439 3351 in
1453 3299 1555 3351 omisso.

205 3395 234 3432 12
254 3399 309 3432 uno
324 3384 365 3433 die
382 3384 443 3432 dota
461 3382 593 3445 sententio]
610 3381 676 3442 OV;
695 3381 723 3430 M
741 3381 889 3446 nescioquo
900 3381 1018 3445 scrupulo
1031 3391 1114 3432 motus
1125 3384 1218 3435 omisit.
1322 3398 1353 3446 14
1363 3384 1496 3445 attendite]
1511 3383 1558 3441 M;

199 3465 367 3516 attondoOV.
471 3465 634 3530 ryergolM;
657 3480 707 3514 om.
723 3464 779 3515 OV.
883 3462 912 3513 18
933 3464 1059 3513 suornm?
1076 3465 1111 3513 In
1132 3467 1277 3530 martyria]
1299 3467 1364 3517 Tres
1382 3468 1458 3517 codd.
1482 3466 1558 3516 inter·

201 3558 334 3617 pungunt:
346 3566 450 3600 snorum
462 3551 491 3599 in
503 3548 647 3612 martyrio?
745 3547 982 3609 Pretioso1estadd.
997 3547 1053 3598 OV.
1156 3562 1188 3599 ao
1198 3549 1328 3610 liberetur]
1350 3550 1378 3598 M
1390 3567 1398 3610 ς
1416 3549 1558 3598 liberentur

202 3633 409 3692 V;Iiberoretrrr
424 3633 457 3682 0.
558 3629 1098 3695 robonorargtortantortaertonorov.
1389 3649 1390 3652 ¹

246 3817 271 3875 3.
287 3795 424 3879 servabit]
441 3800 485 3859 Io.
505 3816 549 3869 14,
568 3817 612 3856 21.
908 3797 1021 3870 Petrus,
1038 3799 1155 3859 Romae
1169 3817 1223 3876 pro
1238 3797 1360 3860 Christo
1371 3795 1559 3874 capitetrun-

246 3897 272 3956 5.
289 3876 383 3960 illius]
397 3881 464 3958 Sap.
484 3899 509 3951 2,
527 3899 565 3952 ²4
580 3897 623 3954 sq.
906 3880 1019 3938 catun'

249 3981 292 4020 12.
306 3957 435 4042 unodr'o]
448 3960 575 4022 Hieron.
594 3962 641 4019 De
654 3959 724 4020 uiris
740 3958 852 4020 iniusti,
952 3975 995 4034 17.
1012 3961 1043 4018 in
1049 3959 1222 4042 gebennam]
1239 3960 1348 4022 Matth.
1368 3979 1412 4032 10,
1430 3961 1476 4018 28.

199 4063 231 4108 c.
246 4060 263 4120 5
282 4044 340 4102 ‘Et
354 4042 404 4102 hic
418 4062 489 4122 ergo
504 4040 642 4124 (Paulus)
657 4053 764 4118 quarto
775 4041 855 4100 deci·
950 4061 992 4117 19
1009 4037 1082 4122 cius]
1098 4045 1145 4102 Ps.
1167 4061 1230 4121 115,
1250 4061 1294 4119 15.

200 4145 256 4186 mo
284 4123 413 4186 Neronis
447 4144 536 4201 anno,
565 4122 673 4185 eodem
709 4121 759 4182 die
793 4141 855 4200 quo
