4202 5492
649 392 904 454 TRACTATUS
928 391 985 448 DE
1008 390 1175 450 PSALMO
1198 391 1354 448 LXXVII.
1621 387 1679 472 59

328 609 582 692 Aenigma'non
598 615 648 672 est
659 608 727 672 hoc
738 608 829 691 quod
846 607 976 685 dicitur,
987 608 1046 673 sed
1062 606 1151 671 aliud
1165 605 1255 689 quod
1265 605 1471 688 significatur
1483 607 1680 690 aenigmate.

368 713 470 778 Dicat
496 713 576 778 mihi
605 710 746 795 aliquis:
769 712 850 776 Vim
875 712 957 777 iacis
980 711 1185 794 scripturae;
1215 730 1292 774 cum
1319 711 1408 775 enim
1435 709 1550 775 titulus
1580 708 1682 775 habet

325 824 332 850 ‘
354 817 548 883 Intellectus
566 817 685 900 Asaph
702 814 709 841 ¹
725 825 760 880 tu
777 815 859 880 mihi
875 836 919 878 ex
936 833 1078 898 persona
1095 813 1208 896 Xpisti
1225 813 1452 895 interpretaris
1467 814 1530 878 hoc
1546 814 1681 879 dictum.

328 921 365 986 Si
390 919 561 1004 Xpistiani
591 935 707 984 sumus
731 918 861 1000 (sumus
888 927 1002 982 autem
1035 914 1215 999 Xpistiani,
1245 912 1302 998 qui
1334 915 1446 998 Xpisti
1478 917 1682 999 baptismum

293 1024 525 1108 saccepimus,
554 1033 589 1088 et
614 1037 683 1086 non
709 1023 817 1086 solum
843 1019 1050 1098 confitemur,
1075 1021 1134 1084 sed
1166 1027 1199 1084 et
1229 1016 1437 1102 profitemur)
1460 1021 1539 1103 quia
1568 1040 1683 1084 sumus

331 1127 512 1211 Xpistiani‚
527 1127 691 1192 debemus
702 1126 835 1190 credere
847 1123 1070 1206 evangelistis,
1083 1123 1252 1207 Scriptum
1265 1134 1316 1187 est
1332 1125 1365 1188 in
1378 1123 1553 1208 evangelio
1568 1145 1683 1190 secun-

328 1235 409 1296 dum
435 1232 647 1296 Matthaeum
674 1229 796 1308 ‘Cum,
818 1227 936 1311 inquit,
960 1227 1090 1292 locutus
1115 1227 1231 1294 luisset
1256 1228 1423 1294 Dominus
1449 1239 1561 1294 noster
1583 1238 1684 1313 atque

330 1335 485 1404 Salvator
501 1335 534 1399 in
546 1334 722 1418 parabolis,
733 1343 767 1398 et
783 1332 829 1398 illi
849 1352 916 1397 non
934 1332 1184 1416 intellegerent'
1200 1343 1234 1398 et
1246 1342 1356 1398 cetera
1368 1355 1454 1418 quae
1466 1335 1589 1418 scripta
1605 1345 1683 1399 sunt

331 1443 363 1506 in
380 1441 563 1524 evangelio.
590 1439 637 1504 Et
653 1447 771 1522 postea
795 1437 1001 1521 evangelista
1021 1438 1101 1521 quid
1119 1437 1256 1504 intulit?
1282 1443 1290 1472 ‘
1308 1439 1403 1504 Haec
1430 1441 1552 1518 omnia,
1568 1440 1685 1526 inquit,

281 1569 311 1604 to
329 1547 417 1610 iacta
432 1552 520 1622 sunt,
535 1553 571 1609 ut
595 1543 788 1626 impleretur
804 1542 885 1607 illud
902 1543 992 1626 quod
1009 1544 1169 1626 scriptum
1186 1553 1258 1608 est:
1283 1545 1443 1628 Aperiam
1461 1545 1493 1609 in
1518 1547 1685 1629 parabolis

287 1683 291 1690 ·
328 1671 365 1715 os
388 1667 513 1726 meum,
527 1648 665 1732 eloquar
680 1649 927 1731 propositiones
941 1650 985 1714 ab
1007 1649 1103 1714 initio
1119 1648 1135 1714 '.
1156 1649 1260 1714 Vides
1276 1669 1357 1733 ergo
1371 1650 1462 1734 quod
1479 1652 1685 1734 evangelista

331 1755 525 1820 Matthaeus
540 1753 604 1818 hoc
620 1772 664 1817 ex
677 1773 819 1836 persona
836 1753 948 1837 Xpisti
965 1752 1137 1838 intellegit.
1155 1753 1240 1819 Cum
1257 1755 1346 1819 enim
1362 1754 1551 1820 induxisset
1568 1757 1684 1819 Domi·

330 1877 410 1922 num
422 1857 591 1922 dicentem
608 1857 641 1920 in
658 1857 835 1939 parabolis,
851 1866 884 1922 et
900 1858 1030 1924 illinon
1047 1858 1300 1942 intellegerent:
1327 1859 1411 1937 Hoc,
1428 1859 1545 1942 inquit,
1560 1860 1684 1925 iactum

330 1967 389 2038 e'st,
416 1971 453 2026 ut
480 1960 674 2042 impleretur
696 1962 786 2043 quod
806 1962 966 2045 scriptum
994 1973 1054 2041 est,
1081 1963 1241 2046 Aperiam
1267 1963 1298 2026 in
1317 1963 1484 2047 parabolis
1510 1986 1548 2029 os
1566 1987 1686 2044 meum,

283 2089 312 2142 ις
329 2065 465 2148 eloquar
480 2064 726 2148 propositiones
741 2063 785 2128 ab
801 2063 903 2129 initio.

374 2169 518 2235 Videtur
534 2168 630 2233 nobis
657 2168 739 2234 nihil
768 2170 966 2235 remansisse
981 2169 1195 2253 quaestionis,
1216 2171 1274 2234 sed
1302 2167 1479 2252 diligenter
1494 2172 1686 2238 adtendite:

332 2274 434 2342 studii
461 2273 551 2338 enim
579 2272 645 2338 mei
672 2283 732 2352 est,
749 2293 815 2338 non
844 2272 1033 2338 declamare
1060 2293 1151 2336 more
1175 2272 1349 2351 rhetorico,
1365 2274 1424 2338 sed
1450 2274 1685 2358 scripturarum

331 2398 465 2458 sensum
481 2397 608 2461 capere.
624 2378 780 2461 Denique
806 2386 841 2442 et
857 2377 1024 2442 Dominus
1039 2386 1140 2460 atque
1157 2376 1312 2444 Salvator
1339 2378 1420 2462 quid
1436 2378 1551 2444 dixit?
1565 2384 1572 2412 ⁸
1589 2380 1686 2444 Scru-

333 2483 450 2548 tamini
477 2481 667 2564 scripturas,
691 2490 725 2546 et
740 2481 786 2546 ibi
813 2482 988 2547 invenietis
1014 2482 1186 2565 quomodo
1211 2483 1254 2546 de
1282 2503 1335 2546 me
1359 2482 1519 2566 scriptum
1543 2484 1624 2549 est’.
1643 2487 1687 2552 Et

283 2615 317 2652 20
333 2587 421 2651 aliud
439 2585 528 2652 dixit
558 2586 690 2651 Iudaeis
705 2608 712 2650 :
728 2589 735 2618 ⁶
754 2586 881 2650 Erratis
898 2585 1082 2651 nescientes
1098 2585 1278 2668 scripturas
1294 2606 1402 2670 neque
1418 2587 1573 2651 virtutem
1593 2589 1656 2653 Dei
1672 2591 1688 2656 '.

333 2690 456 2754 Videte
470 2689 552 2772 quid
568 2689 666 2753 dicat
684 2689 821 2754 Erratis.
838 2688 972 2774 Quare?
985 2688 1179 2754 Nescieutes
1194 2690 1381 2774 scripturas.
1395 2690 1562 2774 Quoniam
1575 2703 1688 2757 autem

334 2794 467 2859 nescitis
482 2793 672 2876 scripturas,
687 2803 863 2877 propterea
887 2791 1022 2856 nescitis
1038 2791 1207 2874 Xpistum,
1223 2793 1279 2875 qui
1296 2803 1346 2857 est
1374 2793 1438 2856 Dei
1455 2793 1559 2858 virtus
1573 2803 1607 2857 et
1625 2795 1689 2858 Dei

334 2897 505 2982 sapientia
522 2897 654 2963 Dicitur
670 2917 750 2980 ergo
765 2895 798 2959 in
816 2895 992 2970 Matthaeo
1008 2900 1015 2927 ‘
1033 2896 1138 2974 Haec,
1154 2896 1270 2980 inquit,
1283 2897 1370 2961 lacta
1385 2905 1472 2976 sunt,
1485 2908 1521 2961 ut
1537 2897 1688 2980 implere·

335 3012 388 3068 tur
403 3005 494 3086 quod
521 3002 682 3085 scriptum
707 3009 758 3068 est
775 3000 806 3064 in
833 2998 951 3082 Asaph
980 3000 1144 3084 propheta
1160 3001 1177 3066 ³.
1204 3000 1260 3066 Sic
1286 3001 1451 3066 invenitur
1473 3001 1505 3065 in
1534 3003 1690 3067 omnibus

370 3189 594 3258 taenrgmate]G;
612 3191 642 3242 in
650 3191 814 3256 amrgrrrateS
821 3207 892 3254 ;orn.
907 3189 932 3259 β.
1034 3190 1247 3257 3interpretoris]
1258 3191 1448 3256 interpretantis
1459 3191 1492 3242 G.
1586 3191 1693 3255 dictum]

337 3275 353 3346 β
366 3283 445 3340 repet.
457 3291 489 3326 ex
497 3281 603 3340 persona
614 3273 703 3339 Xpisti
714 3275 909 3339 interpretemur
918 3271 961 3323 hoc
971 3274 1075 3325 dictum.
1159 3289 1175 3336 4
1186 3273 1246 3340 qui]
1259 3273 1323 3343 βΑΒ
1333 3290 1340 3332 3
1351 3275 1413 3339 quia
1425 3274 1500 3325 CSG.
1587 3273 1693 3338 tosarta

335 3357 480 3422 suntlfircta
491 3363 527 3407 ert
537 3357 570 3407 G.
674 3369 703 3406 12
716 3353 848 3420 intellegit]
865 3355 933 3406 BCG
940 3372 948 3416 3
966 3356 1090 3406 intellexit
1103 3354 1147 3424 βὸ.
1251 3355 1280 3406 18
1291 3371 1390 3404 semum
1402 3351 1495 3418 capere]
1507 3356 1592 3416 CSG;
1608 3371 1694 3406 sensus

336 3439 434 3504 aperire
446 3437 519 3506 βΑΒ.
620 3450 651 3502 23
665 3445 694 3486 ret
704 3439 852 3503 impleretur
861 3437 928 3503 qrtod
935 3438 1056 3504 sm'ptum
1067 3445 1102 3488 est
1113 3438 1142 3487 irr
1154 3439 1240 3503 Asopi
1248 3438 1379 3503 proptera]
1391 3438 1473 3489 Verba
1484 3439 1547 3490 haec
1559 3439 1646 3504 accepi
1663 3457 1694 3490 ex

339 3522 482 3583 Breviario;
494 3521 519 3571 in
531 3519 623 3570 nostris
639 3521 713 3570 codd.
728 3522 827 3580 desunt,
841 3519 901 3570 hinc
918 3534 1018 3584 quoque
1036 3519 1140 3570 iortasse
1155 3520 1188 3569 ab
1207 3519 1245 3581 iis,
1267 3536 1331 3585 quos
1352 3519 1516 3585 ‘ignorantes
1529 3517 1535 3542 ¹
1555 3529 1640 3572 noster
1651 3537 1693 3587 ap-

337 3604 423 3670 pellat,
436 3602 581 3653 hominibus
591 3609 725 3667 expuncta.

382 3793 405 3832 1.
419 3769 603 3850 significatur
609 3767 783 3850 aenigmate]
797 3774 804 3802 ‘
816 3769 899 3830 Nulli
909 3768 989 3830 enim
1044 3771 1229 3831 Scrutamini
1238 3773 1397 3849 scripturas
1412 3784 1441 3834 et
1459 3773 1598 3849 Quaerite
1610 3781 1638 3833 et
1655 3775 1697 3833 in·

338 3853 475 3927 dubium,
499 3850 636 3928 aenigma
660 3862 690 3911 et
715 3851 886 3928 parabolam
909 3851 990 3913 aliud
1042 3852 1166 3923 vereritri,
1188 3871 1226 3912 ne
1248 3852 1322 3914 illud
1341 3853 1462 3918 audiam
1480 3873 1550 3914 cum
1575 3855 1696 3916 Iudaeis

339 3936 468 4012 prolerre
483 3933 512 3993 in
539 3931 643 4005 verbis,
660 3931 740 3992 aliud
767 3944 867 3994 tenere
882 3929 911 3992 in
927 3951 990 3992 sen·
1042 3933 1168 3992 Erratr's
1183 3935 1499 4014 nesa'entesscrrpturas
1510 3957 1596 4013 neque
1606 3939 1698 3996 virtu-

340 4015 421 4078 sibus
431 4017 446 4075 '.
463 4015 604 4093 (Hieron.
619 4013 648 4073 in
665 4014 774 4075 Ezech.
796 4033 838 4090 17,
856 4030 865 4072 1
881 4014 960 4093 sqq.)
1043 4023 1098 4074 tem
1112 4017 1181 4076 Dei.
1199 4015 1229 4076 Si
1248 4016 1329 4076 enim
1345 4018 1425 4078 iuxta
1439 4020 1607 4095 apostolum
1624 4020 1697 4077 Pau·

382 4100 409 4157 6.
425 4099 577 4156 secundum
594 4093 793 4176 Martiarum]
823 4115 866 4171 13,
884 4116 921 4171 34
946 4115 989 4172 sq.
1044 4097 1105 4155 lum
1122 4097 1259 4158 Christus
1277 4097 1332 4159 Dei
1348 4101 1439 4158 virtus
1461 4109 1505 4159 est
1522 4099 1640 4176 Deique
1655 4118 1698 4159 sa·

386 4197 430 4254 ¹7·
447 4197 504 4238 non
528 4173 699 4258 declarrrare]
723 4178 769 4240 Cf.
785 4197 875 4255 supra
899 4197 926 4254 p.
947 4179 990 4249 18,
1045 4176 1164 4253 pientia,
1185 4191 1215 4240 et
1237 4179 1290 4256 qui
1309 4180 1403 4240 nescit
1426 4179 1584 4257 scripturas
1602 4179 1698 4240 nescit

342 4263 360 4322 l.
379 4279 424 4336 27.
1045 4257 1103 4318 Dei
1115 4262 1254 4322 virtutem
1276 4261 1400 4337 eiusque
1414 4261 1599 4338 sapientiam,
1618 4262 1699 4340 igno·

386 4363 429 4418 19.
446 4337 616 4420 scripturas]
633 4341 676 4399 Io.
689 4356 716 4416 5,
730 4359 776 4416 39.
1044 4339 1119 4400 ratio
1131 4344 1340 4420 scripturarum
1353 4343 1498 4420 ignoratio
1510 4343 1620 4406 Christi
1632 4345 1697 4404 est'.

387 4445 430 4484 ro.
446 4421 520 4504 Dei]
535 4423 642 4481 Matth.
660 4441 764 4496 ²²229·
1088 4443 1132 4494 ²4·
1157 4425 1188 4482 in
1212 4425 1316 4501 Asaplr
1337 4422 1494 4505 propheta]
1518 4425 1641 4486 Hieron.
1669 4425 1699 4484 in

388 4527 432 4565 η.
446 4506 509 4564 Dei
519 4499 676 4596 sapr'enlia]
695 4504 787 4564 1Cor.
806 4524 830 4574 1,
848 4523 893 4575 ²4·
909 4501 991 4562 Hier.
1049 4505 1156 4596 Matth.
1172 4525 1215 4580 13,
1228 4525 1263 4583 35
1280 4529 1285 4564 :
1303 4506 1393 4584 ‘Legi
1405 4505 1435 4565 in
1451 4507 1603 4566 nonnullis
1618 4507 1699 4567 codi-

347 4589 461 4664 Prolog.
478 4594 639 4648 comment.
665 4603 695 4643 tn
717 4586 755 4644 Is.
782 4587 838 4662 (tlt.
863 4605 908 4658 24,
928 4584 994 4662 17):
1046 4585 1139 4660 cibus,
1163 4599 1192 4647 et
1208 4587 1359 4648 studiosus
1375 4590 1467 4649 lector
1482 4591 1557 4650 torte
1572 4591 1697 4665 reperiet

347 4674 354 4700 ‘
369 4669 533 4731 oboediens
548 4663 659 4726 Christi
681 4667 853 4744 praeceptis,
878 4665 929 4742 qui
954 4666 995 4726 ait
1047 4666 1187 4745 idipsum,
1198 4667 1228 4728 in
1239 4689 1276 4729 eo
1287 4669 1354 4730 loco
1366 4669 1418 4729 ubi
1433 4689 1488 4730 nos
1500 4669 1653 4747 posuimus
1668 4679 1698 4730 et
