4154 5494
489 409 502 426 “
581 455 837 516 rnacrnsus
861 455 918 518 on
940 454 1108 516 manno
1130 455 1267 516 cxnu.
1522 459 1595 518 211

250 673 316 737 noli
342 693 416 737 esse
440 673 644 756 neglegens:
669 674 819 757 sequitur
842 675 941 751 enirn,
956 684 990 739 et
1018 675 1132 751 iustus,
1148 675 1185 740 Si
1211 675 1352 740 multum
1381 684 1535 758 peccator
1559 697 1603 756 es,

247 779 335 856 audi,
359 779 543 842 misericors
568 789 619 842 est
644 779 834 844 Dominus:
849 780 876 842 si
903 778 1083 862 neglegens
1108 799 1152 856 es,
1168 779 1255 852 audi,
1271 788 1305 843 et
1328 781 1434 844 iustus
1456 790 1516 846 est.
1533 781 1600 846 Sed

247 883 377 947 videtur
400 883 495 966 quasi
523 882 663 965 aequale
689 902 771 960 esse,
788 883 974 948 misericors
991 883 1159 947 Dominus
1174 893 1208 947 et
1223 883 1352 947 iustus:
1379 884 1469 948 verbi
1487 887 1602 964 gratia,
1660 901 1663 912 ·

246 973 490 1069 decem'parres
506 995 556 1050 est
580 987 774 1066 misericors,
801 997 834 1052 et
851 987 965 1052 decem
995 998 1104 1071 partes
1121 997 1170 1052 est
1188 989 1301 1065 iustus,
1317 997 1351 1052 et
1377 988 1440 1052 hoc
1466 998 1602 1072 propter

212 1110 227 1165 ς
246 1091 462 1175 simpliciores
480 1091 526 1154 ita
536 1089 662 1173 loquor.
681 1094 782 1157 Dicat
799 1092 934 1175 aliquis:
950 1091 987 1157 Si
1004 1101 1332 1175 pensenturpeccata
1345 1112 1428 1170 mea,
1444 1113 1510 1156 non
1525 1114 1600 1175 pos-

233 1215 318 1286 sum
344 1205 438 1259 tanta
464 1195 585 1258 habere
612 1195 710 1269 bona,
725 1206 852 1278 quanta
878 1195 987 1260 babeo
1012 1196 1115 1261 mala:
1131 1216 1218 1260 nunc
1235 1205 1346 1260 autem
1372 1196 1596 1280 diciturquod

246 1301 430 1365 misericors
446 1310 480 1364 et
497 1301 601 1364 iustus
628 1307 687 1376 est,
703 1301 887 1365 misericors
904 1303 935 1364 in
954 1301 1193 1384 peccatoribus,
1208 1301 1312 1365 iustus
1330 1301 1361 1364 in
1379 1301 1496 1366 bonis:
1519 1301 1598 1364 inci·

246 1405 340 1486 piunt
356 1424 495 1487 gravare
511 1414 646 1486 peccata
664 1424 746 1482 mea,
762 1415 796 1469 et
812 1405 914 1469 vincit
931 1405 962 1469 in
975 1425 1034 1469 sua
1051 1405 1283 1469 misericordia.
1302 1405 1479 1488 Propterea
1495 1406 1597 1469 semel

246 1508 367 1571 iustum
385 1507 507 1589 posuit,
523 1516 556 1570 et
574 1509 721 1572 secundo
737 1507 995 1573 misericordem.
1011 1508 1207 1572 Misericors.
1223 1509 1357 1572 Poterat
1382 1518 1415 1572 et
1438 1509 1480 1572 de
1505 1529 1599 1591 prae·

195 1633 227 1673 ro
245 1614 343 1678 terito
358 1614 476 1676 dicere.
493 1612 540 1675 Et
563 1611 662 1690 Dens,
684 1612 801 1696 inquit,
817 1625 923 1676 noster
937 1612 1126 1676 miseretur:
1145 1621 1181 1674 ut
1198 1630 1329 1693 semper
1352 1609 1597 1675 misericordem

244 1734 319 1780 cum
335 1715 503 1780 ostendat.

290 1819 479 1886 custodiens
488 1820 646 1903 parvrrlos
662 1819 833 1884 Dominus.
845 1819 880 1884 Si
896 1820 971 1902 quis
985 1839 1126 1901 magnus
1136 1827 1230 1896 est‚et
1242 1838 1278 1882 se
1295 1818 1433 1896 exaltat,
1443 1829 1476 1884 et
1486 1839 1599 1902 super·

244 1926 305 1990 bus
317 1937 376 2002 est,
389 1926 476 1988 hunc
493 1943 559 1988 non
577 1923 723 1988 custodit
737 1923 903 1986 Dominus
919 1923 964 2000 ;si
981 1924 1107 2006 quisse
1123 1942 1281 2004 magnum
1300 1931 1405 2004 putat,
1420 1923 1518 1986 huius
1532 1943 1597 1987 non

244 2029 417 2092 miseretur
440 2027 628 2092 Dominus:
645 2028 703 2092 sed
721 2030 748 2092 si
765 2028 837 2112 quis
854 2050 890 2093 se
906 2029 1068 2107 humiliat,
1084 2027 1180 2092 huius
1204 2027 1387 2104 miseretur,
1403 2038 1437 2093 et
1452 2028 1599 2093 custodit

194 2144 223 2198 ¹⁵
243 2152 318 2196 eum
344 2133 519 2197 Dominus.
537 2131 710 2214 Siquidem
727 2133 827 2198 dicit:
843 2137 851 2165 ‘
870 2133 959 2197 Ecce
983 2154 1047 2216 ego
1062 2141 1095 2198 et
1111 2130 1204 2215 pueri
1219 2150 1304 2214 quos
1322 2131 1401 2196 mihi
1418 2133 1512 2197 dedit
1529 2134 1599 2197 Do·

243 2237 351 2300 minus
368 2237 384 2301 ’.
402 2235 446 2299 Et
463 2236 603 2300 iterum:
621 2235 830 2300 Humilrbtns
855 2258 938 2314 snm,
953 2247 985 2302 et
997 2237 1144 2301 saluauit
1158 2257 1215 2300 me.
1233 2235 1420 2319 Dupliciter
1436 2237 1599 2320 intellegi-

244 2356 325 2418 mus,
344 2339 550 2404 Humiliatus
567 2359 639 2403 sum
657 2351 691 2403 et
708 2341 848 2406 salvavit
866 2361 938 2404 me:
955 2341 1024 2405 sive
1049 2340 1192 2423 peccavi,
1208 2349 1242 2404 et
1268 2339 1410 2405 salvavit
1429 2361 1482 2405 me
1498 2364 1505 2421 ;
1520 2343 1599 2420 sive,

243 2465 317 2509 cum
338 2463 444 2508 essem
461 2443 632 2526 superbus,
650 2445 836 2518 humiliavit
854 2465 907 2510 me
924 2455 958 2509 et
973 2446 1114 2510 salvavit
1130 2465 1192 2509 me.

289 2549 478 2616 Convertere
492 2547 607 2611 onium
623 2569 696 2612 men
712 2548 747 2612 in
763 2548 902 2631 requiem
919 2557 1019 2613 trram.
1036 2548 1182 2632 Quando
1198 2548 1329 2624 dicitur,
1347 2547 1549 2614 Convertere
1565 2551 1599 2614 in

192 2669 228 2707 20
243 2654 388 2738 requiem
405 2662 508 2730 tuam,
524 2672 604 2735 ergo
620 2652 767 2717 habebat
793 2662 871 2716 ante
897 2652 1042 2736 requiem
1070 2672 1170 2735 quarn
1197 2651 1351 2734 perdidit.
1371 2653 1483 2718 Nemo
1509 2655 1597 2719 enirn

243 2758 455 2833 convertitur,
470 2757 533 2819 nisi
557 2755 612 2836 qui
638 2757 747 2838 pergit
771 2755 848 2820 illuc
872 2756 927 2819 ubi
952 2756 1043 2838 prius
1067 2765 1145 2820 erat.
1164 2754 1256 2818 Deus
1284 2756 1373 2820 enim
1406 2776 1466 2820 nos
1493 2758 1600 2823 bonos

243 2858 376 2934 creavit,
391 2865 425 2920 et
440 2855 490 2918 sui
507 2854 633 2918 arbitrii
658 2855 801 2938 reliquit,
818 2865 851 2920 et
874 2875 992 2919 omnes
1016 2876 1090 2919 cum
1117 2857 1229 2922 Adam
1247 2859 1279 2921 in
1298 2860 1457 2941 paradiso
1480 2863 1600 2943 posuit.

244 2959 311 3028 Sed
328 2959 406 3042 quia
423 2967 538 3022 nostro
554 2956 692 3021 arbitrio
709 2979 728 3020 a
744 2957 953 3022 beatitudine
977 2959 1034 3023 illa
1055 2960 1245 3039 cecidimus,
1261 2971 1294 3028 et
1310 2963 1464 3028 venimus
1481 2965 1513 3028 in
1531 2966 1600 3029 val-

244 3065 307 3129 lem
324 3063 536 3127 lacrimarum
551 3081 558 3138 ;
571 3070 747 3144 propterea
764 3062 869 3125 iustus
885 3063 1032 3126 animam
1049 3083 1143 3129 suam
1161 3063 1321 3145 hortatur,
1334 3077 1370 3131 ut
1385 3079 1601 3136 convertatur

194 3187 224 3242 25
244 3169 320 3232 illuc
337 3167 425 3231 unde
437 3165 619 3229 descendit.
640 3163 828 3230 Convertere
844 3167 958 3230 animo
974 3189 1046 3232 mea
1061 3169 1096 3231 in
1112 3171 1251 3252 requiem
1268 3181 1368 3235 tuane.
1386 3171 1496 3235 Locus
1509 3173 1598 3238 enim

244 3271 306 3336 iste
322 3268 546 3335 tribulationis
562 3277 622 3345 est,
642 3267 733 3331 locus
761 3278 811 3332 est
835 3279 921 3332 terra
940 3279 1174 3352 pugnatorum.
1193 3273 1261 3338 Iste
1278 3274 1370 3338 locus
1388 3274 1598 3341 lacrimarum

245 3385 303 3453 est,
320 3375 376 3440 ubi
393 3393 460 3437 non
478 3372 554 3436 licet
566 3391 718 3436 securum
736 3372 915 3437 ambulare.
932 3373 1144 3456 Ubicumque
1160 3375 1247 3438 enim
1266 3376 1385 3458 aliquis
1399 3376 1505 3454 luerit,
1515 3377 1599 3460 peri-

246 3479 356 3544 culum
367 3487 418 3542 est
431 3501 438 3541 :
453 3477 480 3540 si
499 3477 531 3540 in
548 3478 690 3552 deserto,
705 3475 897 3557 scorpiones
920 3486 998 3540 sunt
1014 3501 1020 3541 :
1036 3477 1063 3541 si
1080 3477 1112 3541 in
1141 3477 1341 3555 civitatibus,
1356 3477 1471 3542 oculus
1495 3498 1598 3542 mere-

246 3583 334 3646 tricis
351 3581 513 3665 pernicies
525 3589 577 3643 est
593 3578 737 3642 hominis
753 3601 759 3642 :
776 3579 803 3640 si
828 3579 860 3640 in
879 3597 978 3657 mare,
995 3579 1140 3644 latrones
1156 3589 1190 3644 et
1207 3580 1342 3663 piratae.
1360 3581 1474 3656 Haec,
1486 3583 1599 3647 omnia

281 3775 299 3812 1.
315 3775 329 3811 2
342 3760 477 3824 neglegens]
488 3761 611 3822 neclegens
622 3759 647 3808 S.
735 3764 758 3806 et
769 3758 859 3807 insius.
875 3759 907 3806 Si
917 3759 1036 3821 nrultum]
1047 3767 1070 3808 et
1081 3759 1163 3810 iustus
1174 3759 1259 3808 sr'rrrnl.
1277 3759 1341 3808 Cum
1354 3759 1385 3810 C.
1477 3761 1598 3824 pgralr'a]

245 3859 318 3892 cereso
338 3843 368 3893 C.
485 3855 502 3903 4
513 3840 610 3904 paries]
630 3839 745 3904 parribus
765 3837 781 3905 β
802 3839 889 3888 sz.
900 3855 954 3903 sup.
965 3838 1008 3888 lin.
1127 3850 1141 3904 ς
1161 3843 1222 3904 non]
1241 3859 1323 3892 nonne
1347 3840 1362 3908 β
1386 3841 1489 3892 omnino
1511 3859 1595 3908 prave.

246 3937 260 3986 7
271 3927 353 3974 inseres
365 3925 394 3971 ier
405 3922 485 3984 horris]
505 3923 587 3971 inslns
605 3929 688 3969 aulem
701 3923 740 3980 (in
753 3921 810 3969 add.
826 3937 880 3985 sup.
895 3921 952 3982 lin.)
973 3922 1040 3970 nodis
1052 3923 1084 3971 G.
1185 3924 1326 3987 incipiunt]
1338 3923 1376 3973 Gl
1388 3923 1462 3974 inser.
1478 3925 1506 3973 irs
1518 3926 1594 3985 nobis,

247 4007 317 4072 derce.
419 4001 515 4053 8men*
532 4009 616 4052 nostra
635 4002 655 4051 Ι.
756 3999 886 4062 vr'ncr'tin]
904 4002 938 4050 ita
957 4000 972 4068 β
991 4015 1014 4051 et
1034 4019 1122 4054 omnes
1139 4005 1214 4054 codd.
1315 4005 1594 4073 9iersium1r'rrstus3.

244 4088 344 4138 recaredo
361 4083 554 4146 misericordem]
571 4083 674 4131 secundo
691 4083 829 4132 misericors
842 4081 876 4149 β;
893 4083 1028 4132 secundnm
1046 4086 1217 4134 misericordia
1233 4086 1290 4146 G1;
1307 4087 1356 4136 rino
1376 4087 1545 4137 misericordia
1567 4091 1595 4140 B.

244 4165 395 4226 Misericors]
406 4183 456 4216 oni.
470 4165 485 4234 β
498 4183 505 4222 ;
519 4165 538 4213 B
549 4165 607 4214 add.
622 4164 746 4213 donrinns.
850 4176 878 4227 15
887 4166 977 4228 pueri]
989 4167 1012 4216 G
1025 4167 1083 4216 add.
1096 4169 1152 4217 mei.
1258 4167 1287 4217 18
1296 4168 1445 4218 derrce'lioerii
1456 4170 1504 4231 me]
1516 4171 1538 4220 C
1545 4189 1595 4222 om.

244 4249 449 4312 nre3lrremiliom'
459 4264 497 4296 me
506 4248 533 4296 B.
620 4245 874 4307 rosenmullerus
887 4244 911 4312 β,
926 4247 1017 4297 Cern.
1032 4265 1087 4313 sup.
1102 4249 1145 4300 lin.
1234 4264 1265 4300 22
1276 4249 1331 4312 sni]
1343 4254 1529 4304 nostrisz.
1540 4271 1595 4319 sup.

244 4333 293 4394 lin;
306 4339 387 4383 nostro
398 4329 421 4397 β
489 4327 607 4389 arbitrii]
619 4324 788 4393 arbitrsoiiet
800 4325 875 4377 inser.
890 4343 940 4376 nos.
1018 4342 1048 4392 ²3
1062 4331 1384 4396 r'nvallerumoallesc.
1459 4337 1490 4388 26
1497 4346 1597 4403 pugeio·

244 4417 335 4479 torrem]
349 4413 364 4482 β
377 4424 403 4465 et
419 4411 494 4463 codd.
505 4425 557 4460 uno
576 4419 682 4476 excepto
702 4411 719 4460 S
740 4410 783 4475 qui
802 4410 862 4475 legit
878 4418 1030 4476 pugnorum.
1134 4425 1164 4475 27
1181 4418 1307 4479 securum]
1322 4433 1417 4469 securos
1434 4420 1457 4479 (e
1473 4435 1504 4470 ex
1522 4423 1550 4483 n]
1562 4423 1594 4474 G.

288 4581 331 4642 15·
346 4555 507 4639 Dominus]
523 4559 561 4618 is.
579 4559 605 4629 8,
626 4561 669 4618 18.
946 4559 1028 4619 disus
1051 4573 1112 4622 est:
1128 4581 1210 4624 serva
1233 4565 1316 4643 quod
1340 4579 1410 4628 nata
1434 4588 1474 4642 es,
1491 4581 1521 4631 et
1545 4572 1595 4632 dic

288 4666 302 4704 2
306 4663 332 4722 5.
349 4643 424 4703 rende
446 4636 599 4720 descendit]
624 4641 747 4699 Hieron.
772 4641 810 4699 ad
836 4640 892 4696 Eu-
946 4641 1097 4701 Reuertere
1109 4645 1211 4704 animo
1226 4668 1288 4706 mea
1302 4649 1334 4708 in
1349 4651 1471 4727 requiem
1483 4660 1564 4714 tuam
1577 4655 1592 4715 '.

248 4726 393 4786 stochium
409 4741 455 4801 ep.
469 4739 514 4793 es,
526 4739 555 4780 n.
570 4739 605 4797 19
621 4719 706 4779 ‘Tua
718 4718 798 4798 regio
814 4740 893 4796 para-
