4062 5504
525 411 599 471 122
885 401 914 462 S.
938 399 1194 462 HIERONYMI
1219 395 1483 460 PRESBYTERI

516 629 618 673 uicum
634 605 673 668 de
689 603 863 686 Seraphin,
878 615 910 666 et
926 604 961 666 iu
977 625 1078 667 manu
1093 623 1155 666 sua
1169 601 1306 666 habebat
1317 603 1493 677 carbonem,
1507 623 1601 684 quem
1608 601 1736 683 forcipe
1751 602 1880 664 tulerat

516 715 554 776 de
569 709 675 775 altari
683 732 697 783 ,·
713 719 746 771 et
759 709 868 790 tetigit
881 730 916 772 es
931 730 1046 784 ruerem,
1061 718 1093 770 et
1106 707 1218 771 dixit:
1234 707 1311 770 Ecce
1326 707 1434 790 tetigit
1447 705 1503 769 hoc
1516 705 1608 770 labia
1623 715 1692 782 tua,
1711 715 1744 768 et
1757 706 1877 785 aufert

516 816 707 898 iniquitates
721 824 806 888 tuas,
820 821 852 874 et
860 821 988 893 peccate
1003 821 1062 874 tren
1078 809 1225 873 intrudat.
1243 810 1320 874 Non
1337 829 1419 892 ergo
1434 829 1539 874 unum
1555 811 1598 873 de
1615 808 1797 890 Seraphin,
1814 810 1876 869 sed

516 921 618 984 carbo
634 937 733 1000 quem
751 916 875 980 tulerat
890 918 932 980 de
948 916 1055 992 altari,
1071 915 1197 997 ignitus
1214 915 1368 979 videlicet
1384 935 1495 978 sermo
1512 915 1576 977 Dei
1594 924 1696 994 atque
1708 912 1878 986 doctrina,

516 1025 655 1090 abstulit
673 1020 867 1102 iniquitates
882 1021 1076 1103 prophetae,
1092 1029 1125 1082 et
1142 1028 1280 1101 peccata
1297 1018 1482 1084 mundavit.
1498 1017 1599 1100 Quod
1624 1017 1652 1079 si
1678 1017 1741 1079 Dei
1766 1016 1876 1078 Filius
1910 1031 1920 1082 5

516 1136 605 1191 esset
632 1123 809 1206 Seraphin,
825 1124 881 1205 qui
906 1123 1100 1204 iniquitates
1127 1122 1268 1185 abstulit
1292 1132 1325 1186 et
1351 1131 1489 1204 peccata
1506 1121 1693 1197 mundavit,
1708 1121 1875 1184 debuerat

515 1234 647 1296 dicere:
673 1231 762 1293 Ecce
789 1227 911 1292 abstuli
940 1226 1135 1308 iniquitates
1158 1235 1244 1301 tuas,
1261 1233 1294 1288 et
1320 1227 1477 1289 mundavi
1505 1235 1643 1308 peccata
1665 1235 1732 1290 tua.
1749 1223 1875 1288 Sermo

516 1337 617 1420 igitur
645 1334 709 1397 Dei
735 1333 776 1396 de
804 1330 944 1412 spiritali
970 1338 1086 1411 raptus
1112 1330 1210 1393 altari
1235 1330 1374 1393 abstulit
1401 1330 1597 1412 iniquitates
1624 1330 1826 1412 prophetae,
1842 1337 1875 1391 et

515 1448 655 1523 peccata
683 1434 866 1500 mundavit.
891 1433 957 1516 Qui
983 1435 1010 1496 si
1039 1435 1071 1496 in
1100 1433 1307 1497 credentium
1335 1433 1436 1497 corde
1459 1443 1618 1509 servetur,
1634 1453 1739 1515 usque
1769 1435 1874 1496 hodie

515 1544 624 1607 aufert
650 1541 856 1621 iniquitates,
881 1551 914 1602 et
940 1539 1081 1602 mundat
1108 1546 1255 1620 peccata,
1280 1547 1316 1600 ut
1345 1538 1455 1601 David
1480 1541 1546 1602 ait:
1573 1539 1634 1600 'In
1662 1537 1765 1601 corde
1798 1559 1875 1601 meo
1894 1553 1918 1588 ¹0

517 1645 679 1714 abscondi
696 1643 828 1726 eloquia
844 1653 911 1718 tua,
928 1655 1047 1706 utnon
1065 1662 1200 1725 peccem
1217 1641 1307 1706 tibi’

689 1811 1045 1918 FRAGMENTA
1075 1812 1302 1932 GRAECA
1335 1813 1390 1886 IN
1425 1812 1693 1887 PSALMOS.

1067 1945 1127 2017 Ps.
1155 1969 1189 2034 4.
1221 1966 1239 2036 7
1269 1970 1324 2040 sq.

558 2079 751 2172 'Eonpstu'rin
775 2078 818 2170 ἐρ’
842 2081 924 2167 ἡμᾶς
947 2077 982 2142 τὸ
998 2077 1062 2168 φῶς
1085 2079 1138 2141 τοῦ
1158 2076 1322 2167 προσώπου
1343 2102 1397 2141 σου
1419 2076 1520 2168 Κύριε·
1544 2075 1658 2154 ἔδωκας
1683 2077 1873 2169 εὐφροσύνην

514 2196 556 2268 εἰς
579 2191 635 2270 τὴν
658 2187 784 2280 καρδίαν
806 2190 891 2276 pou]
917 2183 994 2250 Θεοῦ
1011 2185 1175 2276 πρόσωπον
1191 2186 1222 2249 ἐν
1237 2187 1430 2276 χαρακτῆρσι
1447 2183 1650 2274 θεωρούμενον
1666 2179 1700 2248 οὗ
1718 2209 1773 2273 μοι
1790 2183 1874 2250 δοκεῖ

513 2298 614 2390 ἕτερον
635 2297 717 2386 παρὰ
737 2295 790 2368 τὰς
814 2294 922 2384 ἀρετάς
944 2293 1023 2357 νοεῖν
1038 2292 1054 2356 ὁ
1070 2290 1241 2382 nepopis-qe·
1260 2290 1384 2366 τκύτκις
1400 2293 1459 2382 γὰρ
1477 2291 1511 2356 τὸ
1528 2289 1606 2356 θεῖον
1618 2287 1696 2366 εἶδος
1713 2317 1869 2384 papaten·

515 2404 641 2496 ρίζεται.
669 2402 726 2466 Καὶ
749 2403 837 2466 τοῦτο
861 2398 966 2479 εἰπὼν,
991 2399 1026 2464 τὸ
1048 2397 1164 2464 τέλειον
1179 2397 1340 2491 γνώρισμα
1355 2401 1410 2477 τῆς
1427 2401 1536 2490 ἀρετῆς
1552 2396 1649 2491 λέγει.
1672 2399 1714 2463 Τὸ
1735 2403 1802 2492 quie
1818 2401 1869 2464 τοῦ
1888 2419 1909 2471 ¹5

514 2511 624 2598 Κυρίου
643 2510 659 2574 ὁ
679 2508 811 2600 Χριστός
835 2511 930 2587 ἐστιν,
951 2507 983 2582 ὃς
1006 2505 1056 2570 καὶ
1080 2502 1211 2582 ἐδίδαξεν
1231 2507 1313 2595 ἡμᾶς
1337 2507 1375 2570 τὰ
1399 2504 1492 2582 ὄντως
1513 2505 1623 2598 ἀγαθά·
1651 2506 1724 2572 itt
1746 2510 1799 2576 usti
1815 2509 1868 2586 τὴν

512 2621 624 2698 νοητὴν
641 2617 827 2710 εὐρροσύνην
843 2613 1033 2708 ἐσχήκαμεν,
1051 2613 1107 2691 τὴν
1124 2609 1166 2688 εἰς
1183 2613 1252 2676 νοῦν
1268 2613 1318 2677 καὶ
1335 2609 1470 2704 καρδίαν.

1097 2755 1156 2830 Ps.
1189 2778 1221 2849 5,
1253 2777 1284 2848 7.

551 2890 690 2968 ’Ἀπολεῖς
715 2894 829 2966 πάντας
853 2888 922 2965 τοὺς
944 2885 965 2953 λ
986 2887 1114 2964 iusisse<
1137 2887 1171 2952 τὸ
1196 2887 1332 2978 disiice]
1362 2889 1425 2954 Οὐκ
1449 2891 1542 2970 einis,
1568 2891 1637 2966 τοὺς
1669 2889 1863 2972 >tuitiensem

544 3042 760 3104 7dieereldiceret
770 3041 800 3091 C.
902 3039 1059 3101 serendarum
1081 3039 1106 3088 in
1127 3039 1176 3088 fine
1201 3047 1328 3104 expuncto
1351 3039 1380 3090 C.
1484 3053 1512 3104 13
1534 3041 1602 3091 Θεοῦ
1614 3057 1641 3092 κ.
1654 3057 1678 3094 τ.
1692 3041 1731 3106 λ.]
1756 3046 1861 3096 Excod,

510 3124 646 3174 ΤΙἪῙΜ·
671 3139 754 3188 gme-
780 3125 809 3172 Β·
836 3123 896 3171 VH·
922 3133 954 3184 30
979 3121 1062 3182 (ΞΤ),
1088 3121 1131 3170 sol·
1157 3129 1208 3184 30'.
1223 3121 1307 3171 Verba
1319 3121 1387 3172 Θεοῦ
1399 3118 1784 3194 πρόσωπον-ἄρετῆςλέγει
1795 3128 1863 3176 ,ffffi

511 3207 589 3266 Pitra,
613 3207 734 3256 Analecta
756 3221 828 3255 sacra
849 3213 868 3256 t.
894 3205 945 3262 ΙΙΙ,
970 3204 1019 3266 376
1042 3204 1113 3264 (=P)
1142 3204 1208 3253 inter
1236 3204 1388 3264 Eusebium,
1414 3221 1464 3254 non
1494 3213 1578 3256 tamen
1606 3208 1661 3258 siue
1689 3209 1862 3260 satietatibus,

510 3288 688 3356 Ἁαρακῖῆρΰῑ]
699 3289 753 3344 τοῖς
766 3289 819 3344 σοῖς
832 3287 906 3336 inser.
923 3287 949 3336 P.
1051 3277 1084 3335 οὗ
1095 3301 1140 3348 μοι
1152 3284 1224 3336 δοκεῖ
1236 3280 1335 3355 ἕτερον]
1348 3286 1417 3336 Pitra
1429 3303 1479 3338 orn.
1494 3282 1527 3336 ui
1537 3297 1562 3338 et
1575 3281 1672 3356 ἕτερον.
1781 3291 1863 3356 ¹51s's'2

509 3367 600 3429 τοῦτο]
612 3364 642 3419 ἐκ
654 3365 751 3419 τούτου
765 3371 790 3417 Ρ.
895 3367 924 3417 18
936 3362 990 3417 Οὐκ
1002 3361 1084 3428 εἶπέν]
1097 3367 1163 3418 ibid.
1178 3367 1221 3419 iol.
1238 3381 1277 3432 3¹·

552 3481 924 3564 petistuli...etmundauii
936 3486 973 3543 Et
984 3484 1023 3544 ita
1035 3483 1158 3561 quidem
1212 3507 1280 3546 eum
1296 3506 1401 3547 sensus
1417 3489 1552 3563 accedat,
1565 3500 1594 3548 et
1610 3489 1786 3567 diligentius
1796 3511 1861 3552 cou-

509 3571 656 3646 Origenes
671 3589 706 3629 ex
718 3566 1158 3642 versioneipsiusHieronymi,
1211 3570 1380 3646 temptetur,
1416 3582 1445 3630 et
1480 3571 1595 3648 aliquid
1631 3570 1688 3631 sibi
1724 3574 1765 3634 de
1801 3573 1860 3634 eius

508 3652 609 3712 homil.
630 3673 642 3710 1
671 3661 700 3711 et
726 3671 743 3723 4
769 3648 798 3708 in
824 3648 943 3719 isaiam,
960 3667 1049 3724 quem
1066 3650 1160 3709 secuti
1212 3649 1365 3710 maiestate
1379 3652 1517 3712 adsumat
1533 3665 1562 3713 et
1577 3652 1719 3726 vindicet,
1731 3665 1762 3715 et
1778 3653 1858 3732 quasi

506 3745 577 3792 sunt
603 3731 738 3792 Hilarius
761 3742 790 3790 et
815 3730 1014 3791 Cassiodorus
1024 3753 1033 3804 ;
1049 3730 1160 3790 Noster
1210 3732 1250 3791 de
1261 3732 1352 3791 radiis
1363 3732 1433 3794 solis
1445 3735 1576 3794 calorem
1588 3735 1753 3811 quemdam
1767 3737 1858 3814 spien-

507 3835 587 3886 vero,
614 3814 801 3890 ubicumque
826 3831 881 3872 suo
906 3809 1029 3870 nomine
1058 3811 1160 3872 scribit
1211 3815 1379 3889 dotemque
1401 3815 1523 3875 luminis
1548 3827 1710 3890 mutuetur,
1725 3829 1756 3876 et
1782 3818 1858 3878 dicat

507 3900 553 3958 vel
563 3892 796 3972 loquiturnertia
808 3891 1158 3970 semperiuxtagraecum
1212 3895 1367 3971 Sipuntem
1382 3904 1424 3956 est
1436 3908 1521 3974 super
1534 3915 1585 3956 eros
1598 3899 1694 3957 lernen
1707 3899 1807 3958 rrultus
1817 3898 1861 3956 tui

508 3979 600 4040 utitur
616 3996 750 4054 persona.
1210 3977 1363 4035 Domine'

551 4057 890 4139 11.u·ti]Ps.118,11.
1254 4062 1296 4117 18.
1327 4059 1381 4115 Οὐκ
1399 4055 1583 4140 sinisset]
1611 4061 1699 4122 Coni.
1729 4062 1852 4122 Hieron.

552 4162 594 4216 14,
614 4135 852 4219 χαρακτηρίζεται]
869 4137 997 4198 Pulchre
1015 4139 1155 4198 eamdem
1209 4158 1297 4216 supra
1314 4141 1378 4199 111²
1397 4159 1442 4216 13,
1456 4143 1493 4199 8:
1511 4142 1602 4200 ‘Non
1617 4141 1700 4212 dixit,
1714 4143 1776 4219 Qui
1792 4161 1855 4219 ope·

506 4224 687 4284 sententiam
755 4222 884 4298 explicat
942 4222 1155 4296 Hieronymus,
1209 4222 1263 4280 rati
1279 4232 1348 4280 sunt
1364 4221 1564 4298 iniquitatem,
1581 4225 1645 4298 sed,
1661 4225 1721 4298 Qui
1737 4243 1855 4303 operan-

506 4307 626 4367 Cotum.
642 4306 673 4364 in
689 4305 800 4381 Ephes.
819 4322 844 4378 3,
860 4323 893 4360 12
910 4303 960 4361 ubi
973 4299 1156 4361 enumeratis
1208 4315 1255 4362 tur
1270 4302 1459 4380 iniquitatem
1471 4305 1487 4364 ¹.
1507 4305 1646 4382 itemque
1661 4319 1729 4382 post
1745 4325 1854 4383 pauca:

506 4387 673 4460 virtutibus,
689 4386 803 4446 scilicet
825 4385 948 4456 ratione,
964 4383 1097 4454 veritate,
1113 4401 1157 4442 sa·
1208 4385 1255 4444 ‘Si
1271 4397 1370 4445 autem
1387 4385 1572 4462 quicumque
1588 4385 1721 4463 loquitur
1737 4388 1855 4450 mendu-

506 4467 627 4546 pientia,
644 4468 764 4540 iustitia,
778 4468 818 4527 ita
833 4465 1023 4543 prosequitur
1036 4489 1042 4524 :
1056 4469 1062 4496 ‘
1075 4465 1156 4540 Quo·
1207 4465 1286 4525 cium
1299 4467 1357 4526 iam
1369 4465 1443 4542 perit
1452 4478 1481 4527 et
1493 4466 1606 4528 occidit
1617 4468 1750 4528 animam
1762 4487 1851 4536 suam,

506 4552 600 4610 modo
615 4551 690 4609 haec
705 4548 792 4609 uobis
807 4549 943 4608 tribuunt
959 4546 1101 4606 fiduciam
1116 4546 1155 4606 ad
1206 4567 1312 4608 omnes
1333 4559 1433 4608 autem
1459 4549 1638 4609 mentimur:
1663 4569 1736 4628 ergo
1753 4567 1851 4612 ornnes

507 4635 616 4704 Deum,
632 4629 675 4690 sic
701 4641 730 4692 et
755 4649 929 4691 accessum:
954 4643 986 4690 ut
1002 4641 1102 4689 noster
1116 4630 1154 4687 ad
1207 4628 1370 4708 peribimus
1382 4629 1413 4687 i’
