4154 5494
449 413 536 472 210
830 409 858 466 S.
884 406 1136 468 HIERONYMI
1160 407 1424 469 PRESBYTERI

452 639 564 694 nutem
582 647 712 710 semper
729 645 789 690 nos
805 634 968 708 quaerunt
985 634 1131 707 peccata,
1144 643 1204 688 nos
1218 625 1411 690 festinemus
1424 635 1461 690 ut
1477 644 1543 688 non
1556 643 1617 688 nos
1627 623 1808 690 inveniant.

454 732 549 794 Haec
565 741 676 794 autem
691 729 850 792 distantia
866 736 916 790 est
933 729 1017 791 inter
1035 727 1168 791 dolores
1182 728 1297 792 mortis
1313 739 1346 793 et
1363 729 1509 812 pericula
1527 727 1659 792 inlerni:
1675 727 1807 792 dolores

453 833 568 898 mortis
585 834 692 896 malae
716 832 936 914 cogitationes
959 841 1046 910 sunt,
1062 831 1207 914 pericula
1223 830 1341 914 inlerni
1357 852 1459 916 opera
1484 831 1572 896 mala
1588 840 1675 896 sunt.
1693 831 1740 896 Ut
1757 840 1808 894 est

451 948 563 1003 autem
580 935 805 1001 dicamzaliud
823 936 854 998 in
872 935 1008 1012 theoria,
1018 934 1107 998 aliud
1123 933 1154 997 in
1168 954 1276 1016 opere,
1289 934 1351 998 hoc
1368 945 1418 999 est
1434 936 1467 1000 in
1485 935 1639 1019 practice.
1652 935 1704 1000 Ibi
1717 934 1806 999 enim

451 1041 547 1105 dolor
562 1051 596 1104 et
613 1038 798 1123 parturitio,
812 1037 866 1101 hic
882 1049 993 1103 autern
1012 1037 1193 1122 periculum
1211 1047 1262 1101 est
1272 1038 1416 1103 vicinum
1434 1041 1542 1104 morti.
1843 1057 1860 1110 5

500 1143 530 1206 T
527 1143 755 1208 ribrrlationem
771 1153 801 1207 et
815 1145 954 1209 dolorem
971 1143 1089 1208 inveni.
1107 1144 1191 1207 Rem
1210 1163 1330 1208 novam
1347 1145 1437 1210 dicit.
1459 1143 1536 1208 Non
1553 1143 1645 1220 dicit,
1659 1142 1806 1225 requiem

450 1246 575 1311 inveni:
587 1267 651 1311 non
669 1247 758 1324 dicit,
768 1247 975 1313 saturitatem
994 1247 1156 1312 inveni.Si
1172 1257 1284 1310 autern
1301 1247 1453 1324 dixisset,
1464 1247 1593 1310 invenit
1606 1266 1659 1310 me
1671 1245 1807 1310 tribula-

450 1352 505 1428 tio,
522 1351 648 1415 invenit
665 1369 718 1414 me
733 1350 837 1429 dolor,
854 1373 920 1415 non
937 1362 1007 1416 erat
1023 1351 1183 1434 quaestio.
1197 1349 1295 1414 Nunc
1312 1361 1424 1416 autern
1442 1351 1522 1434 quid
1539 1350 1638 1414 dicit?
1654 1347 1806 1413 Tribula-

449 1455 574 1520 tionem
591 1465 625 1519 et
641 1455 790 1519 dolorem
807 1457 927 1521 inveni.
938 1457 1043 1540 Quasi
1056 1475 1218 1540 quaerens
1234 1456 1281 1520 sie
1298 1457 1438 1521 invenit:
1450 1475 1516 1520 non
1529 1455 1619 1519 enirn
1633 1455 1807 1532 invenitur,

450 1560 511 1622 nisi
539 1560 628 1643 quod
656 1559 833 1642 quaeritur.
852 1559 995 1625 Sanctus
1023 1580 1089 1624 non
1117 1560 1246 1644 quaerit
1274 1561 1431 1644 requiem,
1454 1560 1511 1624 sed
1541 1559 1806 1624 tribulationem:
1827 1579 1861 1620 ιο

449 1664 541 1728 novit
568 1663 656 1726 enirn
684 1663 841 1746 qnoniam
873 1664 1065 1728 ‘tribulatio
1092 1663 1288 1746 patientiam
1314 1673 1480 1746 operatur,
1506 1662 1667 1745 patientia
1694 1675 1806 1726 autem

448 1765 689 1851 probationem,
715 1768 868 1849 probatio
885 1788 962 1832 vero
977 1788 1082 1851 spem,
1097 1787 1173 1852 spes
1189 1779 1299 1830 autern
1318 1789 1383 1831 non
1401 1767 1575 1831 confundit
1590 1766 1605 1830 ¹.
1629 1765 1711 1830 Tale
1726 1766 1805 1849 quid

447 1870 529 1934 etin
552 1869 723 1933 Hieremia
747 1871 889 1935 dicitur:
914 1870 1216 1946 ‘Tribulationem
1242 1871 1359 1953 inquit,
1375 1882 1408 1936 et
1426 1872 1590 1934 miseriam
1623 1871 1773 1934 invocavi
1790 1869 1805 1934 '.

447 1979 453 2005 ‘
471 1973 650 2057 Quoniam,
666 1974 783 2057 inquit,
799 1993 914 2039 amaro
930 1985 989 2040 tuo
1005 1975 1107 2038 verbo
1120 1973 1235 2038 ridebo
1251 1975 1277 2037 ¹:
1294 1975 1356 2038 ltoc
1373 1986 1435 2052 est,
1451 1977 1483 2038 in
1501 1975 1563 2039 hoc
1580 1974 1713 2039 saeculo
1726 1974 1805 2038 nihil

446 2077 536 2142 aliud
554 2076 631 2140 volo
647 2075 709 2140 nisi
726 2076 985 2156 tribulationem,
1003 2091 1037 2144 ut
1055 2080 1087 2143 in
1105 2079 1215 2143 futuro
1232 2081 1380 2164 requiem
1398 2081 1539 2144 habeam
1553 2089 1587 2144 et
1605 2078 1806 2144 felicitatem.
1826 2101 1837 2140 r
1842 2100 1859 2155 5

448 2179 493 2244 Et
510 2189 695 2263 propterea,
712 2179 828 2263 inquit,
845 2202 933 2246 nunc
945 2181 1202 2246 amaritudinem
1220 2183 1377 2260 sustineo,
1388 2193 1425 2247 ut
1443 2193 1560 2267 postea
1575 2184 1725 2247 dulciora
1736 2203 1806 2246 sus·

446 2285 580 2351 tineam.
597 2285 644 2349 Et
659 2285 801 2367 populus
819 2285 956 2348 Domini
973 2285 1015 2348 de
1031 2285 1192 2368 Aegypto
1218 2286 1393 2367 egrediens
1411 2287 1549 2352 venitin
1576 2287 1700 2366 Merra,
1714 2287 1804 2370 quod

441 2392 681 2474 interpretatur
697 2411 820 2469 arnara,
835 2402 869 2456 et
884 2393 927 2456 de
944 2391 1056 2455 Merra
1078 2392 1111 2455 in
1138 2391 1230 2468 Sina,
1245 2394 1334 2475 quod
1365 2392 1601 2473 interpretatur
1617 2388 1804 2471 temptatio.

447 2494 492 2559 Et
508 2496 627 2559 iterum
655 2494 865 2560 Hieremias:
888 2495 1013 2562 ‘Solus
1029 2494 1197 2573 sedebam,
1218 2495 1378 2578 quoniam
1407 2494 1630 2559 amaritudine
1657 2491 1803 2576 repletus

446 2619 534 2665 eram
551 2600 567 2664 ¹.
1613 2619 1618 2629 ·
1691 2681 1693 2684 Ι
1822 2623 1859 2664 ao

492 2703 521 2770 0
536 2705 677 2770 Domine
690 2705 793 2771 libera
807 2705 956 2770 animam
971 2725 1086 2769 meam.
1103 2703 1346 2788 Proprietatem
1363 2700 1509 2768 hebraici
1525 2719 1663 2782 graecus
1679 2711 1712 2764 et
1729 2699 1800 2764 lati·

446 2830 507 2874 nus
531 2812 719 2894 exprimere
736 2831 802 2875 non
820 2819 968 2893 possunt.
996 2810 1060 2873 Pro
1075 2831 1093 2872 o
1109 2809 1140 2872 in
1158 2808 1302 2872 hebraeo
1318 2807 1420 2871 habet
1436 2819 1553 2869 ΑΝΝΑ.
1571 2803 1673 2868 Anna
1688 2813 1799 2866 autem

442 2915 682 2998 'interpretatur
697 2935 778 2998 rogo
794 2925 827 2979 et
843 2915 1010 2995 deprecor.
1027 2913 1073 2976 Et
1097 2914 1187 2995 quod
1204 2913 1285 2976 dicit
1302 2911 1365 2976 hoe
1381 2920 1453 2974 est:
1470 2909 1630 2992 deprecor
1646 2908 1802 2985 Domine,

447 3018 548 3082 libera
561 3020 708 3083 animam
727 3038 844 3083 meam.
860 3018 936 3082 Non
950 3027 1001 3081 est
1017 3018 1105 3080 enirn
1124 3017 1283 3093 mirantis,
1295 3017 1352 3080 sed
1371 3014 1581 3097 deprecantis
1596 3011 1735 3076 affectus
1748 3033 1755 3076 :
1768 3011 1800 3074 in

447 3123 574 3204 ingenti
591 3124 679 3186 enim
708 3122 854 3207 periculo
878 3121 1081 3186 constitutus
1108 3130 1165 3184 est.
1182 3119 1374 3184 Misericors
1399 3117 1563 3181 Dominus
1586 3127 1617 3180 et
1643 3117 1757 3192 ircsms,
1773 3126 1805 3178 et
1822 3141 1858 3195 25

448 3227 540 3292 Dens
554 3238 661 3291 noster
675 3228 853 3292 miseretur.
870 3227 971 3309 Erige
981 3245 1086 3302 aures,
1098 3234 1272 3307 peccator:
1289 3223 1474 3288 misericors
1485 3232 1535 3285 est
1547 3219 1722 3284 Dominus.
1733 3218 1801 3284 Sed

481 3427 708 3489 einrer·]0m.SG.
811 3433 1121 3495 3est]inAernsumcst.
1221 3429 1339 3479 bnouem
1350 3428 1422 3490 dicit]
1434 3444 1460 3478 n.
1471 3429 1524 3477 dico
1535 3427 1567 3478 G.
1672 3427 1803 3490 terriiebo]

442 3513 619 3564 ¹re'deoCcorr.
703 3508 1188 3579 m·nr·1]nonC;qnidp;212·erpost
1200 3525 1292 3560 eras·
1352 3511 1478 3572 15alinei]
1495 3510 1710 3574 Gem.sup.lin.
1725 3510 1799 3560 inser.

448 3613 505 3646 non.
608 3597 637 3644 in
649 3591 754 3660 saturo]
772 3597 801 3643 in
812 3595 939 3660 sutrrrrcm
962 3593 1026 3662 pot.
1130 3593 1159 3640 16
1175 3587 1322 3649 sustineam]
1341 3598 1479 3642 sustentem
1492 3593 1556 3650 GL;
1570 3600 1717 3656 promerear
1728 3590 1801 3658 βΑΒ.

451 3690 478 3740 17
492 3675 591 3735 cllerro]
602 3677 689 3742 scripsi
702 3677 771 3726 iuxta
784 3689 858 3737 ιω
872 3693 939 3727 mera
952 3677 988 3735 li3
1002 3692 1109 3725 mersum
1123 3677 1140 3724 S
1153 3693 1159 3734 ;
1171 3683 1239 3723 terra
1251 3674 1273 3724 G
1286 3691 1293 3733 ;
1307 3675 1385 3723 Mara
1398 3673 1485 3741 ,unct
1584 3673 1614 3724 18
1625 3669 1724 3733 amara]
1734 3689 1803 3722 ama·

450 3762 533 3810 ritncio
547 3759 569 3826 β.
661 3761 689 3809 de
701 3761 799 3821 Merra]
811 3759 841 3808 cie
851 3776 918 3807 mera
932 3758 1008 3816 B3de
1019 3757 1188 3814 nrerraS3cie
1198 3771 1288 3804 amara
1299 3756 1331 3804 G.
1428 3767 1455 3802 21
1471 3750 1592 3812 hebraici]
1603 3754 1712 3804 hebraice
1725 3756 1803 3815 BG1;

449 3843 588 3891 hebraicam
601 3841 621 3890 C
635 3849 649 3889 2
662 3858 694 3890 m.
709 3857 762 3905 sup.
778 3841 812 3890 lin
825 3858 832 3900 ;
844 3840 970 3888 hebraicae
981 3839 1084 3900 linguae
1097 3835 1120 3902 β.
1207 3849 1237 3895 24
1249 3830 1378 3892 nn'rantr's]
1389 3839 1499 3887 vocarrte'r
1512 3836 1598 3906 pant.
1690 3839 1721 3888 26
1733 3841 1804 3888 nrise·

450 3921 530 3983 retur]
543 3925 699 3973 miserebitur
711 3921 735 3990 β.

497 4127 539 4166 12.
557 4126 613 4165 nore
629 4101 788 4185 confundit]
805 4107 893 4164 Rom.
911 4121 938 4180 5,
955 4123 982 4178 3·
985 4119 1012 4178 5.
1157 4111 1235 4158 tatus
1249 4109 1293 4158 est
1311 4099 1428 4160 Obsecro
1438 4101 1565 4160 Domine
1574 4101 1664 4158 libera
1674 4101 1805 4160 am'mam

499 4209 508 4246 r
516 4209 543 4265 3.
558 4183 706 4267 r‘nvocavi]
723 4188 829 4247 Ieretn.
850 4203 893 4262 15,
915 4205 924 4242 r
933 4187 974 4262 5?
1157 4200 1284 4238 eneam...
1304 4179 1332 4238 in
1350 4180 1478 4241 hebraeo
1492 4180 1628 4241 scribitur
1639 4198 1729 4240 anun
1743 4183 1758 4240 ’.

499 4291 543 4342 14.
560 4265 666 4348 ridebo]
682 4269 751 4328 ibid.
774 4269 833 4325 16?
1199 4281 1245 4332 24.
1262 4262 1438 4338 deprecantis
1450 4257 1577 4342 efferim]
1593 4263 1719 4323 Hieron.
1732 4262 1802 4324 ibid.

499 4369 542 4425 19.
560 4352 681 4426 repletus
694 4345 786 4428 eram]
803 4348 872 4408 ibid.
895 4365 938 4422 ¹7·
1158 4361 1186 4401 n.
1200 4361 1216 4418 5
1235 4342 1296 4402 ‘ita
1311 4343 1440 4404 Hebraei
1456 4341 1667 4420 interreliquas
1680 4343 1806 4422 proprie·

498 4452 543 4491 22.
560 4433 645 4490 habet
657 4427 762 4511 Artem]
781 4429 905 4490 Hieron.
921 4447 966 4506 ep.
985 4447 1032 4500 20,
1045 4445 1104 4502 n.3
1158 4435 1232 4482 tates
1258 4423 1376 4500 linguae
1398 4443 1470 4484 suae
1494 4423 1604 4484 habent
1630 4423 1806 4484 interiectio-

458 4518 465 4545 ‘
480 4514 675 4590 Symmachus
690 4512 813 4589 igitur...
832 4509 860 4569 in
877 4507 1041 4569 centesimo
1056 4508 1105 4566 de·
1157 4523 1236 4578 nem,
1253 4516 1284 4564 ut
1309 4507 1432 4581 quando
1457 4507 1561 4564 volunt
1577 4503 1741 4565 Dominum
1757 4505 1805 4566 de-

456 4595 537 4654 cimo
551 4605 658 4670 quarto
673 4595 796 4670 psalmo,
814 4592 864 4650 ubi
879 4591 986 4651 dicitur
1003 4589 1105 4649 ODo-
1157 4585 1277 4662 precari,
1294 4597 1406 4663 ponant
1417 4587 1539 4646 verbum
1551 4583 1678 4664 petentis
1689 4587 1805 4660 affectu,

457 4678 534 4735 mirre
547 4676 638 4734 libera
652 4677 782 4733 anr'mom
797 4693 897 4744 eneam,
913 4671 953 4731 ita
968 4671 1106 4747 interpre-
1156 4678 1185 4727 et
1199 4665 1300 4728 dicant
1315 4680 1405 4722 mune
1422 4668 1548 4728 Domine
1562 4667 1577 4726 '.
