4154 5494
473 384 550 464 180
844 405 873 465 s
898 405 1152 466 arnxonrnr
1175 407 1440 470 nnnsarssnr

907 673 981 746 DE
1013 672 1238 750 PSALMO
1267 676 1393 752 CVll.

513 875 682 941 Canticum
691 875 818 957 psalmi
830 875 952 941 Dauid.
970 878 1146 944 Canticum
1164 903 1295 966 semper
1314 883 1451 948 retertur
1467 884 1498 948 in
1516 905 1660 962 sensum,
1676 881 1824 968 psalmus

467 1003 544 1046 vero
570 981 707 1044 refertur
731 983 763 1046 in
795 983 987 1065 corporalia.
1019 984 1068 1049 Ut
1094 997 1205 1051 autem
1235 987 1442 1053 manifestius
1470 988 1630 1065 dicamus,
1654 987 1822 1051 canticum

466 1089 499 1149 in
527 1085 689 1149 theoriam
716 1084 862 1163 refertur,
886 1088 1035 1169 psalmus
1063 1099 1174 1154 autem
1205 1078 1235 1155 in
1268 1094 1445 1174 practicen,
1474 1091 1538 1154 hoc
1568 1099 1620 1155 est
1650 1091 1683 1153 in
1715 1110 1823 1174 opere.

468 1191 634 1274 Quoniam
652 1209 732 1272 ergo
748 1191 779 1252 in
797 1190 895 1254 titulo
911 1193 1149 1274 praescriptum
1173 1205 1232 1271 est,
1249 1195 1424 1260 Canticum
1442 1193 1570 1278 psalmi,
1586 1203 1674 1257 recte
1690 1203 1723 1258 et
1745 1212 1823 1257 con·
1859 1215 1875 1267 5

466 1304 642 1378 sequenter
660 1296 690 1358 in
709 1297 855 1358 secundo
872 1296 1033 1359 versiculo
1049 1297 1105 1376 ait,
1121 1299 1275 1364 Cantabo
1290 1311 1323 1364 et
1340 1301 1480 1383 psallam
1499 1299 1531 1362 in
1547 1297 1653 1382 gloria
1669 1317 1752 1362 mea.

510 1401 675 1464 Paratum
696 1421 868 1464 carrucam
885 1401 983 1478 Deus,
993 1411 1151 1482 paratam
1171 1425 1226 1467 cnr
1240 1426 1354 1470 eneam.
1375 1405 1513 1468 Paratus
1537 1423 1609 1466 sum
1633 1421 1698 1465 non
1716 1401 1824 1465 solum

467 1526 576 1589 opere,
592 1507 649 1568 sed
666 1505 767 1568 etiam
789 1508 889 1569 corde
913 1516 945 1568 et
962 1527 1070 1570 sensu.
1093 1508 1249 1573 Paratum
1267 1530 1324 1573 cor
1348 1529 1469 1584 meum,
1491 1508 1524 1570 in
1542 1527 1656 1570 sensu:
1671 1516 1824 1589 paratum

467 1631 523 1673 cor
540 1629 661 1686 meum,
676 1608 709 1671 in
726 1629 835 1692 opere,
845 1609 909 1672 hoc
920 1619 969 1672 est
983 1611 1014 1672 in
1027 1613 1180 1692 practice.
1192 1613 1359 1696 Quoniam
1373 1633 1438 1677 non
1452 1612 1559 1674 solum
1570 1612 1669 1674 corde
1682 1621 1716 1674 et
1727 1629 1824 1674 sensu

468 1716 576 1777 sedet
601 1715 633 1776 ln
657 1733 756 1796 opere
776 1723 910 1796 paratus
931 1734 1015 1788 sum,
1038 1727 1211 1798 propterea
1237 1729 1269 1782 et
1295 1719 1326 1782 in
1349 1719 1496 1781 secundo
1517 1716 1609 1780 dico:
1635 1715 1779 1781 Cantaba
1796 1724 1828 1779 et
1846 1738 1878 1776 ro

460 1817 604 1900 psallam
622 1818 777 1900 ingloria
794 1839 872 1881 mea.
891 1816 1055 1882 Cantaba:
1072 1820 1135 1884 hoc
1155 1833 1216 1899 est,
1232 1823 1263 1885 in
1286 1823 1384 1886 corde
1402 1841 1484 1884 meo.
1500 1820 1548 1883 Et
1563 1818 1715 1903 psallam.
1733 1818 1826 1883 Sicut

469 1920 660 2002 psalterium
679 1943 721 1984 ex
740 1922 852 1986 multis
868 1921 1000 1986 chordis
1021 1925 1232 2006 conpositum
1250 1936 1310 2003 est,
1323 1936 1355 1988 et
1372 1925 1398 1987 si
1416 1947 1482 1992 una
1503 1925 1629 1989 chorda
1645 1934 1742 2006 rupta
1758 1922 1826 1987 lue·

469 2023 519 2101 rit,
535 2025 777 2087 exterminatur
793 2026 1002 2107 psalterium;
1020 2032 1065 2093 ita
1082 2041 1115 2094 et
1131 2032 1163 2095 in
1180 2031 1311 2096 actibus
1329 2034 1449 2096 nostris
1465 2033 1491 2095 si
1509 2051 1610 2095 unum
1629 2030 1825 2094 mandatum

470 2129 702 2210 praetergressi
720 2129 886 2210 fuerimus,
899 2134 1092 2215 psalterium
1111 2147 1261 2200 nostrum
1279 2139 1451 2219 rumpitur.
1468 2137 1547 2199 ldeo
1563 2134 1660 2212 dixit,
1673 2133 1827 2200 Cantabo

469 2243 502 2296 et
519 2232 659 2315 psallam
676 2233 824 2316 ingloria
838 2258 919 2300 mea.
940 2238 976 2300 ln
990 2239 1062 2301 aliis
1073 2241 1243 2304 codicibus
1255 2241 1374 2324 legitur
1387 2241 1421 2304 r'n
1432 2241 1543 2323 gloria
1555 2249 1628 2304 tua:
1641 2241 1697 2302 sed
1711 2238 1827 2301 melius
1846 2256 1876 2310 ¹5

469 2347 518 2400 est
531 2337 713 2400 secundum
727 2337 916 2404 hebraicum
929 2341 1037 2423 legere
1054 2345 1087 2406 in
1098 2344 1209 2425 gloria
1224 2366 1301 2408 mea.
1313 2344 1413 2428 Quod
1427 2346 1516 2423 dicit,
1532 2346 1595 2409 hoc
1608 2354 1667 2408 est.
1685 2341 1828 2409 Cantaba

469 2453 501 2506 et
508 2441 652 2524 psallant
674 2443 829 2525 ingloria
846 2467 924 2510 mea
946 2447 1021 2510 Hoc
1040 2449 1185 2512 Domine
1202 2449 1291 2530 quod
1314 2449 1374 2513 tibi
1391 2448 1506 2531 psallo,
1527 2449 1616 2532 quod
1640 2446 1701 2511 tibi
1718 2457 1828 2524 canto,

471 2566 536 2609 non
560 2546 619 2609 tibi
637 2548 778 2627 gratiam
804 2549 899 2626 facio,
917 2551 974 2613 sed
994 2553 1082 2615 mihi.
1107 2553 1144 2614 In
1169 2552 1235 2615 alio
1257 2553 1344 2616 enim
1367 2555 1497 2636 psalmo
1522 2555 1623 2617 dicit:
1639 2553 1826 2637 ‘Quoniam

470 2651 633 2712 bonorum
652 2669 800 2714 meorum
819 2672 883 2714 non
902 2655 1008 2734 eges.’
1025 2653 1123 2737 Quod
1142 2676 1222 2737 ergo
1246 2655 1340 2734 facio,
1356 2679 1416 2739 pro
1433 2678 1486 2722 me
1508 2657 1602 2722 lario.
1620 2657 1720 2740 Quod
1738 2658 1825 2720 enim

471 2754 578 2816 servio
593 2752 663 2829 tibi,
684 2753 789 2834 gloria
809 2775 884 2818 mea
900 2769 958 2822 est.
985 2759 1195 2822 ieiunamus:
1214 2761 1374 2843 numquid
1397 2761 1522 2845 aliquid
1549 2762 1623 2824 Deo
1638 2762 1827 2824 donamus?
1845 2779 1878 2816 ω

470 2879 531 2940 pro
553 2857 696 2938 peccatis
721 2859 841 2922 nostris
863 2859 926 2923 hoc
950 2860 1097 2928 iacimus.
1117 2863 1268 2926 lacemus
1289 2865 1320 2928 in
1348 2886 1459 2930 sacco:
1480 2866 1561 2950 quid
1586 2887 1629 2929 ex
1648 2865 1711 2928 hoc
1735 2886 1824 2947 prae·

471 2973 596 3024 stamus
612 2961 778 3025 Domino?
791 2963 866 3026 Hoc
878 2973 1007 3028 tantum
1020 2966 1066 3029 illi
1078 2978 1293 3049 praestamus,
1304 2979 1339 3032 ut
1352 2969 1518 3033 salvemus
1535 2971 1664 3033 animas
1677 2981 1827 3032 nostras:
1920 2981 1927 2988 '

469 3067 540 3148 ipse
556 3066 643 3127 enim
667 3067 729 3128 hoc
750 3067 926 3133 desiderat.
951 3069 1045 3135 Sicut
1067 3071 1174 3134 bonus
1198 3081 1231 3133 et
1254 3072 1439 3134 misericors
1461 3074 1609 3137 medicus
1630 3074 1656 3135 sl
1681 3073 1826 3154 aliquem

469 3169 644 3246 sanaverit,
660 3171 784 3251 gaudet
806 3173 941 3253 quidem
958 3183 991 3236 et
1013 3173 1092 3254 ipse,
1109 3183 1140 3236 et
1159 3172 1211 3235 ille
1228 3173 1284 3256 qui
1308 3184 1444 3237 sanatus
1461 3185 1526 3240 est:
1543 3177 1589 3238 ita
1605 3185 1638 3238 et
1662 3177 1828 3241 Dominus

470 3283 590 3337 noster.
1845 3289 1875 3346 ²5

513 3375 662 3460 Exsurge
670 3378 866 3458 psalterium
879 3391 909 3443 et
923 3379 1058 3443 cithara.
1073 3379 1104 3445 Ο
1122 3379 1326 3462 psalterium,
1338 3401 1358 3443 o
1370 3381 1506 3461 cithara,
1517 3382 1604 3447 sacta
1620 3404 1655 3446 es
1671 3394 1703 3447 et
1716 3398 1828 3449 creata

468 3501 503 3543 es
520 3490 556 3542 ut
573 3480 695 3562 psallas
720 3481 808 3545 Deo:
830 3501 973 3564 exsurge
989 3493 1021 3544 et
1042 3482 1156 3564 psalle,
1177 3504 1279 3565 quare
1301 3483 1413 3546 iaces?
1436 3483 1656 3563 Omonache,
1678 3489 1733 3570 qui
1757 3498 1827 3552 stas

469 3604 614 3666 corpore,
627 3605 728 3666 quare
742 3587 825 3648 iacet
839 3585 950 3649 anima
966 3597 1032 3664 tua,
1049 3597 1082 3649 et
1096 3607 1159 3650 non
1179 3587 1291 3669 psallis
1306 3588 1453 3652 Domino
1463 3593 1495 3652 ?‘
1511 3589 1711 3654 Maledictus
1723 3591 1826 3656 homo

469 3689 525 3770 qui
547 3688 626 3752 lacit
648 3709 731 3771 opus
755 3691 817 3753 Dei
843 3689 1084 3772 neglegenter.'
1112 3693 1146 3756 Si
1167 3691 1358 3772 psalterium
1380 3713 1423 3770 es,
1448 3693 1476 3755 si
1503 3694 1629 3757 cithara
1654 3715 1699 3773 es,
1723 3716 1827 3778 quare

469 3791 587 3853 surdus
604 3811 648 3868 es,
663 3802 696 3855 et
713 3812 778 3855 uon
795 3792 961 3874 glorificas
985 3793 1122 3858 Deum?
1137 3795 1327 3878 Exsurgam
1348 3795 1496 3862 dilaculo.
1522 3795 1613 3861 Deus
1629 3798 1662 3861 in
1681 3799 1827 3863 tenebris
1844 3815 1875 3868 30

470 3892 620 3956 benedici
637 3904 669 3957 et
687 3893 813 3958 laudari
830 3915 896 3958 non
914 3906 1034 3978 potest,
1050 3899 1107 3960 sed
1126 3897 1157 3960 in
1173 3898 1245 3962 luce
1262 3897 1477 3964 benedicitur.
1496 3899 1580 3964 Rem
1597 3900 1674 3964 dico
1692 3903 1827 3967 miram:

505 4102 514 4138 1
530 4095 575 4136 DE
582 4092 798 4154 PSALMOCVH]
812 4092 884 4142 Brev.
895 4093 944 4144 col.
957 4106 1082 4158 1219sqq.
1152 4108 1166 4143 2
1179 4096 1280 4158 Dauid]
1290 4097 1369 4154 codd;
1382 4095 1433 4159 ipsi
1440 4093 1531 4142 Dauid
1539 4091 1563 4160 β.
1631 4095 1685 4156 ain
1695 4095 1828 4159 theoriam]

472 4169 518 4238 βΒ,
533 4172 561 4219 in
581 4173 717 4223 theoriam
730 4174 747 4225 S
757 4191 764 4232 ;
784 4175 820 4222 ad
834 4174 968 4224 theoricam
990 4175 1018 4234 C,
1033 4176 1188 4226 minoricam
1210 4179 1241 4226 G.
1343 4180 1372 4226 in
1385 4175 1522 4241 practerea]
1543 4180 1571 4227 la
1587 4181 1721 4242 practicam
1739 4181 1776 4240 S;
1796 4181 1831 4230 ad

465 4254 616 4318 pratkiclrerr
628 4257 660 4306 G.
762 4251 881 4321 inopere]
900 4258 966 4306 codd
978 4276 985 4316 ς
1007 4259 1035 4306 in
1054 4267 1127 4322 opera
1145 4257 1169 4325 β.
1272 4271 1285 4322 5
1293 4256 1488 4324 praescrrptnru]
1507 4262 1628 4326 arreptum
1647 4259 1671 4328 β.
1772 4264 1828 4324 9r'rr

466 4337 584 4399 practice]
597 4339 625 4386 in
632 4339 760 4402 practicen
773 4341 805 4388 A.
893 4351 923 4388 to
933 4345 957 4389 et
968 4341 996 4389 in
1008 4341 1122 4404 secunda]
1135 4343 1151 4390 S
1164 4357 1214 4390 om.
1229 4349 1253 4389 et
1263 4343 1300 4400 in,
1317 4339 1331 4408 β
1344 4357 1393 4390 om.
1409 4342 1446 4391 r'n.
1540 4354 1568 4390 12
1581 4344 1667 4407 rupta]
1679 4353 1782 4409 rumptu
1793 4346 1825 4396 G.

474 4420 658 4484 19em'm]erga
672 4419 696 4488 β.
766 4435 796 4470 22
809 4423 920 4485 tantum]
933 4429 1011 4472 tatum
1024 4424 1056 4474 G.
1091 4459 1096 4474 .
1134 4437 1165 4484 24
1173 4423 1276 4485 gatula]
1285 4423 1386 4486 gaudit,
1396 4425 1489 4485 gaudit
1499 4423 1598 4488 quidem
1611 4425 1637 4474 S.
1713 4426 1828 4489 aylacer]

471 4505 576 4562 tacerG.
660 4497 665 4504 ’
678 4518 709 4568 29
719 4503 789 4572 opus]
799 4513 872 4572 opera
884 4507 910 4558 S.
1012 4519 1040 4570 31
1054 4507 1117 4570 dico]
1128 4508 1208 4556 dicam
1221 4507 1251 4557 C.

515 4693 559 4750 19.
576 4671 715 4754 norreges]
732 4677 778 4735 Ps.
799 4691 843 4752 15,
862 4695 888 4736 2.
1218 4693 1263 4748 ²9·
1280 4669 1466 4754 neglegenter]
1484 4674 1589 4734 lerem.
1606 4677 1654 4746 48,
1674 4693 1715 4732 10.
