4202 5492
431 424 434 430 ’
471 413 528 494 90
846 413 874 470 S.
899 411 1154 472 HIERONYMI
1178 411 1443 470 PRESBYTERI

474 631 566 696 sortis
583 633 782 716 apparuerit,
798 631 843 695 ibi
860 631 1026 696 robustior
1042 630 1085 695 fit.
1102 631 1203 696 Ibunt
1216 630 1255 694 de
1270 629 1392 696 virtute
1408 631 1442 694 in
1469 631 1633 696 virtutem.
1652 633 1742 714 Ergo
1766 631 1827 696 nisi

472 736 526 799 hic
538 735 754 800 habuerimus
770 733 935 813 virtutem,
955 735 1000 800 ibi
1028 735 1184 799 virtutem
1214 737 1371 800 maiorem
1400 735 1522 799 habere
1548 756 1614 799 non
1644 755 1828 818 possumus.

473 839 593 922 Neque
609 838 696 903 enim
708 839 805 914 dixit,
818 839 912 902 ibunt
928 839 971 902 de
987 839 1202 902 inbecillitate
1219 839 1250 900 in
1268 838 1423 902 virtutem
1438 841 1524 918 :sed,
1537 841 1632 905 ibunt
1647 841 1691 905 de
1706 841 1827 904 virtute

473 942 512 1005 ln*
523 943 688 1006 virtutem.
705 941 766 1006 Vis
782 941 827 1004 ibi
844 962 916 1004 esse
933 941 1051 1006 iortis?
1067 953 1144 1006 ante
1161 942 1213 1006 hic
1230 950 1303 1007 esto
1327 942 1429 1008 iortis.
1445 943 1506 1007 Vis
1523 944 1567 1007 ibi
1583 945 1733 1008 coronari
1747 949 1760 1008 1
1774 944 1827 1007 hic

473 1063 596 1126 pugna.
619 1043 719 1108 Ibunt
733 1043 773 1106 de
792 1045 914 1120 virtute
930 1046 965 1108 in
980 1045 1143 1110 virtutem.
1169 1047 1348 1109 Possumus
1369 1055 1403 1110 et
1419 1048 1514 1112 aliter
1529 1049 1646 1114 dicere.
1662 1054 1669 1082 ‘
1686 1049 1827 1130 Xpistus
1844 1067 1846 1072 ·
1865 1061 1878 1111 5

473 1146 538 1210 Dei
554 1147 657 1212 virtus
673 1158 707 1211 et
731 1148 795 1212 Dei
813 1147 977 1230 sapientia
988 1148 1003 1210 '.
1020 1147 1087 1230 Qui
1112 1147 1165 1210 hic
1193 1147 1345 1213 habuerit
1370 1151 1537 1226 virtutem,
1556 1162 1589 1214 et
1621 1151 1666 1216 ibi
1691 1151 1827 1216 habebit

473 1252 579 1335 ipsam
596 1253 763 1316 virtutem.
779 1252 879 1315 Ibunt
892 1253 931 1315 de
946 1252 1068 1315 virtute
1083 1252 1118 1314 ire
1143 1251 1306 1316 virtutem.
1323 1252 1413 1336 Quid
1440 1255 1611 1320 habebunt
1639 1254 1728 1331 lucri,
1751 1275 1826 1319 cum

474 1358 570 1421 ierint
585 1357 628 1419 de
643 1357 765 1420 virtute
792 1358 824 1419 in
852 1356 1033 1418 virtutem?
1054 1355 1132 1436 quid
1157 1353 1328 1418 habebunt
1354 1358 1515 1437 praemii?
1546 1357 1717 1422 Videbitur
1738 1357 1828 1421 Deus

472 1458 605 1523 deorum
621 1460 655 1522 in
688 1458 778 1524 Sint.
794 1465 801 1491 ‘
819 1459 913 1522 Beati
942 1459 1068 1522 mundo
1092 1461 1202 1536 corde,
1225 1460 1384 1540 quoniam
1411 1461 1473 1543 ipsi
1502 1461 1612 1525 Deum
1640 1461 1801 1526 videbunt
1813 1461 1828 1524 ’.

474 1561 605 1630 Sufficit
622 1562 813 1639 victoribus,
823 1561 944 1625 sufficit
956 1561 1004 1624 eis
1020 1561 1077 1643 qui
1094 1563 1315 1644 pugnaverint
1329 1562 1428 1628 iacies
1441 1563 1555 1646 Xpisti
1570 1565 1699 1628 :Deum
1712 1565 1830 1642 videre,
1852 1581 1883 1618 ¹0

475 1667 604 1732 infinita
619 1687 743 1731 corona
759 1677 818 1732 est.
843 1666 1016 1730 Vidi-bitur
1036 1667 1127 1730 Deus
1152 1666 1284 1730 deorum
1312 1668 1347 1730 in
1364 1668 1455 1733 Sion.
1472 1665 1608 1750 Quanta
1622 1667 1749 1733 laetitia
1772 1678 1830 1744 est,

474 1779 599 1852 quanta
621 1768 771 1846 felicitas,
792 1769 837 1832 ire
861 1771 903 1833 de
924 1771 1044 1832 virtute
1061 1770 1093 1832 in
1122 1770 1289 1846 virtutem,
1304 1781 1336 1834 et
1364 1771 1427 1834 hoc
1451 1774 1561 1856 ipsum
1588 1773 1711 1838 habere
1736 1793 1829 1856 prae·

475 1875 589 1952 mium,
605 1885 642 1938 ut
658 1873 818 1957 Xpistum
832 1873 944 1936 videre
962 1873 1167 1937 mercamur!
1614 1887 1616 1894 ’

517 1979 685 2042 Protector
698 1986 806 2041 noster
818 1975 921 2058 aspice
936 1978 1034 2054 Deus,
1049 1987 1081 2040 et
1097 1977 1212 2068 respice
1228 1977 1395 2058 infaciem
1411 1979 1451 2041 X
1442 1979 1529 2060 pisti
1537 1979 1594 2044 tui.
1612 1979 1735 2046 Videte
1750 1979 1828 2064 quid

474 2083 574 2158 dicat,
590 2082 636 2146 Et
651 2083 777 2164 respice
793 2081 825 2144 in
843 2080 959 2143 faciem
977 2079 1089 2163 Xpisti
1107 2079 1164 2143 tui.
1182 2079 1226 2142 Et
1242 2080 1440 2160 deprecatur
1455 2082 1565 2159 homo,
1582 2094 1618 2146 ut
1636 2083 1732 2147 Pater
1744 2082 1829 2165 aspi·
1853 2099 1881 2154 13

475 2187 542 2251 ciat
564 2186 734 2250 infaciem
759 2185 843 2249 Filii.
859 2184 928 2249 Sed
946 2185 1022 2247 vide
1039 2183 1118 2266 quid
1136 2184 1233 2247 dicat.
1259 2181 1428 2266 Quoniam
1453 2185 1542 2249 dixit
1562 2186 1735 2269 apostolus
1750 2193 1757 2219 ‘
1774 2185 1829 2250 An

475 2291 744 2373 experimentum
757 2288 915 2370 quaeritis
931 2288 1001 2351 eius
1017 2289 1073 2369 qui
1091 2287 1123 2350 in
1141 2307 1194 2350 me
1212 2287 1355 2370 loquitur
1372 2289 1513 2372 Xpistus
1527 2291 1603 2354 i'et
1615 2310 1745 2356 rursum
1762 2291 1831 2373 ipse

474 2393 630 2460 Salvator
645 2393 733 2457 dixit
755 2391 846 2476 ‘Qui
875 2412 932 2456 vos
958 2391 1084 2474 recipit,
1100 2411 1153 2454 mc
1181 2391 1296 2472 recipit
1308 2393 1323 2468 ¹,
1348 2414 1428 2476 ergo
1454 2395 1517 2458 hoc
1545 2397 1701 2479 estquod
1725 2395 1831 2460 dicit:

476 2499 619 2582 Respice
632 2500 664 2562 in
683 2518 743 2561 nos
758 2521 766 2562 :
782 2500 813 2560 in
833 2495 928 2559 nobis
945 2496 1033 2559 enim
1047 2495 1182 2576 respicis
1199 2494 1320 2558 Filium
1338 2505 1444 2573 tuum,
1455 2496 1512 2580 qui
1529 2497 1659 2562 habitat
1677 2499 1709 2562 in
1727 2498 1829 2564 nobis.

520 2603 608 2683 Quia
625 2602 798 2666 meliorest
812 2601 881 2664 dies
907 2621 974 2662 una
1000 2600 1034 2662 in
1058 2599 1159 2662 atriis
1172 2598 1240 2662 tuis
1253 2612 1350 2681 super
1370 2601 1472 2664 milia.
1491 2601 1613 2665 Videte
1630 2602 1709 2684 quid
1733 2603 1831 2678 dicat,
1851 2625 1883 2660 20

474 2711 569 2775 ‘dies
586 2728 650 2772 una
668 2707 683 2776 '.
701 2709 801 2772 Putat
828 2704 947 2790 aliquis
975 2703 1021 2768 sic
1049 2702 1311 2784 intellegendum
1328 2727 1334 2767 :
1352 2703 1474 2768 Melius
1500 2703 1580 2768 mihi
1597 2714 1648 2768 est
1672 2705 1705 2768 in
1730 2723 1831 2786 regno

473 2813 639 2878 caelorum
656 2831 795 2894 parvum
812 2810 943 2885 habere,
959 2828 1060 2890 quam
1089 2807 1142 2868 hic
1170 2816 1288 2882 totum,
1303 2806 1366 2869 hoc
1383 2815 1434 2870 est
1458 2805 1489 2868 in
1515 2805 1579 2868 isto
1604 2806 1745 2870 saeculo.
1769 2805 1830 2869 Est

473 2918 609 2999 quidem
625 2925 659 2980 et
677 2918 738 2979 ista
761 2913 989 2996 intellegentia
1017 2931 1083 2975 non
1102 2909 1198 2976 mala.
1230 2909 1296 2974 Sed
1314 2929 1375 2972 nos
1391 2909 1542 2974 dicamus
1557 2934 1563 2974 :
1580 2909 1616 2974 Si
1634 2909 1739 2993 possit
1762 2908 1829 2973 fieri

474 3029 511 3084 ut
526 3019 645 3103 aliquis
667 3039 733 3082 una
756 3017 811 3081 die
826 3025 914 3082 esset
931 3017 963 3078 in
981 3031 1084 3098 regno
1100 3013 1277 3091 caelorum,
1293 3023 1326 3077 et
1351 3024 1467 3095 postea
1484 3015 1730 3097 praecipitetur,
1743 3023 1830 3077 recte

472 3122 619 3187 diceret:
636 3121 757 3185 Melius
773 3130 824 3184 est
839 3120 910 3184 dies
934 3135 1002 3180 una
1026 3117 1058 3178 in
1084 3113 1177 3179 atriis
1203 3115 1278 3180 tuis.
1304 3115 1403 3178 Nunc
1429 3135 1507 3178 vero
1532 3115 1622 3198 quod
1647 3115 1829 3180 dicit‘una
1849 3143 1879 3196 ²5

473 3227 544 3291 dies
557 3227 573 3306 ',
589 3226 651 3290 hoc
667 3234 718 3290 est
733 3225 823 3307 quod
840 3223 942 3288 dicit:
961 3221 1079 3302 Regna
1095 3217 1273 3296 caelorum,
1295 3239 1360 3283 una
1376 3218 1470 3296 dies;
1495 3238 1561 3281 non
1579 3217 1680 3283 habet
1697 3229 1828 3283 noctem

472 3342 506 3396 et
522 3330 684 3407 tenebras,
700 3309 758 3393 ¹sed
775 3347 906 3409 semper
919 3324 977 3388 lux
994 3334 1053 3388 est.
1070 3323 1136 3406 Qui
1153 3341 1232 3404 ergo
1249 3341 1313 3385 una
1330 3323 1384 3386 die
1408 3321 1440 3384 in
1458 3340 1562 3404 regno
1577 3321 1743 3386 caelorum
1760 3320 1828 3384 iue-

471 3435 522 3511 rit,
538 3454 669 3516 semper
684 3433 728 3496 ibi
742 3443 801 3496 est.

514 3537 612 3620 Elegi
624 3536 765 3600 abiectus
778 3556 844 3599 erse
859 3535 894 3598 in
916 3533 1009 3596 donia
1023 3531 1089 3594 Dee
1105 3529 1177 3608 mei,
1191 3549 1290 3612 quam
1306 3527 1455 3592 habitare
1477 3529 1512 3590 in
1532 3527 1749 3593 tabernaculis
1757 3539 1827 3612 pec-

470 3653 622 3708 catorum.
642 3642 718 3706 Hoc
734 3650 785 3706 est
809 3639 898 3730 quod
926 3637 1007 3702 dicit
1032 3636 1132 3700 etiam
1163 3634 1317 3700 Salvator
1341 3633 1384 3696 de
1411 3633 1580 3698 Iohanne:
1596 3632 1727 3698 ‘Amen
1752 3635 1829 3699 dico
1848 3666 1881 3718 30

470 3748 575 3825 vobis,
597 3746 755 3829 quoniam
784 3743 929 3808 innatis
957 3742 1131 3804 mulierum
1160 3759 1225 3803 non
1252 3748 1302 3802 est
1330 3739 1434 3802 maior
1462 3736 1613 3800 Iohanne
1645 3736 1799 3820 Baptista
1812 3738 1827 3803 ’.

472 3852 604 3916 Deinde
619 3851 700 3913 dicit
715 3849 793 3932 quia
809 3848 879 3930 ipse
891 3856 941 3910 est
957 3845 1104 3928 angelus.
1122 3845 1166 3907 Et
1182 3843 1302 3907 deinde
1315 3841 1426 3906 dicit:‘
1440 3840 1506 3923 Qui
1520 3849 1631 3904 autem
1650 3841 1756 3906 minor
1778 3850 1828 3905 est

507 4049 516 4086 1
522 4036 570 4103 fit]
581 4035 631 4101 ſset
642 4035 668 4086 S.
773 4045 802 4082 to
809 4030 994 4096 pugnaverint]
1010 4037 1190 4095 pugnaverunt
1203 4027 1227 4096 S.
1331 4029 1359 4076 16
1371 4026 1425 4088 An]
1445 4031 1477 4077 Α.
1491 4044 1541 4077 non
1554 4028 1575 4078 C
1588 4037 1675 4079 mutat.
1690 4029 1716 4078 in
1732 4045 1824 4080 annon.

473 4118 502 4168 18
513 4116 591 4177 dixit]
607 4117 669 4166 dicit
687 4116 738 4166 SG.
840 4125 854 4160 2
857 4126 871 4176 3
878 4108 967 4176 possit]
986 4111 1070 4170 codd;
1085 4118 1164 4174 posset
1177 4107 1200 4175 S.
1303 4121 1335 4170 24
1342 4105 1532 4174 praecipitetur]
1545 4112 1759 4174 praecipitaretur
1775 4111 1825 4180 Set

468 4201 542 4250 codrl.
558 4201 601 4249 cl>
614 4213 627 4247 2
641 4215 674 4248 m.
688 4215 717 4248 ex
725 4197 914 4260 praecipitetur.
1016 4205 1046 4257 25
1059 4187 1158 4248 melius]
1171 4193 1258 4240 melior
1268 4193 1308 4252 (or
1318 4191 1343 4240 in
1356 4195 1449 4252 rasura)
1464 4193 1490 4241 Ρ.
1592 4187 1636 4249 est]
1654 4193 1746 4245 Cadd.
1759 4195 1826 4245 enim

469 4283 500 4332 26
520 4281 619 4345 Regna]
639 4281 728 4330 at‘SG
739 4299 746 4339 ;
767 4279 922 4342 regnum&
943 4278 972 4325 ire
992 4291 1066 4338 regna
1087 4273 1125 4342 SP
1142 4287 1156 4322 2
1175 4291 1208 4324 m.
1309 4274 1370 4336 dies]
1383 4275 1400 4325 S
1412 4277 1471 4326 add.
1485 4285 1527 4328 est.
1629 4290 1659 4339 27
1678 4277 1712 4338 et]
1731 4293 1773 4326 nec
1792 4277 1824 4327 G.

469 4379 500 4427 29
511 4359 598 4428 quam]
610 4363 674 4414 codd
685 4381 692 4422 ;
705 4363 785 4426 iringis
796 4377 871 4426 quam
886 4357 910 4426 S.
1012 4369 1040 4420 31
1055 4351 1185 4420 quoniam]
1197 4372 1247 4406 nm.
1263 4357 1294 4405 G.

510 4512 710 4594 Sceptiana]
729 4534 740 4573 1
759 4513 828 4575 Cor.
850 4532 873 4584 1,
892 4530 937 4583 ²4·
1218 4511 1261 4566 18.
1280 4502 1388 4586 recepit]
1406 4508 1512 4567 Matth.
1533 4527 1577 4579 10,
1595 4527 1641 4580 40.

510 4617 537 4673 9.
554 4593 699 4676 videbunt]
716 4595 822 4655 Matth.
841 4611 867 4672 5.
885 4596 911 4652 8.
1215 4609 1260 4666 30.
1277 4591 1441 4648 Aurendico
1455 4585 1526 4669 etc]
1543 4589 1651 4649 Matth.
1672 4607 1716 4662 11,
1738 4608 1781 4648 11.

514 4697 559 4756 ¹7·
575 4679 696 4756 Xpistus
708 4673 732 4759 t]
750 4697 764 4737 a
782 4679 849 4740 Cor.
871 4693 916 4753 13,
933 4692 958 4752 3.
