4154 5494
610 437 864 504 macrinus
887 437 945 500 us
967 435 1136 502 rsnuno
1158 427 1317 504 cxxvn.
1562 414 1645 522 235'

290 657 495 740 interpretati
512 667 589 722 sunt
606 659 706 722 istum
725 657 834 722 locum
851 685 857 724 :
873 661 1042 724 ‘Labores
1058 659 1225 724 fructuum
1242 668 1374 724 tuorum
1393 656 1610 722 manducabis
1626 657 1642 720 '.

292 761 445 844 Denique
461 762 565 825 latina
587 761 794 844 exemplaria
811 763 857 828 ita
880 765 1006 828 babent
1021 789 1027 828 :
1045 763 1192 828 Labores
1216 764 1382 828 lructuum
1400 771 1532 827 tuorum
1550 781 1641 826 man·

269 943 273 948 ‚
290 864 434 929 ducabis.
452 865 520 930 Sed
537 883 597 928 nos
613 861 754 948 legimus
771 865 803 929 in
816 867 960 932 hebraeo
977 868 1023 931 ita
1039 868 1198 950 scriptum
1212 889 1219 931 :
1234 869 1381 932 Labores
1398 885 1557 930 manuum
1571 874 1642 929 tua·

291 989 362 1032 rum
376 967 602 1032 manducabis.
619 967 705 1050 Quis
720 971 809 1033 enim
827 969 956 1036 labores
980 972 1146 1036 fructuum
1165 969 1369 1034 manducat?
1387 968 1514 1051 Utique
1530 989 1549 1030 e
1564 987 1641 1031 con·

257 1095 271 1146 5
292 1073 390 1136 trario
412 1072 513 1136 debet
537 1071 695 1154 intellegi,
717 1073 796 1154 quia
811 1074 931 1158 aliquis
955 1075 1100 1140 fructum
1118 1075 1270 1138 laborum
1294 1091 1429 1136 suorum
1454 1070 1643 1146 manducet,

291 1189 323 1240 et
347 1196 411 1240 uon
436 1175 566 1240 labores
591 1195 750 1240 manuum
775 1198 919 1244 suarum.
944 1181 974 1243 E
997 1179 1164 1244 contrario
1189 1179 1278 1241 enim
1303 1174 1514 1258 intellegitur.
1532 1173 1642 1256 Magis

290 1280 377 1343 enim
394 1277 459 1343 dici
476 1289 587 1362 potest
602 1281 681 1362 quia
696 1281 816 1364 aliquis
833 1283 974 1349 fructum
1001 1284 1151 1348 laborum
1168 1299 1302 1346 suorum
1320 1279 1510 1356 manducet,
1526 1289 1559 1344 et
1577 1295 1641 1342 non

292 1383 419 1447 labores
436 1382 611 1448 fructuum.
627 1384 716 1467 Quia
732 1385 833 1468 igitur
857 1389 890 1451 in
908 1387 1054 1452 hebraeo
1081 1387 1128 1452 ita
1144 1389 1304 1472 scriptum
1333 1397 1393 1463 est,
1410 1386 1557 1450 Labores
1574 1404 1642 1449 ma·

291 1506 391 1550 nuum
418 1496 550 1551 tuarum
579 1489 805 1567 manducabis,
834 1512 897 1575 ego
922 1503 1005 1576 puto
1033 1493 1192 1576 quoniam
1222 1502 1256 1557 et
1287 1511 1405 1575 graece
1429 1487 1643 1574 septuaginta

242 1620 272 1657 ιο
292 1591 485 1674 interpretes
496 1591 528 1654 in
545 1591 610 1654 isto
626 1590 699 1656 loco
715 1593 800 1657 bene
812 1595 1019 1679 interpretati
1032 1607 1119 1661 sunt.
1134 1597 1256 1663 Manus
1269 1599 1357 1663 enim
1375 1597 1488 1679 lingua
1500 1594 1643 1658 hebraea

292 1709 355 1758 lnD
371 1696 491 1760 dicitur
505 1716 513 1773 ;
529 1695 562 1759 in
585 1695 650 1759 isto
666 1707 778 1760 autem
807 1697 881 1762 loeo
902 1720 968 1768 non
996 1700 1097 1764 habet
1114 1715 1191 1778 Ino,
1207 1704 1264 1766 sed
1291 1715 1398 1766 CAPH.
1415 1713 1511 1764 CAPH
1530 1708 1642 1763 autem

292 1801 525 1882 interpretatur
540 1797 667 1888 καρπός,
687 1819 752 1864 non
766 1802 894 1892 respnde,
908 1805 965 1868 sed
984 1825 1060 1888 pars
1072 1805 1184 1887 aliqua
1196 1826 1314 1870 manus
1330 1831 1336 1869 :
1352 1803 1517 1887 siquidem
1528 1799 1642 1892 καρπός

291 1908 409 1972 dicitur
424 1927 543 1991 graece
559 1903 664 1998 ἄρθρα.
686 1909 762 1972 Hoc
778 1909 820 1973 de
836 1911 1110 1993 interpretatione
1121 1911 1280 1976 diximus.
1294 1910 1440 1974 Labores
1457 1909 1557 1992 igitur
1574 1929 1642 1972 ma·

292 2036 392 2081 nuum
405 2027 537 2080 tuarum
551 2017 795 2081 manducabis!
808 2016 1048 2100 Unusquisque
1061 2019 1150 2100 quod
1164 2019 1385 2096 seminaverit,
1396 2016 1460 2081 hoc
1469 2027 1503 2080 et
1514 2024 1616 2080 metet
1627 2015 1642 2078 '.

240 2151 270 2204 ¹5
293 2123 379 2187 Ecce
394 2121 506 2196 lromo,
522 2131 555 2184 ct
568 2140 668 2204 opera
684 2121 762 2183 eius.
781 2121 873 2204 Ergo
889 2131 922 2186 et
943 2142 1003 2185 nos
1022 2121 1152 2186 labores
1169 2143 1327 2187 manuum
1344 2131 1532 2186 nostrarum
1550 2139 1642 2182 man-

290 2226 494 2291 ducabimus.
513 2225 550 2287 ln
580 2224 733 2288 manibus
759 2245 861 2308 opera
887 2225 1134 2310 intelleguntur.
1160 2227 1301 2292 Labores
1327 2247 1484 2290 rrranuum
1510 2235 1642 2286 tuarum

291 2329 506 2395 manducabis.
519 2327 619 2393 Dicat
630 2329 748 2413 aliquis
761 2353 768 2394 :
782 2331 873 2414 Ergo
885 2340 961 2413 post
973 2331 1245 2397 resurrectionem
1258 2328 1489 2396 manducaturi
1505 2331 1643 2392 sumus?

292 2436 367 2500 Hoc
382 2435 471 2498 enim
488 2433 609 2498 dicitur
636 2434 678 2497 de
694 2434 793 2498 beato
821 2436 900 2514 viro,
918 2436 1066 2500 Labores
1089 2456 1247 2502 manuum
1265 2447 1397 2502 tuarum
1415 2431 1642 2499 manducabis.

292 2540 366 2622 Ego
380 2538 444 2604 hoc
460 2538 536 2603 dico
548 2538 751 2622 simpliciter,
762 2539 922 2622 quoniam
936 2540 1038 2604 homo
1048 2561 1093 2604 ex
1105 2541 1234 2606 duabus
1247 2539 1443 2606 substantiis
1460 2546 1642 2622 conpactus

236 2677 273 2718 20
290 2657 349 2720 est,
364 2645 426 2707 hoc
451 2651 501 2706 est
527 2643 570 2706 de
585 2643 698 2708 anima
725 2653 758 2708 et
773 2665 920 2727 corpore.
948 2644 1075 2709 Anima
1102 2645 1287 2711 inmortalis
1315 2655 1375 2723 est,
1391 2663 1511 2726 corpus
1528 2651 1640 2707 autem

291 2749 438 2814 mortale.
452 2747 552 2832 Quod
570 2747 710 2812 mortale
722 2756 781 2826 est,
797 2769 930 2812 necesse
947 2757 998 2812 est
1014 2758 1095 2813 utet
1109 2750 1266 2815 mortales
1282 2751 1374 2816 cibos
1391 2750 1536 2826 habeat;
1552 2747 1641 2829 quod

290 2862 400 2918 autem
426 2851 603 2916 inmortale
619 2862 678 2926 est,
702 2851 764 2914 hoc
788 2861 839 2916 est
865 2852 986 2928 anima,
1003 2873 1089 2935 quae
1114 2854 1299 2921 inmortalis
1323 2865 1383 2934 est,
1398 2864 1432 2919 et
1448 2849 1643 2916 inmortales

288 2957 380 3022 cibos
407 2956 539 3022 habeat.
568 2954 680 3020 Vultis
702 2957 784 3022 scire
808 2957 966 3040 quoniam
995 2968 1028 3022 et
1044 2959 1157 3022 anima
1184 2959 1286 3025 habet
1310 2961 1402 3025 cibos
1430 2960 1535 3022 suos?
1552 2955 1644 3019 Dicit

291 3063 455 3126 Dominus
471 3071 572 3144 atque
589 3061 752 3139 Salvator,
767 3081 843 3126 cum
868 3063 1013 3128 esuriret.
1030 3063 1121 3146 Quid
1145 3065 1252 3129 dicit?
1267 3067 1275 3098 ‘
1293 3065 1390 3128 Meus
1418 3063 1512 3126 cibus
1529 3068 1589 3135 est,
1606 3068 1643 3123 ut

234 3203 269 3255 25
290 3166 407 3230 faciam
433 3164 639 3229 voluntatem
667 3165 736 3228 eius
763 3165 820 3247 qui
849 3186 902 3229 me
928 3166 1018 3230 misit
1034 3169 1051 3232 '.
1076 3169 1186 3232 Vultis
1214 3168 1298 3232 scire
1323 3189 1408 3252 quos
1423 3167 1515 3232 cibos
1542 3163 1643 3227 habet

288 3269 423 3334 anima?
440 3268 532 3333 Dicit
547 3269 644 3333 nobis
660 3281 694 3332 et
709 3270 871 3353 propheta
888 3293 894 3334 :
910 3275 917 3302 ‘
935 3269 1077 3336 Gustate
1103 3283 1136 3336 et
1153 3272 1263 3337 videte
1279 3273 1436 3356 qnoniam
1466 3272 1577 3336 suavis
1594 3279 1643 3332 est

322 3470 474 3540 sacriprrrm]
487 3473 573 3525 Sadd.
582 3489 639 3534 esse,
650 3473 673 3524 G
685 3480 726 3523 est.
805 3473 821 3524 6
832 3491 870 3538 sq.
883 3475 923 3524 Ita
934 3475 1007 3526 codd.
1024 3476 1145 3538 BClSG;
1159 3495 1179 3542 μ
1191 3494 1241 3529 orn.
1252 3486 1276 3529 et
1286 3495 1336 3528 non
1348 3479 1440 3529 labores
1452 3492 1576 3526 inermum
1587 3491 1606 3526 s.
1618 3475 1645 3526 E

287 3577 307 3610 c.
322 3575 341 3610 ι.
355 3561 373 3609 r'.
383 3559 421 3609 M.
435 3575 455 3609 e.
466 3559 491 3609 d.
501 3565 528 3622 p.
539 3558 602 3622 quia
611 3557 829 3622 aliquissructunr
841 3559 954 3609 laborum
965 3577 1069 3610 suorum
1083 3563 1221 3611 strandum.
1290 3572 1306 3622 9
1316 3567 1340 3608 et
1346 3556 1442 3624 graece]
1453 3565 1478 3608 et
1483 3559 1554 3624 greci
1563 3565 1588 3608 et
1598 3559 1641 3608 BI.

291 3657 322 3694 ro
331 3642 399 3702 leuel
409 3659 459 3692 orn.
475 3642 529 3692 BG.
634 3653 659 3689 ιι
670 3640 767 3702 CAPH]
780 3641 802 3689 Α
813 3658 820 3700 3
838 3642 915 3706 saaph
932 3642 1002 3702 nol,
1016 3644 1073 3694 corl.
1086 3643 1235 3708 Gratianop.
1247 3641 1313 3701 2183
1331 3641 1427 3706 ckaapk
1449 3642 1512 3704 pCP
1522 3659 1529 3701 3
1541 3641 1603 3706 clap
1615 3640 1641 3690 S.

291 3739 320 3776 ια
331 3719 443 3792 καρπός,
457 3739 507 3773 nors
519 3716 631 3790 separor,
645 3717 699 3778 red]
718 3722 790 3772 Hace
808 3725 884 3773 verba
895 3723 921 3772 in
941 3725 1028 3774 codice
1042 3725 1062 3775 C
1075 3736 1146 3776 erasa
1163 3733 1221 3774 sunt
1233 3741 1240 3783 3
1262 3721 1371 3772 llAllOC
1383 3737 1432 3771 non
1446 3722 1574 3772 llrlPll0C
1586 3721 1642 3770 AB.

287 3808 409 3874 siquidem
422 3801 536 3874 καρπός]
547 3822 598 3856 om.
613 3806 640 3856 S.
743 3817 772 3868 13
785 3799 879 3872 ἄρθρα]
890 3811 995 3853 ΑΡΟΡΑ
1008 3807 1101 3867 ACIP,
1112 3807 1168 3857 cod.
1184 3803 1332 3870 Gratianop.
1345 3804 1393 3854 218
1403 3821 1411 3864 ;
1421 3809 1526 3851 ΑΡΕΡΑ
1539 3803 1644 3868 μΒὸῦ;

287 3891 421 3957 genuinam
431 3889 564 3940 lectionem
574 3887 728 3952 deprehendi
737 3903 767 3936 ex
779 3889 835 3937 cod.
852 3887 927 3938 Paris.
943 3889 985 3938 lat.
1000 3890 1077 3952 12163
1091 3889 1131 3938 iol.
1142 3903 1182 3950 94,
1193 3887 1236 3938 ubi
1248 3887 1273 3936 in
1284 3888 1357 3954 epist.
1371 3885 1521 3952 Hieronymi
1531 3897 1562 3951 54
1574 3901 1598 3936 n.
1615 3899 1641 3934 11

287 3981 365 4038 «pepo
374 3981 399 4024 et
407 3979 531 4038 proapepa
547 3987 592 4036 pro
605 3965 688 4038 ἄρθρα
699 3979 724 4020 et
736 3965 874 4037 πρόαρθρα
886 3971 984 4034 legitur.
1086 3967 1147 4028 Hoc]
1162 3988 1181 4033 p.
1194 3971 1253 4020 add,
1269 3971 1343 4021 niodo.
1445 3966 1536 4034 igilur]
1548 3985 1598 4019 om.
1614 3985 1641 4032 μ.

288 4069 318 4106 21
332 4055 530 4117 necessesstlom.
546 4071 573 4117 μ.
675 4053 804 4114 azetlom
817 4052 864 4100 Gl.
966 4063 997 4114 23
1008 4048 1104 4109 heluat]
1113 4053 1183 4101 habet
1193 4053 1261 4116 uGl.

333 4243 376 4282 12.
386 4234 462 4301 pars
481 4223 584 4298 aliqua
599 4216 715 4300 ritanus]
732 4221 779 4278 De
799 4219 857 4279 hoc
872 4220 939 4290 loeo
992 4220 1099 4278 labores
1105 4220 1298 4295 fructuum...
1310 4239 1380 4279 cum
1392 4218 1422 4278 in
1434 4219 1491 4278 boc
1503 4219 1570 4278 loco
1583 4237 1643 4278 non

290 4305 413 4365 Hieron.
443 4306 482 4364 ad
512 4303 687 4362 Marcellam
711 4321 757 4379 ep.
789 4319 836 4376 34,
863 4321 890 4360 n.
923 4319 938 4377 5
992 4301 1178 4380 septuaginta
1202 4301 1386 4379 interpretes,
1409 4301 1462 4360 sed
1485 4299 1583 4360 Latini
1604 4301 1644 4360 de

290 4391 297 4417 ‘
322 4385 453 4446 Hilarius
485 4386 560 4445 ...de
582 4403 619 4444 eo
641 4385 717 4456 loco,
740 4382 770 4443 in
792 4401 854 4459 quo
874 4384 941 4442 scri·
993 4382 1090 4460 graeci
1100 4381 1180 4444 verbi
1191 4381 1384 4460 ambiguitate
1395 4381 1515 4460 decepti
1525 4382 1642 4456 καρπούς

289 4481 373 4546 ptum
382 4479 428 4529 est
436 4468 563 4528 Labores
564 4466 721 4541 smcturrm
732 4473 850 4524 tuorum
861 4485 941 4523 mcm-
983 4465 1103 4540 sructus
1118 4465 1211 4543 magis
1233 4484 1323 4542 quam
1340 4483 1444 4525 manus
1463 4460 1643 4541 interpretati

287 4549 412 4624 dumbr's,
434 4548 513 4612 varia
535 4547 675 4626 opinatus
699 4546 823 4608 asseruit
848 4545 941 4624 magis
993 4545 1644 4625 siquenmaspiretmanusquoquedicantur'.

288 4643 365 4693 stare
390 4632 578 4703 sententiam,
608 4629 632 4690 si
657 4628 803 4690 scribatur
823 4628 943 4705 fructus
1038 4649 1081 4703 14.
1105 4623 1199 4712 ructet]
1215 4631 1280 4690 Gal.
1298 4632 1326 4703 6,
1344 4647 1368 4706 7.

287 4715 420 4775 laborum
448 4713 577 4792 aliquem
608 4714 799 4787 manducare,
823 4723 851 4772 et
881 4731 941 4772 non
1037 4729 1081 4788 ²5·
1105 4711 1196 4790 rnr'sr't]
1213 4713 1256 4772 Io.
1271 4733 1297 4786 4,
1312 4732 1357 4789 34.
