4092 5502
402 397 482 478 342
782 401 810 460 S.
835 401 1089 462 HIERONYMI
1112 401 1377 462 PRESBYTERI

399 634 444 680 ex
461 623 555 699 parte
566 614 746 682 dissimilis
760 617 798 682 ln
811 616 868 682 illa
877 616 1016 683 historia
1028 619 1179 702 legimus,
1192 619 1282 702 quod
1296 619 1351 703 qui
1366 619 1454 701 pasti
1470 627 1557 694 sunt,
1573 618 1660 702 pasti
1676 629 1757 685 sunt

400 721 433 784 in
449 721 603 786 deserto:
631 721 664 786 in
693 721 757 786 ista
782 742 862 787 vero
884 721 1034 805 legimus,
1061 724 1150 806 quod
1178 723 1235 807 qui
1263 724 1350 805 pasti
1377 724 1513 801 suntin
1538 727 1653 788 mon'te
1669 724 1755 808 pasti

400 835 487 890 sunt.
512 825 660 890 Primum
689 825 766 891 volo
792 825 901 892 dicere
916 827 996 908 quid
1021 827 1065 891 sit
1088 828 1257 893 dissimile.
1284 827 1455 892 Debemus
1477 828 1567 892 enim
1592 827 1676 891 scire
1702 846 1758 892 ve·

401 951 461 996 nas
488 931 577 1015 ipsas
607 951 788 1015 carnesque
810 931 1056 1015 scripturarum.
1080 941 1116 998 ut
1143 953 1218 1000 cum
1237 932 1515 998 ¹intellexerimus
1545 933 1653 1015 ipsam
1680 931 1756 998 scri·

401 1045 545 1118 ptumum,
566 1044 683 1120 postea
709 1055 844 1102 sensum
860 1035 972 1102 videre
989 1037 1164 1120 possimus.
1181 1038 1233 1103 lbi
1250 1037 1392 1120 legimus
1408 1035 1486 1121 quia
1502 1037 1650 1121 quinque
1666 1035 1757 1102 milia
1795 1053 1809 1107 5

401 1138 522 1207 fuerint
538 1143 594 1225 qui
611 1141 698 1224 pasti
714 1149 792 1206 sunt
806 1163 814 1206 ε
830 1141 883 1207 hie
899 1161 978 1206 vero
993 1142 1136 1226 legimus
1151 1144 1242 1226 quod
1266 1149 1428 1225 quattuor
1443 1139 1535 1205 milia
1551 1139 1692 1208 luerunt.
1706 1139 1757 1206 Ibi

400 1243 543 1328 legimus
568 1247 659 1330 quod
684 1245 831 1329 quinque
857 1265 961 1329 panes
987 1245 1129 1312 luerint:
1145 1246 1199 1310 hic
1223 1247 1365 1330 legimus
1381 1246 1472 1329 quod
1499 1254 1628 1328 septem
1654 1263 1758 1328 panes

400 1353 529 1419 luerint
548 1353 598 1418 Ibi
615 1352 766 1434 legimus,
777 1349 961 1414 secundum
977 1350 1188 1434 evangelium
1200 1349 1372 1426 Iohannis,
1387 1348 1478 1431 quod
1495 1348 1644 1432 quinque
1653 1369 1757 1432 panes

400 1458 575 1523 hordeacei
592 1455 714 1522 inerint
727 1477 735 1519 :
750 1453 805 1518 hic
820 1472 899 1518 vero
923 1452 1065 1536 legimus
1091 1454 1181 1538 quod
1199 1453 1253 1519 isti
1269 1459 1521 1536 pedesseptem
1544 1451 1754 1518 frumentarii

400 1572 487 1630 sunt
499 1561 632 1627 Videtis
647 1557 870 1624 differentiam
886 1582 893 1625 ε
908 1560 1028 1626 videtis
1042 1562 1120 1644 quia
1135 1561 1245 1644 ipsum
1264 1568 1325 1638 est,
1340 1567 1376 1623 et
1393 1576 1459 1622 non
1476 1556 1586 1641 ipsum
1602 1565 1661 1623 est
1678 1557 1755 1622 Non
1779 1579 1811 1618 ιο

400 1665 561 1731 debemus
577 1665 677 1748 igitur
693 1663 872 1746 scripturas
894 1664 1109 1748 neglegenter
1134 1664 1251 1747 legere.
1269 1665 1347 1728 Hoc
1373 1661 1482 1726 solum
1496 1669 1549 1727 est
1570 1661 1757 1726 dissimile?

400 1770 481 1836 nihil
498 1779 548 1836 est
564 1768 677 1836 aliud?
693 1769 879 1834 Videamus
894 1769 974 1853 quid
991 1770 1154 1853 scriptura
1177 1771 1276 1834 dicat.
1294 1769 1345 1834 Ibi
1363 1766 1505 1848 legimus
1522 1766 1680 1849 quoniam
1697 1787 1755 1850 po·

401 1873 498 1958 pulus
513 1875 571 1958 qui
598 1873 744 1957 pascitur
759 1894 826 1938 una
850 1874 905 1938 die
920 1881 1051 1938 tantum
1076 1871 1139 1937 luit
1154 1891 1229 1937 cum
1249 1872 1324 1936 lesu
1338 1895 1347 1936 :
1361 1879 1396 1935 et
1417 1881 1607 1954 pascuntur,
1622 1891 1689 1936 non
1713 1872 1755 1936 ad

402 1978 583 2057 meridiem,
608 1978 667 2044 sed
693 1980 735 2045 ad
763 1999 947 2062 vesperam,
960 1978 1151 2045 declinante
1178 1978 1256 2043 sole.
1275 1979 1334 2042 lsti
1351 1997 1439 2052 vero,
1454 1976 1519 2042 hoc
1545 1987 1598 2042 est
1621 1985 1757 2062 quattor

402 2081 493 2147 milia
508 2081 565 2165 qui
577 2091 706 2166 septem
723 2083 865 2166 panibus
883 2092 1063 2166 pascuntur
1089 2081 1306 2148 frumenticiis
1320 2105 1328 2146 ε
1344 2081 1425 2165 quid
1448 2081 1530 2146 dicit
1545 2082 1590 2146 de
1605 2081 1669 2146 illis
1685 2083 1756 2166 ipse
1779 2101 1808 2154 ις

404 2187 506 2264 lesus,
522 2205 587 2252 non
604 2185 747 2269 apostoli
763 2187 849 2252 sicu't
866 2187 898 2251 in
915 2187 1101 2271 superiori?
1116 2187 1166 2252 Ibi
1182 2186 1272 2252 enim
1287 2183 1433 2270 apostoli
1449 2183 1587 2250 dicunt:
1605 2186 1756 2252 Eceedie

400 2301 473 2358 tota
488 2301 672 2374 expectant
688 2301 721 2356 te
736 2291 809 2372 ;hic
826 2311 904 2357 vero
919 2292 991 2374 ipse
1007 2291 1162 2357 Salvator
1184 2291 1354 2375 loquitur:
1371 2289 1460 2353 Ecce
1475 2289 1541 2353 iam
1558 2289 1671 2355 triduo
1685 2309 1755 2355 sus-

401 2396 510 2461 tinent
526 2415 587 2462 me.
603 2395 727 2461 Videte
747 2415 833 2480 quae
860 2397 903 2462 sit
918 2395 1105 2462 differentia
1129 2397 1215 2460 inter
1240 2414 1343 2460 unum
1360 2395 1448 2460 diem
1476 2405 1511 2460 et
1533 2404 1607 2460 tres
1638 2395 1689 2460 lbi
1712 2397 1756 2462 ab

401 2499 565 2584 apostolis
582 2499 748 2565 Dominus
765 2509 902 2582 rogatur
917 2509 954 2576 ut
969 2507 1086 2581 pascat
1100 2523 1108 2563 :
1123 2497 1177 2562 hic
1192 2497 1365 2582 apostolos
1380 2509 1573 2564 commonet
1589 2497 1756 2562 Dominus

402 2611 438 2668 ut
449 2611 596 2687 pascant.
609 2603 642 2667 H
647 2601 675 2668 ic
685 2604 764 2687 quid
777 2604 858 2668 dicit
868 2609 881 2666 Ρ
893 2604 921 2670 S
923 2603 937 2667 i
943 2603 1098 2667 dimisero
1107 2623 1159 2667 eos
1169 2603 1293 2668 ieiunos
1303 2603 1338 2667 in
1347 2603 1478 2672 domum
1489 2623 1595 2681 suam,
1602 2603 1755 2686 deficient.
1775 2625 1811 2664 ao

403 2705 506 2789 Digni
523 2717 618 2772 erant
644 2706 868 2772 sollicitudine
895 2707 1042 2784 Domini,
1058 2709 1114 2793 qui
1142 2707 1248 2772 tribus
1263 2707 1382 2772 diebus
1409 2717 1669 2790 expectaverant
1687 2707 1755 2772 Do·
1821 2731 1828 2742 ·

403 2809 539 2875 minum.
557 2809 689 2875 Deinde
701 2811 873 2876 videamus
889 2821 922 2876 et
937 2811 1010 2876 alia.
1028 2809 1186 2894 Quinque
1197 2810 1288 2876 milia
1303 2809 1476 2876 hominum
1493 2811 1639 2896 quinque
1652 2831 1755 2895 panes

350 2964 353 2968 .
401 2913 591 2990 comedunt,
606 2922 640 2979 et
666 2915 709 2978 de
724 2915 870 2998 quinque
894 2934 1018 2997 panum
1042 2915 1188 2998 reliquiis
1212 2913 1381 2997 inplentur
1406 2915 1584 2982 duodecim
1612 2915 1754 2998 cophini.

403 3013 470 3078 Hic
485 3025 643 3099 quattuor
660 3017 750 3082 milia
775 3017 948 3082 hominurn
974 3055 1016 3067 -
1041 3019 1149 3083 minor
1173 3019 1309 3102 quidem
1334 3027 1385 3082 est
1402 3017 1638 3084 numerusribi
1665 3018 1754 3082 enirn

401 3120 548 3203 quinque
573 3122 672 3199 milia,
688 3122 741 3186 hic
756 3130 914 3206 quattuor
929 3131 1146 3206 -quattuor
1171 3122 1262 3186 milia
1277 3141 1357 3205 ergo
1384 3123 1559 3187 hominum
1575 3121 1756 3188 comedunt
1774 3145 1809 3198 ²5

400 3231 529 3304 septem
550 3243 661 3307 panes.
679 3225 792 3289 Minor
805 3225 931 3290 scilicet
952 3244 1109 3290 numerus
1133 3225 1207 3308 plus
1228 3223 1398 3289 comedit:
1424 3221 1544 3286 ‘multi
1560 3221 1651 3286 enim
1677 3228 1756 3286 sunt

402 3327 520 3406 vocati,
544 3327 642 3410 pauci
658 3347 736 3393 vero
759 3327 883 3395 electi’.
900 3327 1025 3392 Videte
1047 3330 1127 3411 quid
1145 3329 1243 3394 dicat.
1268 3328 1439 3413 Quattuor
1465 3324 1557 3389 milia
1581 3323 1754 3388 hominum

401 3431 582 3496 comedunt
598 3442 726 3515 septem
744 3450 856 3515 panes.
873 3431 926 3496 De
940 3431 1088 3515 quinque
1104 3431 1249 3515 panibus
1263 3431 1432 3513 inplentur
1446 3428 1624 3493 duodecim
1641 3425 1753 3509 cophi-

402 3533 458 3599 ni:
482 3535 525 3599 de
549 3545 677 3619 septem
703 3537 845 3620 panibus
873 3535 1041 3619 inplentur
1067 3545 1196 3619 septem
1224 3545 1367 3620 sportae.
1391 3534 1443 3598 De
1472 3532 1590 3597 minori
1617 3547 1756 3595 numero

402 3639 511 3703 minus
536 3651 694 3720 remanet,
710 3641 752 3706 de
778 3641 894 3706 maiori
911 3659 1050 3705 numero
1073 3640 1148 3724 plus
1165 3649 1322 3706 remanet.
1340 3639 1399 3704 Isti
1416 3638 1504 3702 enim
1521 3646 1680 3720 quattuor
1696 3633 1756 3699 mi·
1775 3659 1810 3710 30

402 3741 454 3820 lia,
471 3744 579 3808 minor
594 3743 729 3828 quidem
754 3745 786 3810 in
815 3764 973 3810 numero:
994 3753 1140 3809 ceterum
1158 3745 1263 3808 maior
1278 3745 1312 3808 in
1335 3742 1408 3806 lide.
1426 3740 1493 3825 Qui
1512 3741 1617 3804 maior
1633 3739 1666 3803 in
1682 3737 1757 3816 tide,

401 3847 477 3931 plus
504 3848 651 3914 comedit
666 3871 674 3926 ;
689 3858 723 3914 et
749 3849 829 3933 quia
856 3847 931 3931 plus
957 3846 1112 3924 comedit,
1130 3847 1238 3912 minus
1254 3847 1284 3911 ei
1302 3855 1460 3911 remanet.
1478 3843 1617 3910 Utinam
1647 3852 1679 3907 et
1696 3861 1756 3906 nos

401 3969 505 4033 panes
522 3949 748 4016 frumenticios
764 3953 806 4016 de
822 3951 992 4036 scripturis
1004 3951 1079 4035 plus
1095 3951 1268 4016 comedere
1286 3950 1461 4036 possimus,
1478 3957 1514 4013 ut
1530 3947 1640 4013 minus
1660 3945 1757 4011 nobis

403 4063 573 4118 remaneat
597 4053 628 4119 in
645 4054 792 4119 scientia
820 4054 928 4119 Multa
955 4063 1033 4118 sunt
1056 4073 1141 4137 quae
1157 4053 1320 4120 dicantur.
1336 4053 1494 4120 Ceterum
1511 4052 1590 4135 quia
1606 4051 1639 4115 in
1656 4049 1757 4134 priori

403 4157 563 4242 parabola
579 4159 644 4222 iam
670 4158 841 4242 explicata
856 4169 943 4236 sunt,
952 4169 1084 4224 tantum
1101 4158 1266 4225 voluimus
1282 4157 1505 4224 differentiam
1522 4155 1756 4240 parabolarum
1776 4175 1810 4230 35
1914 4217 1923 4243 p

402 4263 512 4327 dicere
527 4263 673 4327 :etenim
690 4282 807 4326 sensus
823 4263 855 4326 in
873 4263 972 4346 priori
990 4263 1100 4328 dictus
1117 4271 1176 4327 est.
1197 4262 1384 4346 Sequemur
1400 4272 1512 4328 autem
1526 4261 1666 4345 vestigia
1681 4277 1757 4324 sen·

434 4441 579 4506 dfflerrrrrt]
598 4441 633 4493 itu
645 4459 672 4511 χ.
773 4455 790 4506 9
793 4441 981 4508 frumentarii]
993 4457 1013 4511 χ
1024 4443 1082 4508 (pro
1094 4441 1295 4508 srummaciie)
1397 4451 1425 4505 15
1437 4437 1626 4506 fiumentr'cr'r‘s]
1637 4437 1756 4504 frumen·

402 4525 471 4576 lr’tr'r's
481 4541 509 4594 χ.
611 4539 639 4590 31
655 4527 709 4588 Qui
719 4524 811 4588 maior]
821 4540 842 4594 χ
854 4525 910 4590 (pro
924 4526 992 4586 Quia
1003 4526 1112 4588 marlrri)

445 4695 492 4753 27·
508 4673 596 4757 electi]
614 4677 721 4738 Metth.
740 4696 787 4751 ao,
806 4681 850 4737 1⁶.
