4160 5500
786 423 1041 484 PRAEFATIO.
1568 421 1600 480 iii

293 602 321 648 α.
344 577 382 650 S.
403 577 642 676 Augustinus
670 580 706 652 in
729 579 903 677 Epistula
931 603 1078 654 exuvur
1108 605 1182 654 non
1212 578 1331 652 serius
1356 601 1416 650 an.
1448 599 1522 670 413
1537 576 1598 650 „ad

244 695 555 769 Fortunatianum
574 699 724 795 scripta,
747 723 780 773 n.
808 722 849 791 13
870 725 925 794 sq.
943 723 951 772 :
980 695 985 700 ’
1172 693 1175 701 ’

445 865 492 924 Ne
507 866 600 926 multa
614 868 884 928 commemorando
904 867 1030 928 maiores
1051 887 1149 927 moras
1170 867 1287 939 faciam,
1303 866 1362 927 hoc
1384 884 1478 926 unum
1502 865 1598 925 sancti

406 955 586 1042 Hieronymi
605 965 803 1043 interpone...
822 967 899 1028 Cum
920 986 990 1044 ergo
1015 965 1065 1026 ille
1090 967 1133 1025 vir
1155 965 1185 1024 in
1214 964 1373 1043 Scripturis
1402 953 1598 1024 doctissimus

404 1062 556 1122 Psalmum
571 1077 744 1141 exponeret,
759 1064 810 1124 ubi
825 1063 942 1124 dictum
957 1076 1002 1124 est
1016 1088 1022 1123 ι
1036 1063 1196 1140 Intelle'gt'te
1209 1084 1274 1141 ergo
1287 1066 1343 1140 qai
1352 1065 1518 1140 insipientes
1532 1064 1599 1122 estis

403 1161 434 1217 in
443 1163 561 1238 popula,
577 1170 606 1221 et
624 1163 713 1221 stulti
726 1164 888 1238 alr'quanda
904 1165 1003 1240 sapite.
1023 1164 1087 1240 Qui
1096 1164 1252 1241 plantavit
1270 1182 1380 1234 arerem,
1396 1181 1455 1220 non
1475 1161 1599 1222 audiet?

402 1267 457 1322 aar
487 1262 542 1336 qui
560 1261 657 1336 finxit
680 1264 802 1336 aculam,
828 1283 886 1321 non
910 1263 1094 1323 considerat?
1120 1264 1196 1322 inter
1221 1274 1349 1322 cetera:
1375 1276 1392 1324 t
1416 1262 1478 1321 Iste
1502 1261 1595 1333 locus,

404 1373 420 1420 t
437 1358 542 1434 inquit,
558 1362 701 1420 adversus
716 1379 769 1436 eos
784 1361 918 1421 maxime
930 1361 1009 1433 lacit,
1025 1361 1077 1440 qui
1093 1359 1424 1438 Anthropomorphitae
1439 1371 1530 1434 sunt,
1546 1359 1596 1435 qui

405 1470 422 1518 ‹
437 1455 543 1518 dicunt
560 1459 660 1518 Deum
677 1459 788 1520 habere
798 1460 944 1532 membra,
957 1479 1037 1538 quae
1049 1461 1138 1522 etiarn
1151 1478 1206 1519 nos
1216 1460 1372 1523 habemus.
1388 1458 1481 1519 Verbi
1493 1476 1596 1531 causa,

306 1605 308 1609 .
403 1553 546 1616 (dicitur
569 1557 653 1618 Deus
674 1557 784 1617 habere
806 1545 931 1618 oeulos:
955 1551 1026 1636 quia
1048 1560 1128 1619 oculi
1150 1557 1276 1617 Domini
1298 1555 1461 1635 respiciunt
1483 1557 1596 1629 omnia,

405 1669 545 1717 «manus
562 1655 687 1715 Domini
707 1655 777 1717 facit
798 1656 909 1717 omnia.
926 1658 973 1717 Er
990 1658 1115 1729 audrild,
1131 1656 1239 1734 inquit,
1255 1657 1355 1716 Adam
1376 1675 1478 1713 sonum
1487 1651 1603 1732 pedam,

405 1768 422 1816 (
436 1754 565 1813 Domini
575 1755 788 1816 deambulantis
801 1756 834 1814 e'a
842 1757 995 1834 paradiso.
1012 1759 1099 1818 Haec
1109 1755 1285 1833 simpliciter
1299 1754 1437 1825 audiunt,
1447 1764 1477 1814 et
1492 1755 1595 1813 huma·

403 1866 488 1914 (nas
510 1853 730 1914 imbecillitates
751 1857 790 1915 ad
809 1857 866 1916 Dei
881 1855 1133 1933 magnificentiam
1156 1856 1295 1916 referunt.
1311 1853 1377 1930 Ego
1400 1865 1500 1914 autem
1515 1852 1595 1924 dico,

404 1967 419 2014 t
434 1953 518 2029 quod
529 1955 613 2014 Deus
628 1965 708 2014 totus
720 1957 826 2016 oculus
837 1967 891 2030 est,
904 1968 985 2016 totus
997 1974 1104 2014 manus
1113 1967 1167 2028 est,
1183 1964 1263 2013 totus
1278 1971 1331 2029 pes
1345 1963 1400 2014 est.
1414 1955 1511 2013 Totus
1525 1971 1595 2012 ocu·

405 2053 481 2112 (lus
495 2063 548 2124 est,
572 2053 641 2130 quia
663 2055 765 2115 omnia
785 2053 889 2127 videt;
909 2067 990 2115 totus
1011 2073 1118 2115 manus
1138 2065 1192 2128 est,
1208 2053 1280 2130 quia
1300 2057 1403 2114 omnia
1428 2064 1596 2129 operatum

404 2163 517 2214 (totus
532 2171 583 2228 pes
595 2167 649 2227 est,
665 2155 736 2232 quia
756 2155 868 2233 ubique
889 2169 942 2217 est.
965 2157 1044 2233 Ergo
1065 2153 1260 2232 videtequid
1283 2153 1371 2214 dicat.
1396 2153 1461 2229 Qui
1475 2154 1596 2231 planta-

404 2265 420 2312 t
435 2252 479 2310 vit
488 2271 597 2325 aurem,
608 2274 666 2313 non
677 2239 794 2315 aude'et?
804 2257 1018 2334 autquifinxe't
1027 2254 1127 2328 oerelos,
1139 2254 1378 2314 nonconse'deral?
1388 2256 1426 2314 Et
1439 2272 1500 2312 non
1510 2252 1595 2326 dixit,

403 2366 419 2415 t
435 2352 494 2428 Qui
506 2354 649 2430 plantavit
658 2375 771 2432 aurem,
782 2376 853 2435 ergo
865 2357 928 2434 ipse
939 2376 1042 2418 autem
1061 2356 1224 2424 nonhabet
1237 2377 1245 2428 ;
1259 2375 1319 2415 non
1342 2354 1427 2427 dixit,
1439 2373 1510 2431 ergo
1531 2352 1596 2429 ipse

368 2438 372 2446 ¹
402 2464 420 2513 d
435 2455 539 2512 oculos
555 2473 616 2513 non
631 2455 731 2516 habet.
748 2456 808 2516 Sed
824 2455 898 2533 quid
913 2454 1010 2515 dixit?
1034 2455 1099 2531 Que'
1102 2455 1259 2532 plantavit
1270 2475 1382 2526 aurem,
1399 2474 1455 2513 eron
1470 2454 1594 2512 audiet?

404 2549 591 2630 ‹qur‘finxe'e
601 2556 700 2626 oculos,
716 2574 773 2614 non
787 2556 969 2614 considerat?
985 2556 1123 2614 Membra
1138 2554 1215 2628 tulit,
1230 2554 1407 2616 efficientias
1421 2553 1516 2614 dedit.
1533 2565 1549 2614 >

291 2701 409 2808 Atqui
428 2703 614 2799 ipsissima
632 2703 724 2778 haec
743 2705 870 2804 legere
889 2725 946 2780 est
964 2730 1088 2802 supra,
1100 2705 1225 2780 Tract.
1243 2708 1290 2780 de
1313 2703 1463 2780 Psalmo
1482 2725 1590 2787 xcur,

267 2879 275 2892 .
304 2846 314 2893 1
374 2881 381 2898 .

237 2847 264 2914 p
291 2847 605 3043 azgassiodprius
624 2943 795 3028 Senator,
821 2942 863 3015 ln
885 2941 998 3018 Psalt.
1016 2942 1135 3017 Praei.
1149 2970 1179 3017 c.
1201 2966 1214 3015 1
1234 2941 1387 3041 (Migne
1407 2944 1445 3017 P.
1473 2943 1515 3016 L.
1534 2963 1589 3036 70.

242 3059 412 3158 usqi:

440 3229 750 3293 Animadvertendum
765 3242 811 3293 est
824 3249 947 3310 quoque
962 3230 1105 3310 Spiritum
1114 3241 1253 3292 sanctum
1268 3233 1311 3291 sic
1325 3231 1417 3292 luisse
1433 3231 1591 3311 prophetis

400 3329 592 3390 sanctissimis
607 3330 792 3404 attributum,
809 3341 841 3392 ut
862 3342 964 3391 tamen
981 3331 1019 3391 ad
1040 3341 1160 3408 tempus
1181 3350 1235 3409 pro
1256 3330 1429 3392 infirmitate
1444 3330 1544 3392 carnis
1560 3344 1590 3393 et

399 3429 607 3490 contrarietate
622 3429 737 3506 peccati
755 3430 793 3490 ab
813 3428 884 3506 ipsis
905 3431 1036 3490 offensus
1057 3430 1242 3506 abscederet,
1265 3439 1294 3490 et
1319 3431 1427 3490 iterum
1453 3432 1589 3508 placatus

399 3527 455 3585 sub
478 3529 703 3605 opportunitate
725 3527 870 3606 temporis
891 3527 1054 3590 adveniret.
1071 3529 1164 3589 Unde
1189 3539 1217 3590 et
1238 3538 1357 3589 sanctus
1380 3529 1587 3607 Hieronymus

399 3629 552 3702 exponens
568 3628 780 3705 evangelistam
796 3629 943 3700 Marcum,
960 3627 990 3687 in
1005 3628 1074 3688 loco
1090 3626 1140 3687 ubi
1155 3627 1196 3688 ait
1211 3627 1250 3688 de
1266 3629 1390 3698 Ioanne,
1411 3627 1493 3688 Vidit
1505 3638 1585 3704 aper·

399 3731 440 3782 tos
453 3729 551 3800 caelos,
566 3734 595 3785 e!
607 3727 754 3803 Spiritum
768 3733 919 3802 tamquam
933 3727 1091 3785 columbam
1105 3725 1310 3785 descendentem
1331 3733 1532 3786 remanentem
1555 3729 1587 3785 e'n

400 3826 467 3899 ipso,
484 3823 524 3883 ita
541 3824 672 3885 evidenti
693 3827 808 3885 ratione
831 3823 975 3900 tractavit,
1000 3836 1031 3884 ut
1054 3844 1146 3885 nemo
1167 3834 1272 3885 contra
1293 3824 1386 3902 ipsius
1404 3824 1585 3886 sententiam

400 3923 499 3983 venire
514 3937 692 4001 praesumat.

291 4073 406 4147 Porro
434 4073 506 4148 hoc
533 4073 683 4151 aliudve
714 4074 926 4148 huiusmodi
954 4073 1090 4148 frustra
1116 4074 1153 4147 in
1185 4071 1586 4170 Pseudo-Hieronymi

237 4191 490 4288 Expositione
518 4193 554 4266 in
580 4193 751 4266 Marcum
774 4194 978 4290 quaesieris
1006 4192 1160 4292 (Mlgne
1182 4194 1221 4267 P.
1245 4193 1287 4267 L.
1311 4217 1368 4286 30,
1389 4199 1461 4286 614
1481 4192 1556 4292 sq.)
1578 4221 1586 4281 ;

235 4312 354 4382 immo
372 4337 463 4386 vero
488 4311 655 4407 adprime
681 4312 884 4408 respondet
907 4313 960 4396 iis,
982 4337 1078 4409 quae
1104 4313 1140 4385 in
1173 4330 1300 4386 nostra
1317 4312 1379 4385 De
1405 4312 1589 4409 principio

238 4429 360 4501 Marci
391 4427 543 4503 homilia
572 4457 605 4526 p.
640 4436 713 4523 326
745 4457 799 4529 sq.
834 4431 1100 4505 inveniuntur:
1134 4430 1308 4510 <Videte
1340 4431 1429 4528 quid
1462 4430 1587 4507 dicat:

241 4568 260 4624 t
281 4557 494 4634 manentem,
515 4547 587 4622 hoc
605 4566 663 4623 est
690 4567 1004 4646 perseverantem,
1025 4548 1097 4622 hoc
1115 4567 1173 4623 est
1192 4575 1395 4647 numquam
1412 4549 1586 4625 receden-

236 4684 258 4746 «
282 4681 403 4740 tem...
430 4666 472 4739 ln
503 4666 656 4745 Christo
688 4667 849 4766 Spiritus
869 4669 1030 4742 Sanctus
1061 4667 1267 4755 descendit,
1288 4686 1325 4742 et
1353 4668 1584 4767 permansit;
