4112 5496
1081 291 1106 334 ι

222 407 328 491 xxxvr]
552 408 924 473 COMMENTARIOLI
953 408 999 467 IN
1029 407 1227 468 PSALMOS.
1514 409 1569 490 43

222 627 370 708 bimus,
407 626 558 709 Ee'ectz'
585 629 701 725 sunt,
737 629 781 708 et
818 652 901 708 non
926 631 1169 735 potuerunt
1200 632 1327 708 sture.
1365 627 1424 708 Et
1460 627 1567 710 Cain

220 765 375 847 eiectus
395 777 506 848 esta
529 765 633 848 facie
663 765 767 847 Dei:
788 779 831 848 et
852 766 952 876 quia
978 793 1062 846 non
1086 776 1175 847 erat
1194 791 1336 847 coram
1363 765 1566 865 Domine,
1596 829 1607 849 .

222 903 426 984 habitavit
458 904 499 985 in
531 915 641 985 terra
669 902 796 1000 Naid,
830 929 939 1011 quae
974 903 1276 1012 interpretatur
1296 910 1400 1001 σάλος,
1426 903 1466 984 id
1489 917 1565 1002 est,

219 1042 448 1142 fluctuatiO,
467 1042 559 1126 sive
574 1041 818 1124 commoti0.
838 1039 1015 1123 Eiectus
1031 1052 1107 1140 est,
1123 1052 1165 1122 et
1181 1054 1292 1123 stare
1310 1069 1396 1123 non
1414 1043 1563 1151 potuit.

779 1329 995 1412 XXXVI.

268 1597 316 1678 E
319 1603 339 1678 l
359 1595 572 1678 iudicium
592 1600 717 1676 tuum
740 1597 791 1675 ul
810 1591 1020 1676 meridies
1045 1593 1170 1677 Tunc
1190 1595 1304 1676 euim
1331 1603 1337 1632 ‘
1363 1595 1465 1676 iusti
1488 1595 1569 1676 sul-

212 1735 376 1847 gebunt
414 1746 461 1815 ut
495 1733 559 1817 sol
596 1732 639 1815 in
676 1757 810 1842 regno
833 1731 974 1823 Patris
1009 1759 1157 1815 eorum
1181 1735 1213 1815 ’z
1235 1745 1278 1816 et
1297 1748 1423 1816 erunt
1457 1736 1569 1817 clara

212 1873 360 1955 omnia
381 1899 491 1984 quae
513 1898 627 1953 nunc
647 1869 900 1954 abscondita
921 1882 1034 1953 sunt.
1058 1871 1170 1954 Noli
1196 1872 1416 1954 aeumlarr'
1448 1873 1493 1954 in
1523 1902 1569 1957 eo

212 2011 292 2119 qui
299 2016 508 2121 prospere
527 2011 624 2118 agit
644 2007 690 2090 in
710 2008 784 2090 via
804 2035 896 2092 sua.
924 2009 1024 2092 Non
1048 2021 1088 2090 te
1109 2023 1262 2093 terreat
1285 2013 1404 2123 impii
1438 2015 1569 2097 felici-

167 2193 194 2228 10
212 2163 277 2230 tas
300 2148 457 2230 brevis.
476 2147 657 2254 Quiesce
671 2147 726 2229 ab
747 2147 828 2246 ira,
847 2154 891 2229 et
904 2146 1306 2256 dz’me'llefurorem:
1321 2152 1569 2234 nole'aemu-

210 2287 310 2388 luri,
337 2294 388 2369 ut
422 2285 536 2368 male
556 2285 722 2394 facias.
760 2285 938 2395 Depone
971 2286 1090 2387 iram,
1129 2314 1181 2369 ne
1218 2289 1366 2400 iniqua
1400 2292 1567 2400 patiens

209 2427 348 2508 vicem
373 2425 547 2508 reddere
567 2423 832 2534 compellaris,
857 2425 926 2506 Et
944 2452 1125 2534 quaeres
1143 2425 1280 2508 locum
1300 2427 1403 2530 eius,
1426 2436 1470 2512 et
1484 2458 1566 2514 non

209 2565 410 2648 invenies.
452 2564 500 2647 Si
539 2564 658 2646 locus
697 2561 858 2646 diaboli
899 2577 1119 2674 peccatum
1160 2581 1236 2666 est,
1276 2568 1355 2650 erit
1396 2581 1567 2682 tempus

208 2704 387 2816 quando
422 2715 641 2812 peccatum
679 2727 764 2783 non
797 2701 900 2786 erit:
926 2701 1005 2784 hoc
1036 2715 1180 2785 autem
1217 2717 1319 2787 tunc
1354 2707 1446 2808 erit,
1467 2737 1564 2792 curn

165 2885 189 2937 ,ς
205 2841 569 2925 exsultaverimus
591 2839 634 2921 in
658 2836 936 2922 multitudine
962 2840 1088 2950 pacis,
1112 2841 1216 2923 Non
1246 2841 1569 2951 confundentur

206 2982 250 3062 in
272 2986 465 3088 tempure
484 2978 610 3078 male,
632 2983 675 3058 et
695 2975 741 3058 in
761 2976 909 3059 diebus
915 2976 1065 3085 famis
1083 2979 1415 3064 saturabuntur.
1435 2982 1565 3066 Tem-

206 3146 287 3228 pus
329 3117 504 3216 malum,
528 3127 700 3224 tempus
733 3113 879 3196 iudicii
916 3114 1131 3213 ostendit;
1155 3115 1307 3226 inquo
1337 3146 1435 3201 cum
1459 3121 1561 3205 iusti

206 3283 291 3338 non
312 3256 534 3364 patiantur
551 3252 718 3348 samem,
737 3251 790 3334 de
804 3249 1097 3361 peccatoribus
1115 3253 1287 3336 dicitur:
1310 3257 1424 3339 ‘Vae
1438 3259 1563 3343 vobis

203 3393 274 3502 qui
322 3390 502 3472 saturati
543 3389 660 3488 estis,
697 3389 904 3498 quoniam
946 3389 1145 3471 esurietis
1168 3391 1185 3472 '.
1231 3393 1341 3474 Vidi
1378 3393 1562 3514 impium

158 3573 187 3609 ω
201 3532 468 3626 exalfalmn,
490 3532 534 3610 et
554 3528 767 3609 elevatum
787 3525 902 3608 sieut
920 3526 1093 3608 cedrum
1116 3529 1304 3610 Libani:
1322 3537 1366 3612 el
1386 3534 1559 3632 transii,

200 3676 241 3750 el
261 3695 357 3752 ecce
376 3695 458 3749 nou
480 3670 587 3748 erat.
614 3665 726 3746 Curn
761 3663 911 3745 mundi
949 3663 1078 3747 huius
1109 3667 1309 3777 pelagum
1346 3671 1561 3752 transieri-

233 3919 247 3969 3
260 3903 354 3966 σάλος]
371 3904 461 3960 ΕΑΜ;
494 3904 563 3951 salus
574 3903 604 3953 C.
705 3901 721 3950 6
733 3901 858 3962 meridies]
878 3902 1007 3950 meridiem
1027 3903 1127 3962 malim3
1139 3905 1253 3952 codicum
1267 3921 1325 3955 vero
1342 3906 1484 3966 lectionem,
1498 3909 1560 3959 sicut

201 4005 268 4037 meus
281 4001 318 4038 est
332 4003 398 4042 mos,
413 3985 510 4034 retinui.
613 3997 629 4046 9
635 3984 762 4049 prospere]
779 3991 896 4046 prospera
914 3983 943 4033 C.
1044 3985 1098 4045 via]
1115 3985 1170 4033 vila
1189 3985 1217 4034 C.
1322 3999 1346 4034 ιι
1363 3987 1401 4048 ut]
1414 3989 1560 4051 particulam

202 4085 249 4118 non
271 4069 363 4120 inserit
387 4067 417 4125 1⁴2,
441 4083 506 4132 quae
525 4075 608 4116 tumen
630 4067 706 4131 paulo
726 4075 782 4132 post
800 4075 924 4130 expuncta
944 4079 988 4114 esr.
1092 4079 1123 4115 20
1142 4066 1250 4127 transii]
1271 4069 1310 4128 E;
1344 4070 1457 4118 transivi
1474 4071 1558 4120 CAM.

200 4165 227 4200 21
237 4151 372 4218 pelagum]
384 4151 465 4201 Codd.
480 4159 504 4199 et
518 4147 542 4218 β.

240 4363 266 4418 3.
289 4362 366 4418 quae
394 4343 607 4416 r'nterprelatur
629 4337 722 4420 σάλος]
752 4342 854 4400 Hiero·
908 4343 1054 4400 fluctuans
1069 4361 1104 4398 ac
1120 4342 1197 4400 sedis
1213 4342 1342 4402 incertae
1358 4345 1485 4420 '(Migne
1514 4369 1560 4422 23,

201 4443 315 4500 nymus‚
336 4424 429 4484 Hebr.
447 4435 560 4499 quaest.
578 4421 607 4481 in
617 4424 725 4482 Genes.
743 4443 768 4481 c.
785 4443 812 4493 4,
827 4444 853 4482 v.
908 4425 988 4498 994).
1005 4425 1041 4480 Et
1052 4423 1081 4480 in
1094 4423 1169 4482 libro
1181 4425 1219 4482 de
1233 4427 1320 4482 Num.
1334 4427 1412 4483 hebr.
1431 4429 1558 4496 :‘Nuid,

205 4509 257 4564 16:
273 4514 279 4536 ¹
293 4507 385 4580 Quod
402 4503 596 4581 Septuaginta
606 4503 686 4563 Naid
702 4505 853 4562 transtule·
907 4518 1006 4562 morus
1021 4503 1081 4562 sive
1105 4505 1257 4564 fluctuatio
1273 4508 1278 4532 ¹
1295 4507 1385 4580 (lbid.
1402 4509 1457 4566 col.
1476 4509 1557 4586 82⁶).

201 4599 274 4658 runt,
291 4586 322 4644 iu
338 4588 469 4647 hebraeo
485 4585 557 4644 Nod
572 4585 680 4646 dicitur
692 4606 701 4658 3
715 4599 744 4645 et
768 4585 854 4645 inter·
949 4605 973 4660 7.
996 4583 1107 4664 eorum]
1126 4588 1230 4644 ulauh.
1252 4607 1262 4644 r
1269 4607 1296 4662 3,
1313 4609 1330 4657 4
1334 4607 1359 4661 3.

201 4682 330 4744 pretatur
344 4668 533 4738 σαλευόμενος,
549 4667 580 4727 id
595 4679 639 4728 est
659 4665 803 4727 instabilis
825 4680 854 4726 et
950 4687 993 4744 19.
1015 4664 1155 4748 esurrelis]
1174 4670 1243 4727 Luc.
1262 4671 1289 4738 6,
1308 4689 1322 4724 2
1327 4687 1352 4744 5.
