<?xml version="1.0" encoding="UTF-8"?>
<!DOCTYPE html PUBLIC "-//W3C//DTD XHTML 1.0 Transitional//EN"
    "http://www.w3.org/TR/xhtml1/DTD/xhtml1-transitional.dtd">
<html xmlns="http://www.w3.org/1999/xhtml" xml:lang="en" lang="en">
 <head>
  <title>
</title>
<meta http-equiv="Content-Type" content="text/html;charset=utf-8" />
  <meta name='ocr-system' content='tesseract 3.04.00' />
  <meta name='ocr-capabilities' content='ocr_page ocr_carea ocr_par ocr_line ocrx_word'/>
</head>
<body>
  <div class='ocr_page' id='page_1' title='image "./commentarioliin00morigoog/commentarioliin00morigoog_0432.png"; bbox 0 0 4092 5502; ppageno 0'>
   <div class='ocr_carea' id='block_1_1' title="bbox 572 446 1579 536">
    <p class='ocr_par' dir='ltr' id='par_1_1' title="bbox 572 446 1579 536">
     <span class='ocr_line' id='line_1_1' title="bbox 572 446 1579 536; baseline -0.001 -26"><span class='ocrx_word' id='word_1_1' title='bbox 572 451 828 514; x_wconf 79' lang='lat' dir='ltr'><strong>TRACTA&#39;I&#39;US</strong></span> <span class='ocrx_word' id='word_1_2' title='bbox 851 449 909 511; x_wconf 87' lang='lat' dir='ltr'>DE</span> <span class='ocrx_word' id='word_1_3' title='bbox 930 450 1103 514; x_wconf 87' lang='lat' dir='ltr'>PSALMO</span> <span class='ocrx_word' id='word_1_4' title='bbox 1120 451 1229 514; x_wconf 84' lang='lat' dir='ltr'>CXLI.</span> <span class='ocrx_word' id='word_1_5' title='bbox 1500 446 1579 536; x_wconf 64' lang='lat'>215</span> 
     </span>
    </p>
   </div>
   <div class='ocr_carea' id='block_1_2' title="bbox 174 666 1582 3564">
    <p class='ocr_par' dir='ltr' id='par_1_2' title="bbox 174 666 1582 3564">
     <span class='ocr_line' id='line_1_2' title="bbox 222 666 1581 754; baseline 0.001 -23"><span class='ocrx_word' id='word_1_6' title='bbox 222 666 324 732; x_wconf 90' lang='lat' dir='ltr'>lunca</span> <span class='ocrx_word' id='word_1_7' title='bbox 341 677 453 734; x_wconf 87' lang='lat' dir='ltr'>autem</span> <span class='ocrx_word' id='word_1_8' title='bbox 471 669 504 733; x_wconf 94' lang='lat' dir='ltr'>in</span> <span class='ocrx_word' id='word_1_9' title='bbox 521 669 610 734; x_wconf 92' lang='lat' dir='ltr'>hunc</span> <span class='ocrx_word' id='word_1_10' title='bbox 641 670 813 747; x_wconf 88' lang='lat' dir='ltr'>mundum,</span> <span class='ocrx_word' id='word_1_11' title='bbox 829 679 861 734; x_wconf 89' lang='lat' dir='ltr'>et</span> <span class='ocrx_word' id='word_1_12' title='bbox 878 671 967 754; x_wconf 91' lang='lat' dir='ltr'>quod</span> <span class='ocrx_word' id='word_1_13' title='bbox 995 668 1149 735; x_wconf 88' lang='lat' dir='ltr'>diabolus</span> <span class='ocrx_word' id='word_1_14' title='bbox 1174 689 1240 734; x_wconf 90' lang='lat' dir='ltr'>non</span> <span class='ocrx_word' id='word_1_15' title='bbox 1266 669 1406 736; x_wconf 80' lang='lat' dir='ltr'>inmittit</span> <span class='ocrx_word' id='word_1_16' title='bbox 1432 669 1465 734; x_wconf 90' lang='lat' dir='ltr'>in</span> <span class='ocrx_word' id='word_1_17' title='bbox 1492 669 1581 734; x_wconf 87' lang='lat' dir='ltr'>hunc</span> 
     </span>
     <span class='ocr_line' id='line_1_3' title="bbox 222 773 1579 858; baseline 0 -22"><span class='ocrx_word' id='word_1_18' title='bbox 222 774 390 837; x_wconf 91' lang='lat' dir='ltr'>mundum</span> <span class='ocrx_word' id='word_1_19' title='bbox 407 773 532 857; x_wconf 88' lang='lat' dir='ltr'>aliquid</span> <span class='ocrx_word' id='word_1_20' title='bbox 549 773 637 852; x_wconf 91' lang='lat' dir='ltr'>boni,</span> <span class='ocrx_word' id='word_1_21' title='bbox 649 775 707 839; x_wconf 92' lang='lat' dir='ltr'>sed</span> <span class='ocrx_word' id='word_1_22' title='bbox 724 782 859 850; x_wconf 88' lang='lat' dir='ltr'>stercus,</span> <span class='ocrx_word' id='word_1_23' title='bbox 875 783 908 838; x_wconf 89' lang='lat' dir='ltr'>et</span> <span class='ocrx_word' id='word_1_24' title='bbox 925 773 951 837; x_wconf 93' lang='lat' dir='ltr'>si</span> <span class='ocrx_word' id='word_1_25' title='bbox 980 773 1060 858; x_wconf 92' lang='lat' dir='ltr'>quid</span> <span class='ocrx_word' id='word_1_26' title='bbox 1084 773 1264 857; x_wconf 90' lang='lat' dir='ltr'>putridum.</span> <span class='ocrx_word' id='word_1_27' title='bbox 1282 773 1450 858; x_wconf 83' lang='lat' dir='ltr'>Spelunca</span> <span class='ocrx_word' id='word_1_28' title='bbox 1466 781 1579 837; x_wconf 88' lang='lat' dir='ltr'>autem</span> 
     </span>
     <span class='ocr_line' id='line_1_4' title="bbox 220 875 1579 963; baseline 0.001 -24"><span class='ocrx_word' id='word_1_29' title='bbox 220 875 430 959; x_wconf 83' lang='lat' dir='ltr'>intellegitur</span> <span class='ocrx_word' id='word_1_30' title='bbox 446 879 507 942; x_wconf 90' lang='lat' dir='ltr'>iste</span> <span class='ocrx_word' id='word_1_31' title='bbox 525 879 678 954; x_wconf 91' lang='lat' dir='ltr'>mundus,</span> <span class='ocrx_word' id='word_1_32' title='bbox 690 879 769 962; x_wconf 88' lang='lat' dir='ltr'>quia</span> <span class='ocrx_word' id='word_1_33' title='bbox 793 877 977 962; x_wconf 86' lang='lat' dir='ltr'>perlectum</span> <span class='ocrx_word' id='word_1_34' title='bbox 996 878 1107 942; x_wconf 90' lang='lat' dir='ltr'>lumen</span> <span class='ocrx_word' id='word_1_35' title='bbox 1125 898 1191 943; x_wconf 92' lang='lat' dir='ltr'>non</span> <span class='ocrx_word' id='word_1_36' title='bbox 1219 880 1320 946; x_wconf 89' lang='lat' dir='ltr'>habet</span> <span class='ocrx_word' id='word_1_37' title='bbox 1344 886 1508 963; x_wconf 88' lang='lat' dir='ltr'>quantum</span> <span class='ocrx_word' id='word_1_38' title='bbox 1536 878 1579 942; x_wconf 85' lang='lat' dir='ltr'>ad</span> 
     </span>
     <span class='ocr_line' id='line_1_5' title="bbox 220 982 1579 1067; baseline 0.001 -22"><span class='ocrx_word' id='word_1_39' title='bbox 220 983 496 1063; x_wconf 83' lang='lat' dir='ltr'>conparationem</span> <span class='ocrx_word' id='word_1_40' title='bbox 514 983 613 1047; x_wconf 84' lang='lat' dir='ltr'>futuri</span> <span class='ocrx_word' id='word_1_41' title='bbox 628 1005 635 1061; x_wconf 89' lang='lat'>;</span> <span class='ocrx_word' id='word_1_42' title='bbox 652 984 710 1047; x_wconf 90' lang='lat' dir='ltr'>sed</span> <span class='ocrx_word' id='word_1_43' title='bbox 727 983 820 1066; x_wconf 86' lang='lat' dir='ltr'>quasi</span> <span class='ocrx_word' id='word_1_44' title='bbox 839 982 949 1048; x_wconf 91' lang='lat' dir='ltr'>lumen</span> <span class='ocrx_word' id='word_1_45' title='bbox 963 983 1098 1067; x_wconf 89' lang='lat' dir='ltr'>aliquod</span> <span class='ocrx_word' id='word_1_46' title='bbox 1116 983 1238 1048; x_wconf 90' lang='lat' dir='ltr'>inluxit</span> <span class='ocrx_word' id='word_1_47' title='bbox 1255 982 1422 1048; x_wconf 85' lang='lat' dir='ltr'>Dominus</span> <span class='ocrx_word' id='word_1_48' title='bbox 1443 982 1579 1048; x_wconf 88' lang='lat' dir='ltr'>veniens</span> 
     </span>
     <span class='ocr_line' id='line_1_6' title="bbox 187 1084 1579 1172; baseline -0.001 -21"><span class='ocrx_word' id='word_1_49' title='bbox 187 1097 202 1151; x_wconf 85' lang='grc'><strong><em>5</em></strong></span> <span class='ocrx_word' id='word_1_50' title='bbox 220 1085 254 1148; x_wconf 93' lang='lat' dir='ltr'>in</span> <span class='ocrx_word' id='word_1_51' title='bbox 275 1084 363 1150; x_wconf 90' lang='lat' dir='ltr'>hunc</span> <span class='ocrx_word' id='word_1_52' title='bbox 381 1087 550 1150; x_wconf 90' lang='lat' dir='ltr'>mundum.</span> <span class='ocrx_word' id='word_1_53' title='bbox 571 1088 747 1170; x_wconf 86' lang='lat' dir='ltr'>Propterea</span> <span class='ocrx_word' id='word_1_54' title='bbox 773 1088 854 1152; x_wconf 89' lang='lat' dir='ltr'>dicit</span> <span class='ocrx_word' id='word_1_55' title='bbox 870 1098 904 1152; x_wconf 90' lang='lat' dir='ltr'>et</span> <span class='ocrx_word' id='word_1_56' title='bbox 919 1088 1112 1171; x_wconf 90' lang='lat' dir='ltr'>apostolus:</span> <span class='ocrx_word' id='word_1_57' title='bbox 1134 1093 1142 1122; x_wconf 90' lang='lat'>‘</span> <span class='ocrx_word' id='word_1_58' title='bbox 1159 1088 1225 1172; x_wconf 85' lang='lat' dir='ltr'>Qui</span> <span class='ocrx_word' id='word_1_59' title='bbox 1251 1098 1301 1153; x_wconf 89' lang='lat' dir='ltr'>est</span> <span class='ocrx_word' id='word_1_60' title='bbox 1326 1089 1436 1154; x_wconf 89' lang='lat' dir='ltr'>lumen</span> <span class='ocrx_word' id='word_1_61' title='bbox 1454 1085 1579 1170; x_wconf 84' lang='lat' dir='ltr'>gloriae</span> 
     </span>
     <span class='ocr_line' id='line_1_7' title="bbox 221 1189 1579 1276; baseline 0 -22"><span class='ocrx_word' id='word_1_62' title='bbox 221 1191 296 1254; x_wconf 90' lang='lat' dir='ltr'>eius</span> <span class='ocrx_word' id='word_1_63' title='bbox 312 1190 328 1255; x_wconf 90' lang='lat'>’.</span> <span class='ocrx_word' id='word_1_64' title='bbox 347 1191 439 1274; x_wconf 85' lang='lat' dir='ltr'>Ergo</span> <span class='ocrx_word' id='word_1_65' title='bbox 454 1191 538 1254; x_wconf 91' lang='lat' dir='ltr'>sicut</span> <span class='ocrx_word' id='word_1_66' title='bbox 556 1191 666 1256; x_wconf 88' lang='lat' dir='ltr'>David</span> <span class='ocrx_word' id='word_1_67' title='bbox 693 1193 828 1256; x_wconf 86' lang='lat' dir='ltr'>intravit</span> <span class='ocrx_word' id='word_1_68' title='bbox 845 1193 876 1256; x_wconf 92' lang='lat' dir='ltr'>in</span> <span class='ocrx_word' id='word_1_69' title='bbox 894 1193 1087 1276; x_wconf 81' lang='lat' dir='ltr'>speluncam</span> <span class='ocrx_word' id='word_1_70' title='bbox 1105 1191 1313 1258; x_wconf 87' lang='lat' dir='ltr'>abscondens</span> <span class='ocrx_word' id='word_1_71' title='bbox 1329 1213 1363 1256; x_wconf 87' lang='lat' dir='ltr'>se</span> <span class='ocrx_word' id='word_1_72' title='bbox 1380 1212 1400 1255; x_wconf 91' lang='lat' dir='ltr'>a</span> <span class='ocrx_word' id='word_1_73' title='bbox 1418 1189 1508 1268; x_wconf 87' lang='lat' dir='ltr'>Saul,</span> <span class='ocrx_word' id='word_1_74' title='bbox 1533 1191 1579 1254; x_wconf 86' lang='lat' dir='ltr'>ita</span> 
     </span>
     <span class='ocr_line' id='line_1_8' title="bbox 221 1294 1578 1379; baseline -0.001 -22"><span class='ocrx_word' id='word_1_75' title='bbox 221 1303 256 1358; x_wconf 91' lang='lat' dir='ltr'>et</span> <span class='ocrx_word' id='word_1_76' title='bbox 274 1294 442 1360; x_wconf 85' lang='lat' dir='ltr'>Dominus</span> <span class='ocrx_word' id='word_1_77' title='bbox 459 1295 625 1378; x_wconf 85' lang='lat' dir='ltr'>ingressus</span> <span class='ocrx_word' id='word_1_78' title='bbox 641 1304 692 1359; x_wconf 91' lang='lat' dir='ltr'>est</span> <span class='ocrx_word' id='word_1_79' title='bbox 708 1296 740 1358; x_wconf 93' lang='lat' dir='ltr'>in</span> <span class='ocrx_word' id='word_1_80' title='bbox 758 1294 846 1360; x_wconf 88' lang='lat' dir='ltr'>hunc</span> <span class='ocrx_word' id='word_1_81' title='bbox 868 1295 1040 1373; x_wconf 92' lang='lat' dir='ltr'>mundum,</span> <span class='ocrx_word' id='word_1_82' title='bbox 1055 1304 1089 1359; x_wconf 91' lang='lat' dir='ltr'>et</span> <span class='ocrx_word' id='word_1_83' title='bbox 1105 1296 1369 1379; x_wconf 88' lang='lat' dir='ltr'>persecutionem</span> <span class='ocrx_word' id='word_1_84' title='bbox 1387 1313 1504 1377; x_wconf 85' lang='lat' dir='ltr'>passus</span> <span class='ocrx_word' id='word_1_85' title='bbox 1520 1301 1578 1357; x_wconf 89' lang='lat' dir='ltr'>est.</span> 
     </span>
     <span class='ocr_line' id='line_1_9' title="bbox 266 1394 1579 1482; baseline 0.003 -24"><span class='ocrx_word' id='word_1_86' title='bbox 266 1394 413 1482; x_wconf 80' lang='lat' dir='ltr'>Effundo</span> <span class='ocrx_word' id='word_1_87' title='bbox 429 1397 463 1462; x_wconf 83' lang='lat' dir='ltr'>iu</span> <span class='ocrx_word' id='word_1_88' title='bbox 478 1408 637 1481; x_wconf 76' lang='lat' dir='ltr'>conspectu</span> <span class='ocrx_word' id='word_1_89' title='bbox 652 1397 724 1460; x_wconf 87' lang='lat' dir='ltr'>eius</span> <span class='ocrx_word' id='word_1_90' title='bbox 745 1399 922 1462; x_wconf 79' lang='lat' dir='ltr'>orationem</span> <span class='ocrx_word' id='word_1_91' title='bbox 939 1421 1051 1465; x_wconf 78' lang='lat' dir='ltr'>uuam.</span> <span class='ocrx_word' id='word_1_92' title='bbox 1069 1399 1319 1482; x_wconf 83' lang='lat' dir='ltr'>Significantius</span> <span class='ocrx_word' id='word_1_93' title='bbox 1335 1399 1431 1476; x_wconf 89' lang='lat' dir='ltr'>dixit,</span> <span class='ocrx_word' id='word_1_94' title='bbox 1442 1395 1579 1462; x_wconf 80' lang='lat' dir='ltr'>effundo</span> 
     </span>
     <span class='ocr_line' id='line_1_10' title="bbox 220 1501 1578 1587; baseline 0.001 -24"><span class='ocrx_word' id='word_1_95' title='bbox 220 1509 333 1564; x_wconf 88' lang='lat' dir='ltr'>toturn</span> <span class='ocrx_word' id='word_1_96' title='bbox 350 1519 533 1566; x_wconf 88' lang='lat' dir='ltr'>cormeum</span> <span class='ocrx_word' id='word_1_97' title='bbox 550 1503 582 1564; x_wconf 93' lang='lat' dir='ltr'>in</span> <span class='ocrx_word' id='word_1_98' title='bbox 607 1511 786 1585; x_wconf 89' lang='lat' dir='ltr'>conspectu</span> <span class='ocrx_word' id='word_1_99' title='bbox 812 1503 970 1568; x_wconf 91' lang='lat' dir='ltr'>Domini:</span> <span class='ocrx_word' id='word_1_100' title='bbox 993 1505 1278 1587; x_wconf 86' lang='lat' dir='ltr'>quemadmodum</span> <span class='ocrx_word' id='word_1_101' title='bbox 1305 1501 1424 1585; x_wconf 87' lang='lat' dir='ltr'>aliquis</span> <span class='ocrx_word' id='word_1_102' title='bbox 1449 1501 1578 1566; x_wconf 90' lang='lat' dir='ltr'>medico</span> 
     </span>
     <span class='ocr_line' id='line_1_11' title="bbox 174 1602 1578 1691; baseline 0.001 -25"><span class='ocrx_word' id='word_1_103' title='bbox 174 1621 204 1659; x_wconf 84' lang='lat'>10</span> <span class='ocrx_word' id='word_1_104' title='bbox 221 1602 422 1669; x_wconf 87' lang='lat' dir='ltr'>confiteatur</span> <span class='ocrx_word' id='word_1_105' title='bbox 438 1605 556 1669; x_wconf 90' lang='lat' dir='ltr'>vuinus</span> <span class='ocrx_word' id='word_1_106' title='bbox 580 1625 686 1684; x_wconf 89' lang='lat' dir='ltr'>suurn,</span> <span class='ocrx_word' id='word_1_107' title='bbox 702 1615 736 1670; x_wconf 92' lang='lat' dir='ltr'>et</span> <span class='ocrx_word' id='word_1_108' title='bbox 751 1626 868 1670; x_wconf 90' lang='lat' dir='ltr'>omnes</span> <span class='ocrx_word' id='word_1_109' title='bbox 889 1627 972 1690; x_wconf 90' lang='lat' dir='ltr'>quas</span> <span class='ocrx_word' id='word_1_110' title='bbox 998 1608 1098 1674; x_wconf 88' lang='lat' dir='ltr'>habet</span> <span class='ocrx_word' id='word_1_111' title='bbox 1115 1609 1286 1691; x_wconf 83' lang='lat' dir='ltr'>passiones</span> <span class='ocrx_word' id='word_1_112' title='bbox 1301 1607 1391 1671; x_wconf 89' lang='lat' dir='ltr'>dicat</span> <span class='ocrx_word' id='word_1_113' title='bbox 1407 1605 1464 1682; x_wconf 92' lang='lat' dir='ltr'>illi,</span> <span class='ocrx_word' id='word_1_114' title='bbox 1479 1614 1516 1669; x_wconf 87' lang='lat' dir='ltr'>ut</span> <span class='ocrx_word' id='word_1_115' title='bbox 1532 1604 1578 1669; x_wconf 92' lang='lat' dir='ltr'>ita</span> 
     </span>
     <span class='ocr_line' id='line_1_12' title="bbox 221 1707 1579 1795; baseline 0 -23"><span class='ocrx_word' id='word_1_116' title='bbox 221 1707 384 1773; x_wconf 86' lang='lat' dir='ltr'>adhibeat</span> <span class='ocrx_word' id='word_1_117' title='bbox 395 1709 424 1772; x_wconf 93' lang='lat' dir='ltr'>ei</span> <span class='ocrx_word' id='word_1_118' title='bbox 441 1728 562 1773; x_wconf 89' lang='lat' dir='ltr'>curam.</span> <span class='ocrx_word' id='word_1_119' title='bbox 586 1710 616 1772; x_wconf 90' lang='lat' dir='ltr'><em>T</em></span> <span class='ocrx_word' id='word_1_120' title='bbox 614 1709 841 1774; x_wconf 83' lang='lat' dir='ltr'>ribulationem</span> <span class='ocrx_word' id='word_1_121' title='bbox 860 1733 964 1776; x_wconf 82' lang='lat' dir='ltr'>meam</span> <span class='ocrx_word' id='word_1_122' title='bbox 979 1722 1056 1776; x_wconf 84' lang='lat' dir='ltr'>ante</span> <span class='ocrx_word' id='word_1_123' title='bbox 1082 1713 1187 1795; x_wconf 75' lang='lat' dir='ltr'>ipsicm</span> <span class='ocrx_word' id='word_1_124' title='bbox 1206 1710 1390 1795; x_wconf 71' lang='lat' dir='ltr'>promentia.</span> <span class='ocrx_word' id='word_1_125' title='bbox 1419 1709 1515 1774; x_wconf 87' lang='lat' dir='ltr'>Haec</span> <span class='ocrx_word' id='word_1_126' title='bbox 1529 1715 1579 1773; x_wconf 88' lang='lat' dir='ltr'>est</span> 
     </span>
     <span class='ocr_line' id='line_1_13' title="bbox 222 1811 1579 1899; baseline 0 -23"><span class='ocrx_word' id='word_1_127' title='bbox 222 1811 397 1876; x_wconf 92' lang='lat' dir='ltr'>tribulatio</span> <span class='ocrx_word' id='word_1_128' title='bbox 420 1833 520 1896; x_wconf 88' lang='lat' dir='ltr'>quam</span> <span class='ocrx_word' id='word_1_129' title='bbox 546 1812 720 1896; x_wconf 88' lang='lat' dir='ltr'>apostolus</span> <span class='ocrx_word' id='word_1_130' title='bbox 749 1825 911 1894; x_wconf 88' lang='lat' dir='ltr'>numerat,</span> <span class='ocrx_word' id='word_1_131' title='bbox 925 1835 1011 1899; x_wconf 86' lang='lat' dir='ltr'>quae</span> <span class='ocrx_word' id='word_1_132' title='bbox 1037 1825 1210 1881; x_wconf 88' lang='lat' dir='ltr'>numerata</span> <span class='ocrx_word' id='word_1_133' title='bbox 1238 1834 1314 1880; x_wconf 93' lang='lat' dir='ltr'>curn</span> <span class='ocrx_word' id='word_1_134' title='bbox 1340 1813 1458 1877; x_wconf 91' lang='lat' dir='ltr'>ceteris</span> <span class='ocrx_word' id='word_1_135' title='bbox 1484 1831 1579 1896; x_wconf 87' lang='lat' dir='ltr'>spem</span> 
     </span>
     <span class='ocr_line' id='line_1_14' title="bbox 224 1915 808 2012; baseline 0.009 -34"><span class='ocrx_word' id='word_1_136' title='bbox 224 1915 315 1994; x_wconf 86' lang='lat' dir='ltr'>iacit,</span> <span class='ocrx_word' id='word_1_137' title='bbox 324 1935 399 1999; x_wconf 88' lang='lat' dir='ltr'>spes</span> <span class='ocrx_word' id='word_1_138' title='bbox 415 1926 527 2012; x_wconf 79' lang='lat' dir='ltr'>nutem</span> <span class='ocrx_word' id='word_1_139' title='bbox 546 1937 612 1982; x_wconf 91' lang='lat' dir='ltr'>non</span> <span class='ocrx_word' id='word_1_140' title='bbox 623 1915 808 1983; x_wconf 84' lang='lat' dir='ltr'>confundit.</span> 
     </span>
     <span class='ocr_line' id='line_1_15' title="bbox 268 2017 1580 2105; baseline -0.003 -19"><span class='ocrx_word' id='word_1_141' title='bbox 268 2021 310 2086; x_wconf 89' lang='lat' dir='ltr'>In</span> <span class='ocrx_word' id='word_1_142' title='bbox 326 2022 496 2105; x_wconf 65' lang='lat' dir='ltr'>deficiendo</span> <span class='ocrx_word' id='word_1_143' title='bbox 512 2023 547 2087; x_wconf 84' lang='lat' dir='ltr'>ix</span> <span class='ocrx_word' id='word_1_144' title='bbox 563 2044 614 2087; x_wconf 86' lang='lat' dir='ltr'>me</span> <span class='ocrx_word' id='word_1_145' title='bbox 638 2023 794 2105; x_wconf 81' lang='lat' dir='ltr'>spiritum</span> <span class='ocrx_word' id='word_1_146' title='bbox 811 2044 924 2088; x_wconf 74' lang='lat' dir='ltr'>nterim.</span> <span class='ocrx_word' id='word_1_147' title='bbox 942 2024 977 2090; x_wconf 90' lang='lat' dir='ltr'>Si</span> <span class='ocrx_word' id='word_1_148' title='bbox 1004 2044 1070 2088; x_wconf 92' lang='lat' dir='ltr'>non</span> <span class='ocrx_word' id='word_1_149' title='bbox 1096 2021 1232 2087; x_wconf 84' lang='lat' dir='ltr'>deficiat</span> <span class='ocrx_word' id='word_1_150' title='bbox 1256 2043 1300 2086; x_wconf 91' lang='lat' dir='ltr'>ex</span> <span class='ocrx_word' id='word_1_151' title='bbox 1322 2021 1419 2086; x_wconf 87' lang='lat' dir='ltr'>nobis</span> <span class='ocrx_word' id='word_1_152' title='bbox 1445 2017 1580 2103; x_wconf 88' lang='lat' dir='ltr'>spiritus</span> 
     </span>
     <span class='ocr_line' id='line_1_16' title="bbox 176 2122 1579 2211; baseline -0.005 -18"><span class='ocrx_word' id='word_1_153' title='bbox 176 2141 204 2193; x_wconf 81' lang='lat'>¹5</span> <span class='ocrx_word' id='word_1_154' title='bbox 225 2125 333 2188; x_wconf 88' lang='lat' dir='ltr'>malus</span> <span class='ocrx_word' id='word_1_155' title='bbox 349 2125 405 2209; x_wconf 93' lang='lat' dir='ltr'>qui</span> <span class='ocrx_word' id='word_1_156' title='bbox 421 2123 606 2190; x_wconf 81' lang='lat' dir='ltr'>suffocabat</span> <span class='ocrx_word' id='word_1_157' title='bbox 631 2126 723 2204; x_wconf 87' lang='lat' dir='ltr'>Saul,</span> <span class='ocrx_word' id='word_1_158' title='bbox 740 2146 806 2192; x_wconf 93' lang='lat' dir='ltr'>non</span> <span class='ocrx_word' id='word_1_159' title='bbox 832 2136 943 2211; x_wconf 90' lang='lat' dir='ltr'>potest</span> <span class='ocrx_word' id='word_1_160' title='bbox 968 2147 1066 2193; x_wconf 89' lang='lat' dir='ltr'>nosse</span> <span class='ocrx_word' id='word_1_161' title='bbox 1084 2128 1221 2192; x_wconf 88' lang='lat' dir='ltr'>semitas</span> <span class='ocrx_word' id='word_1_162' title='bbox 1248 2134 1378 2190; x_wconf 91' lang='lat' dir='ltr'>nostras</span> <span class='ocrx_word' id='word_1_163' title='bbox 1403 2122 1579 2186; x_wconf 76' lang='lat' dir='ltr'>Dominus</span> 
     </span>
     <span class='ocr_line' id='line_1_17' title="bbox 225 2227 1579 2316; baseline -0.001 -25"><span class='ocrx_word' id='word_1_164' title='bbox 225 2227 322 2312; x_wconf 87' lang='lat' dir='ltr'>Quae</span> <span class='ocrx_word' id='word_1_165' title='bbox 339 2240 450 2294; x_wconf 87' lang='lat' dir='ltr'>autem</span> <span class='ocrx_word' id='word_1_166' title='bbox 468 2240 545 2294; x_wconf 91' lang='lat' dir='ltr'>sunt</span> <span class='ocrx_word' id='word_1_167' title='bbox 561 2230 700 2294; x_wconf 90' lang='lat' dir='ltr'>semitae</span> <span class='ocrx_word' id='word_1_168' title='bbox 717 2231 904 2296; x_wconf 88' lang='lat' dir='ltr'>iustorum?</span> <span class='ocrx_word' id='word_1_169' title='bbox 930 2233 1070 2311; x_wconf 90' lang='lat' dir='ltr'>lustitia,</span> <span class='ocrx_word' id='word_1_170' title='bbox 1086 2252 1187 2316; x_wconf 87' lang='lat' dir='ltr'>opera</span> <span class='ocrx_word' id='word_1_171' title='bbox 1205 2228 1302 2303; x_wconf 86' lang='lat' dir='ltr'>bona,</span> <span class='ocrx_word' id='word_1_172' title='bbox 1318 2229 1386 2293; x_wconf 88' lang='lat' dir='ltr'>vita</span> <span class='ocrx_word' id='word_1_173' title='bbox 1403 2239 1502 2304; x_wconf 87' lang='lat' dir='ltr'>recta,</span> <span class='ocrx_word' id='word_1_174' title='bbox 1525 2246 1579 2291; x_wconf 87' lang='lat' dir='ltr'>ca·</span> 
     </span>
     <span class='ocr_line' id='line_1_18' title="bbox 225 2334 946 2412; baseline 0.008 -16"><span class='ocrx_word' id='word_1_175' title='bbox 225 2335 331 2412; x_wconf 88' lang='lat' dir='ltr'>stitas,</span> <span class='ocrx_word' id='word_1_176' title='bbox 345 2334 560 2412; x_wconf 84' lang='lat' dir='ltr'>continentia,</span> <span class='ocrx_word' id='word_1_177' title='bbox 576 2345 609 2398; x_wconf 91' lang='lat' dir='ltr'>et</span> <span class='ocrx_word' id='word_1_178' title='bbox 624 2347 735 2400; x_wconf 87' lang='lat' dir='ltr'>cetera</span> <span class='ocrx_word' id='word_1_179' title='bbox 750 2335 800 2399; x_wconf 90' lang='lat' dir='ltr'>his</span> <span class='ocrx_word' id='word_1_180' title='bbox 816 2337 946 2402; x_wconf 88' lang='lat' dir='ltr'>similia.</span> 
     </span>
     <span class='ocr_line' id='line_1_19' title="bbox 220 2433 1580 2522; baseline -0.003 -20"><span class='ocrx_word' id='word_1_181' title='bbox 220 2433 225 2442; x_wconf 82' lang='grc'><strong>’</strong></span> <span class='ocrx_word' id='word_1_182' title='bbox 269 2438 310 2502; x_wconf 88' lang='lat' dir='ltr'>ln</span> <span class='ocrx_word' id='word_1_183' title='bbox 327 2437 383 2502; x_wconf 89' lang='lat' dir='ltr'>via</span> <span class='ocrx_word' id='word_1_184' title='bbox 405 2437 466 2503; x_wconf 83' lang='lat' dir='ltr'>lmc</span> <span class='ocrx_word' id='word_1_185' title='bbox 489 2459 554 2521; x_wconf 85' lang='lat' dir='ltr'>qua</span> <span class='ocrx_word' id='word_1_186' title='bbox 580 2435 797 2517; x_wconf 85' lang='lat' dir='ltr'>ambulabam,</span> <span class='ocrx_word' id='word_1_187' title='bbox 823 2440 1054 2504; x_wconf 82' lang='lat' dir='ltr'>absconderunt</span> <span class='ocrx_word' id='word_1_188' title='bbox 1076 2438 1226 2522; x_wconf 81' lang='lat' dir='ltr'>laqueum</span> <span class='ocrx_word' id='word_1_189' title='bbox 1251 2435 1342 2502; x_wconf 72' lang='lat' dir='ltr'>rnr&#39;lzi.</span> <span class='ocrx_word' id='word_1_190' title='bbox 1370 2437 1478 2519; x_wconf 88' lang='lat' dir='ltr'>Prope</span> <span class='ocrx_word' id='word_1_191' title='bbox 1502 2443 1580 2498; x_wconf 90' lang='lat' dir='ltr'>sunt</span> 
     </span>
     <span class='ocr_line' id='line_1_20' title="bbox 226 2541 1579 2627; baseline -0.005 -17"><span class='ocrx_word' id='word_1_192' title='bbox 226 2545 307 2610; x_wconf 88' lang='lat' dir='ltr'>vitia</span> <span class='ocrx_word' id='word_1_193' title='bbox 321 2543 506 2608; x_wconf 88' lang='lat' dir='ltr'>virtutibus.</span> <span class='ocrx_word' id='word_1_194' title='bbox 525 2545 563 2608; x_wconf 92' lang='lat' dir='ltr'>ln</span> <span class='ocrx_word' id='word_1_195' title='bbox 579 2564 790 2627; x_wconf 91' lang='lat' dir='ltr'>quacumque</span> <span class='ocrx_word' id='word_1_196' title='bbox 806 2545 859 2608; x_wconf 88' lang='lat' dir='ltr'>via</span> <span class='ocrx_word' id='word_1_197' title='bbox 871 2544 1011 2610; x_wconf 90' lang='lat' dir='ltr'>voluerit</span> <span class='ocrx_word' id='word_1_198' title='bbox 1028 2543 1147 2627; x_wconf 87' lang='lat' dir='ltr'>aliquis</span> <span class='ocrx_word' id='word_1_199' title='bbox 1162 2542 1342 2620; x_wconf 89' lang='lat' dir='ltr'>ambulare,</span> <span class='ocrx_word' id='word_1_200' title='bbox 1353 2541 1385 2604; x_wconf 92' lang='lat' dir='ltr'>in</span> <span class='ocrx_word' id='word_1_201' title='bbox 1397 2560 1436 2604; x_wconf 88' lang='lat' dir='ltr'>ea</span> <span class='ocrx_word' id='word_1_202' title='bbox 1449 2548 1579 2623; x_wconf 91' lang='lat' dir='ltr'>ponunt</span> 
     </span>
     <span class='ocr_line' id='line_1_21' title="bbox 176 2643 1449 2732; baseline -0.002 -21"><span class='ocrx_word' id='word_1_203' title='bbox 176 2663 209 2702; x_wconf 68' lang='grc' dir='ltr'><strong>ω</strong></span> <span class='ocrx_word' id='word_1_204' title='bbox 227 2649 382 2732; x_wconf 91' lang='lat' dir='ltr'>laqueos:</span> <span class='ocrx_word' id='word_1_205' title='bbox 398 2657 455 2712; x_wconf 90' lang='lat' dir='ltr'>aut</span> <span class='ocrx_word' id='word_1_206' title='bbox 471 2645 504 2712; x_wconf 94' lang='lat' dir='ltr'>in</span> <span class='ocrx_word' id='word_1_207' title='bbox 522 2647 654 2725; x_wconf 88' lang='lat' dir='ltr'>ieiunio,</span> <span class='ocrx_word' id='word_1_208' title='bbox 671 2657 728 2712; x_wconf 91' lang='lat' dir='ltr'>aut</span> <span class='ocrx_word' id='word_1_209' title='bbox 745 2648 778 2710; x_wconf 93' lang='lat' dir='ltr'>in</span> <span class='ocrx_word' id='word_1_210' title='bbox 795 2647 986 2727; x_wconf 87' lang='lat' dir='ltr'>elemosina,</span> <span class='ocrx_word' id='word_1_211' title='bbox 1002 2659 1061 2713; x_wconf 90' lang='lat' dir='ltr'>aut</span> <span class='ocrx_word' id='word_1_212' title='bbox 1077 2648 1110 2712; x_wconf 92' lang='lat' dir='ltr'>in</span> <span class='ocrx_word' id='word_1_213' title='bbox 1131 2648 1247 2713; x_wconf 88' lang='lat' dir='ltr'>ceteris</span> <span class='ocrx_word' id='word_1_214' title='bbox 1264 2643 1449 2710; x_wconf 86' lang='lat' dir='ltr'>virtutibus.</span> 
     </span>
     <span class='ocr_line' id='line_1_22' title="bbox 271 2750 1579 2835; baseline -0.005 -18"><span class='ocrx_word' id='word_1_215' title='bbox 271 2751 521 2817; x_wconf 70' lang='lat' dir='ltr'>Considerabam</span> <span class='ocrx_word' id='word_1_216' title='bbox 536 2751 585 2816; x_wconf 83' lang='lat' dir='ltr'>nd</span> <span class='ocrx_word' id='word_1_217' title='bbox 596 2753 763 2816; x_wconf 77' lang='lat' dir='ltr'>dexteram</span> <span class='ocrx_word' id='word_1_218' title='bbox 779 2763 811 2816; x_wconf 83' lang='lat' dir='ltr'>et</span> <span class='ocrx_word' id='word_1_219' title='bbox 825 2753 973 2818; x_wconf 80' lang='lat' dir='ltr'>videbam</span> <span class='ocrx_word' id='word_1_220' title='bbox 987 2775 999 2818; x_wconf 94' lang='lat'><em>:</em></span> <span class='ocrx_word' id='word_1_221' title='bbox 1013 2764 1044 2818; x_wconf 85' lang='lat' dir='ltr'>et</span> <span class='ocrx_word' id='word_1_222' title='bbox 1068 2774 1129 2818; x_wconf 85' lang='lat' dir='ltr'>non</span> <span class='ocrx_word' id='word_1_223' title='bbox 1145 2762 1218 2818; x_wconf 83' lang='lat' dir='ltr'>crat</span> <span class='ocrx_word' id='word_1_224' title='bbox 1230 2750 1291 2835; x_wconf 83' lang='lat' dir='ltr'>qui</span> <span class='ocrx_word' id='word_1_225' title='bbox 1313 2756 1507 2832; x_wconf 82' lang='lat' dir='ltr'>cognosceret</span> <span class='ocrx_word' id='word_1_226' title='bbox 1522 2766 1579 2811; x_wconf 84' lang='lat' dir='ltr'>me.</span> 
     </span>
     <span class='ocr_line' id='line_1_23' title="bbox 227 2851 1578 2941; baseline -0.002 -22"><span class='ocrx_word' id='word_1_227' title='bbox 227 2853 262 2919; x_wconf 91' lang='lat' dir='ltr'>Si</span> <span class='ocrx_word' id='word_1_228' title='bbox 275 2855 308 2918; x_wconf 92' lang='lat' dir='ltr'>in</span> <span class='ocrx_word' id='word_1_229' title='bbox 326 2856 511 2921; x_wconf 89' lang='lat' dir='ltr'>Dominum</span> <span class='ocrx_word' id='word_1_230' title='bbox 528 2855 702 2920; x_wconf 83' lang='lat' dir='ltr'>fecerimus</span> <span class='ocrx_word' id='word_1_231' title='bbox 719 2857 896 2940; x_wconf 87' lang='lat' dir='ltr'>psalmum,</span> <span class='ocrx_word' id='word_1_232' title='bbox 909 2860 980 2941; x_wconf 88' lang='lat' dir='ltr'>ipse</span> <span class='ocrx_word' id='word_1_233' title='bbox 993 2859 1159 2924; x_wconf 90' lang='lat' dir='ltr'>Dominus</span> <span class='ocrx_word' id='word_1_234' title='bbox 1175 2857 1328 2941; x_wconf 85' lang='lat' dir='ltr'>loquitur.</span> <span class='ocrx_word' id='word_1_235' title='bbox 1340 2853 1468 2920; x_wconf 90' lang='lat' dir='ltr'>Omnes</span> <span class='ocrx_word' id='word_1_236' title='bbox 1480 2851 1578 2916; x_wconf 91' lang='lat' dir='ltr'>disci·</span> 
     </span>
     <span class='ocr_line' id='line_1_24' title="bbox 226 2953 1579 3044; baseline -0.001 -22"><span class='ocrx_word' id='word_1_237' title='bbox 226 2957 293 3040; x_wconf 92' lang='lat' dir='ltr'>puli</span> <span class='ocrx_word' id='word_1_238' title='bbox 311 2959 375 3022; x_wconf 92' lang='lat' dir='ltr'>mei</span> <span class='ocrx_word' id='word_1_239' title='bbox 392 2959 637 3043; x_wconf 88' lang='lat' dir='ltr'>dereliquerunt</span> <span class='ocrx_word' id='word_1_240' title='bbox 666 2981 728 3038; x_wconf 90' lang='lat' dir='ltr'>me,</span> <span class='ocrx_word' id='word_1_241' title='bbox 744 2971 777 3025; x_wconf 89' lang='lat' dir='ltr'>et</span> <span class='ocrx_word' id='word_1_242' title='bbox 802 2959 965 3044; x_wconf 84' lang='lat' dir='ltr'>sugerunt.</span> <span class='ocrx_word' id='word_1_243' title='bbox 983 2963 1083 3028; x_wconf 89' lang='lat' dir='ltr'>Unus</span> <span class='ocrx_word' id='word_1_244' title='bbox 1099 2969 1303 3025; x_wconf 88' lang='lat' dir='ltr'>remanserat</span> <span class='ocrx_word' id='word_1_245' title='bbox 1331 2959 1456 3034; x_wconf 90' lang='lat' dir='ltr'>Petrus,</span> <span class='ocrx_word' id='word_1_246' title='bbox 1472 2953 1579 3038; x_wconf 88' lang='lat' dir='ltr'>quise</span> 
     </span>
     <span class='ocr_line' id='line_1_25' title="bbox 227 3057 1579 3150; baseline -0.001 -24"><span class='ocrx_word' id='word_1_247' title='bbox 227 3063 421 3148; x_wconf 90' lang='lat' dir='ltr'>promiserat</span> <span class='ocrx_word' id='word_1_248' title='bbox 448 3064 562 3128; x_wconf 90' lang='lat' dir='ltr'>dicens</span> <span class='ocrx_word' id='word_1_249' title='bbox 577 3069 585 3096; x_wconf 90' lang='lat'>‘</span> <span class='ocrx_word' id='word_1_250' title='bbox 603 3064 639 3131; x_wconf 93' lang='lat' dir='ltr'>Si</span> <span class='ocrx_word' id='word_1_251' title='bbox 659 3073 792 3148; x_wconf 88' lang='lat' dir='ltr'>oportet</span> <span class='ocrx_word' id='word_1_252' title='bbox 811 3087 863 3129; x_wconf 90' lang='lat' dir='ltr'>me</span> <span class='ocrx_word' id='word_1_253' title='bbox 880 3077 989 3150; x_wconf 89' lang='lat' dir='ltr'>prote</span> <span class='ocrx_word' id='word_1_254' title='bbox 1006 3066 1098 3144; x_wconf 88' lang='lat' dir='ltr'>mori,</span> <span class='ocrx_word' id='word_1_255' title='bbox 1115 3085 1181 3129; x_wconf 93' lang='lat' dir='ltr'>non</span> <span class='ocrx_word' id='word_1_256' title='bbox 1200 3073 1233 3130; x_wconf 93' lang='lat' dir='ltr'>te</span> <span class='ocrx_word' id='word_1_257' title='bbox 1257 3061 1487 3145; x_wconf 87' lang='lat' dir='ltr'>derelinquam</span> <span class='ocrx_word' id='word_1_258' title='bbox 1503 3057 1531 3124; x_wconf 75' lang='grc' dir='ltr'><strong>ἰ</strong></span> <span class='ocrx_word' id='word_1_259' title='bbox 1546 3070 1579 3125; x_wconf 90' lang='lat' dir='ltr'>et</span> 
     </span>
     <span class='ocr_line' id='line_1_26' title="bbox 177 3167 1578 3252; baseline -0.003 -20"><span class='ocrx_word' id='word_1_260' title='bbox 177 3179 208 3232; x_wconf 83' lang='lat'>25</span> <span class='ocrx_word' id='word_1_261' title='bbox 226 3169 297 3252; x_wconf 88' lang='lat' dir='ltr'>ipse</span> <span class='ocrx_word' id='word_1_262' title='bbox 323 3169 466 3252; x_wconf 85' lang='lat' dir='ltr'>negavit.</span> <span class='ocrx_word' id='word_1_263' title='bbox 484 3167 665 3252; x_wconf 90' lang='lat' dir='ltr'>Propterea</span> <span class='ocrx_word' id='word_1_264' title='bbox 694 3169 792 3246; x_wconf 88' lang='lat' dir='ltr'>dixit,</span> <span class='ocrx_word' id='word_1_265' title='bbox 807 3169 1069 3234; x_wconf 86' lang='lat' dir='ltr'>Considerabam</span> <span class='ocrx_word' id='word_1_266' title='bbox 1087 3189 1163 3233; x_wconf 91' lang='lat' dir='ltr'>eum</span> <span class='ocrx_word' id='word_1_267' title='bbox 1190 3168 1233 3231; x_wconf 91' lang='lat' dir='ltr'>ad</span> <span class='ocrx_word' id='word_1_268' title='bbox 1260 3167 1446 3244; x_wconf 85' lang='lat' dir='ltr'>dexteram,</span> <span class='ocrx_word' id='word_1_269' title='bbox 1462 3173 1496 3230; x_wconf 92' lang='lat' dir='ltr'>et</span> <span class='ocrx_word' id='word_1_270' title='bbox 1512 3183 1578 3229; x_wconf 89' lang='lat' dir='ltr'>non</span> 
     </span>
     <span class='ocr_line' id='line_1_27' title="bbox 226 3271 1222 3355; baseline 0.001 -19"><span class='ocrx_word' id='word_1_271' title='bbox 226 3273 313 3336; x_wconf 88' lang='lat' dir='ltr'>dixit</span> <span class='ocrx_word' id='word_1_272' title='bbox 328 3273 369 3336; x_wconf 93' lang='lat' dir='ltr'>ad</span> <span class='ocrx_word' id='word_1_273' title='bbox 386 3272 565 3350; x_wconf 86' lang='lat' dir='ltr'>sinistram,</span> <span class='ocrx_word' id='word_1_274' title='bbox 579 3271 737 3355; x_wconf 91' lang='lat' dir='ltr'>quoniam</span> <span class='ocrx_word' id='word_1_275' title='bbox 754 3273 823 3354; x_wconf 85' lang='lat' dir='ltr'>egit</span> <span class='ocrx_word' id='word_1_276' title='bbox 839 3273 1080 3354; x_wconf 87' lang='lat' dir='ltr'>paenitentiam</span> <span class='ocrx_word' id='word_1_277' title='bbox 1097 3273 1222 3337; x_wconf 78' lang='lat' dir='ltr'>Petrus</span> 
     </span>
     <span class='ocr_line' id='line_1_28' title="bbox 267 3373 1582 3461; baseline -0.002 -22"><span class='ocrx_word' id='word_1_278' title='bbox 267 3375 378 3439; x_wconf 82' lang='lat' dir='ltr'>Periit</span> <span class='ocrx_word' id='word_1_279' title='bbox 383 3376 475 3458; x_wconf 85' lang='lat' dir='ltr'>suga</span> <span class='ocrx_word' id='word_1_280' title='bbox 491 3397 513 3438; x_wconf 86' lang='lat' dir='ltr'><em>a</em></span> <span class='ocrx_word' id='word_1_281' title='bbox 529 3396 585 3440; x_wconf 84' lang='lat' dir='ltr'>me.</span> <span class='ocrx_word' id='word_1_282' title='bbox 603 3375 749 3458; x_wconf 85' lang='lat' dir='ltr'>Quando</span> <span class='ocrx_word' id='word_1_283' title='bbox 771 3377 1020 3461; x_wconf 90' lang='lat' dir='ltr'>conprehensus</span> <span class='ocrx_word' id='word_1_284' title='bbox 1044 3388 1095 3444; x_wconf 91' lang='lat' dir='ltr'>est</span> <span class='ocrx_word' id='word_1_285' title='bbox 1120 3399 1139 3442; x_wconf 92' lang='lat' dir='ltr'>a</span> <span class='ocrx_word' id='word_1_286' title='bbox 1165 3378 1306 3444; x_wconf 84' lang='lat' dir='ltr'>Iudaeis.</span> <span class='ocrx_word' id='word_1_287' title='bbox 1323 3375 1369 3440; x_wconf 89' lang='lat' dir='ltr'>Et</span> <span class='ocrx_word' id='word_1_288' title='bbox 1384 3395 1446 3440; x_wconf 88' lang='lat' dir='ltr'>non</span> <span class='ocrx_word' id='word_1_289' title='bbox 1461 3373 1582 3458; x_wconf 83' lang='lat' dir='ltr'>estqui</span> 
     </span>
     <span class='ocr_line' id='line_1_29' title="bbox 225 3477 1535 3564; baseline 0.001 -21"><span class='ocrx_word' id='word_1_290' title='bbox 225 3479 373 3564; x_wconf 85' lang='lat' dir='ltr'>requirat</span> <span class='ocrx_word' id='word_1_291' title='bbox 385 3480 534 3544; x_wconf 78' lang='lat' dir='ltr'>arrimam</span> <span class='ocrx_word' id='word_1_292' title='bbox 550 3502 664 3546; x_wconf 83' lang='lat' dir='ltr'>meam.</span> <span class='ocrx_word' id='word_1_293' title='bbox 678 3481 806 3546; x_wconf 90' lang='lat' dir='ltr'>Omnes</span> <span class='ocrx_word' id='word_1_294' title='bbox 822 3484 910 3547; x_wconf 90' lang='lat' dir='ltr'>enim</span> <span class='ocrx_word' id='word_1_295' title='bbox 927 3483 1138 3548; x_wconf 86' lang='lat' dir='ltr'>clamabant:</span> <span class='ocrx_word' id='word_1_296' title='bbox 1154 3486 1162 3515; x_wconf 90' lang='lat'>‘</span> <span class='ocrx_word' id='word_1_297' title='bbox 1176 3479 1339 3564; x_wconf 84' lang='lat' dir='ltr'>Crucifige</span> <span class='ocrx_word' id='word_1_298' title='bbox 1355 3477 1509 3562; x_wconf 86' lang='lat' dir='ltr'>crucifige</span> <span class='ocrx_word' id='word_1_299' title='bbox 1519 3479 1535 3544; x_wconf 85' lang='lat'>&#39;.</span> 
     </span>
    </p>
   </div>
   <div class='ocr_carea' id='block_1_3' title="bbox 217 3666 1579 4471">
    <p class='ocr_par' dir='ltr' id='par_1_3' title="bbox 258 3666 1579 3740">
     <span class='ocr_line' id='line_1_30' title="bbox 258 3666 1579 3740; baseline 0 -24"><span class='ocrx_word' id='word_1_300' title='bbox 258 3681 268 3716; x_wconf 88' lang='grc' dir='ltr'>ι</span> <span class='ocrx_word' id='word_1_301' title='bbox 283 3669 311 3716; x_wconf 86' lang='lat' dir='ltr'>in</span> <span class='ocrx_word' id='word_1_302' title='bbox 323 3666 390 3717; x_wconf 78' lang='lat' dir='ltr'>hunc</span> <span class='ocrx_word' id='word_1_303' title='bbox 402 3667 536 3731; x_wconf 75' lang='lat' dir='ltr'>reundum]</span> <span class='ocrx_word' id='word_1_304' title='bbox 549 3669 570 3718; x_wconf 94' lang='lat' dir='ltr'>C</span> <span class='ocrx_word' id='word_1_305' title='bbox 581 3685 588 3728; x_wconf 70' lang='grc' dir='ltr'>ς</span> <span class='ocrx_word' id='word_1_306' title='bbox 601 3667 630 3718; x_wconf 82' lang='lat' dir='ltr'>in</span> <span class='ocrx_word' id='word_1_307' title='bbox 641 3668 684 3719; x_wconf 77' lang='lat' dir='ltr'>hoc</span> <span class='ocrx_word' id='word_1_308' title='bbox 696 3671 789 3720; x_wconf 80' lang='lat' dir='ltr'>rrrumio</span> <span class='ocrx_word' id='word_1_309' title='bbox 803 3669 916 3740; x_wconf 54' lang='lat' dir='ltr'>presso.</span> <span class='ocrx_word' id='word_1_310' title='bbox 992 3671 1113 3736; x_wconf 77' lang='lat' dir='ltr'>inmittit]</span> <span class='ocrx_word' id='word_1_311' title='bbox 1124 3672 1208 3720; x_wconf 77' lang='lat' dir='ltr'>nri&#39;ttat</span> <span class='ocrx_word' id='word_1_312' title='bbox 1221 3687 1247 3734; x_wconf 84' lang='grc' dir='ltr'>μ.</span> <span class='ocrx_word' id='word_1_313' title='bbox 1325 3669 1354 3718; x_wconf 80' lang='lat' dir='ltr'>in</span> <span class='ocrx_word' id='word_1_314' title='bbox 1366 3667 1434 3717; x_wconf 81' lang='lat' dir='ltr'>hunc</span> <span class='ocrx_word' id='word_1_315' title='bbox 1445 3667 1579 3728; x_wconf 75' lang='lat' dir='ltr'>reundum]</span> 
     </span>
    </p>

    <p class='ocr_par' dir='ltr' id='par_1_4' title="bbox 217 3747 1579 4471">
     <span class='ocr_line' id='line_1_31' title="bbox 225 3747 1579 3820; baseline -0.003 -19"><span class='ocrx_word' id='word_1_316' title='bbox 225 3748 262 3818; x_wconf 76' lang='grc' dir='ltr'>βΕ</span> <span class='ocrx_word' id='word_1_317' title='bbox 270 3750 367 3810; x_wconf 73' lang='lat' dir='ltr'>tiniec</span> <span class='ocrx_word' id='word_1_318' title='bbox 378 3751 536 3814; x_wconf 74' lang='lat' dir='ltr'>murtdopet</span> <span class='ocrx_word' id='word_1_319' title='bbox 545 3760 592 3800; x_wconf 87' lang='lat' dir='ltr'>cel.</span> <span class='ocrx_word' id='word_1_320' title='bbox 662 3753 825 3815; x_wconf 75' lang='lat' dir='ltr'>25i10m.S.</span> <span class='ocrx_word' id='word_1_321' title='bbox 888 3755 1035 3818; x_wconf 79' lang='lat' dir='ltr'>putridum]</span> <span class='ocrx_word' id='word_1_322' title='bbox 1045 3752 1079 3820; x_wconf 72' lang='grc' dir='ltr'>βὸ</span> <span class='ocrx_word' id='word_1_323' title='bbox 1089 3754 1147 3803; x_wconf 84' lang='lat' dir='ltr'>add.</span> <span class='ocrx_word' id='word_1_324' title='bbox 1157 3760 1199 3803; x_wconf 86' lang='lat' dir='ltr'>ert.</span> <span class='ocrx_word' id='word_1_325' title='bbox 1269 3747 1579 3816; x_wconf 78' lang='lat' dir='ltr'>5iuhuncmundum]ira</span> 
     </span>
     <span class='ocr_line' id='line_1_32' title="bbox 223 3827 1579 3896; baseline -0.004 -14"><span class='ocrx_word' id='word_1_326' title='bbox 223 3833 427 3883; x_wconf 64' lang='lat' dir='ltr'>tantundosc.</span> <span class='ocrx_word' id='word_1_327' title='bbox 508 3832 605 3895; x_wconf 66' lang='lat' dir='ltr'>grente</span> <span class='ocrx_word' id='word_1_328' title='bbox 615 3831 680 3896; x_wconf 69' lang='lat' dir='ltr'>ejus]</span> <span class='ocrx_word' id='word_1_329' title='bbox 691 3833 774 3896; x_wconf 77' lang='lat' dir='ltr'>glon‘a</span> <span class='ocrx_word' id='word_1_330' title='bbox 785 3840 820 3880; x_wconf 81' lang='lat' dir='ltr'>est</span> <span class='ocrx_word' id='word_1_331' title='bbox 829 3832 857 3882; x_wconf 91' lang='lat' dir='ltr'>B.</span> <span class='ocrx_word' id='word_1_332' title='bbox 942 3833 1067 3894; x_wconf 85' lang='lat' dir='ltr'>6aSaul]</span> <span class='ocrx_word' id='word_1_333' title='bbox 1080 3833 1215 3882; x_wconf 87' lang='lat' dir='ltr'>SGom.a.</span> <span class='ocrx_word' id='word_1_334' title='bbox 1301 3831 1353 3892; x_wconf 86' lang='lat' dir='ltr'>7in</span> <span class='ocrx_word' id='word_1_335' title='bbox 1366 3827 1579 3890; x_wconf 71' lang='lat' dir='ltr'>transmutatum]</span> 
     </span>
     <span class='ocr_line' id='line_1_33' title="bbox 223 3911 1578 3978; baseline -0.001 -16"><span class='ocrx_word' id='word_1_336' title='bbox 223 3914 409 3964; x_wconf 73' lang='lat' dir='ltr'>interminio</span> <span class='ocrx_word' id='word_1_337' title='bbox 422 3915 472 3976; x_wconf 88' lang='grc' dir='ltr'>μΒ.</span> <span class='ocrx_word' id='word_1_338' title='bbox 560 3926 589 3962; x_wconf 92' lang='lat'>10</span> <span class='ocrx_word' id='word_1_339' title='bbox 600 3914 679 3975; x_wconf 75' lang='lat' dir='ltr'>dicat]</span> <span class='ocrx_word' id='word_1_340' title='bbox 690 3915 753 3963; x_wconf 83' lang='lat' dir='ltr'>dicit</span> <span class='ocrx_word' id='word_1_341' title='bbox 766 3915 912 3978; x_wconf 80' lang='lat' dir='ltr'>p.;indirat</span> <span class='ocrx_word' id='word_1_342' title='bbox 924 3915 955 3964; x_wconf 92' lang='lat' dir='ltr'>G.</span> <span class='ocrx_word' id='word_1_343' title='bbox 1044 3926 1069 3963; x_wconf 88' lang='lat'>11</span> <span class='ocrx_word' id='word_1_344' title='bbox 1084 3915 1153 3964; x_wconf 83' lang='lat' dir='ltr'>Haec</span> <span class='ocrx_word' id='word_1_345' title='bbox 1163 3913 1207 3975; x_wconf 84' lang='lat' dir='ltr'>est]</span> <span class='ocrx_word' id='word_1_346' title='bbox 1219 3914 1336 3973; x_wconf 58' lang='lat' dir='ltr'>soant·</span> <span class='ocrx_word' id='word_1_347' title='bbox 1347 3918 1382 3960; x_wconf 84' lang='lat' dir='ltr'>est</span> <span class='ocrx_word' id='word_1_348' title='bbox 1393 3928 1421 3974; x_wconf 90' lang='grc' dir='ltr'>μ.</span> <span class='ocrx_word' id='word_1_349' title='bbox 1509 3923 1538 3970; x_wconf 89' lang='lat'>14</span> <span class='ocrx_word' id='word_1_350' title='bbox 1550 3911 1578 3960; x_wconf 83' lang='lat' dir='ltr'>in</span> 
     </span>
     <span class='ocr_line' id='line_1_34' title="bbox 223 3989 1576 4062; baseline -0.001 -18"><span class='ocrx_word' id='word_1_351' title='bbox 223 3997 270 4059; x_wconf 85' lang='lat' dir='ltr'>me]</span> <span class='ocrx_word' id='word_1_352' title='bbox 283 3995 384 4059; x_wconf 74' lang='lat' dir='ltr'>szGI</span> <span class='ocrx_word' id='word_1_353' title='bbox 395 4013 403 4054; x_wconf 88' lang='lat'>;</span> <span class='ocrx_word' id='word_1_354' title='bbox 414 4011 445 4044; x_wconf 81' lang='lat' dir='ltr'>ex</span> <span class='ocrx_word' id='word_1_355' title='bbox 457 4011 494 4044; x_wconf 81' lang='lat' dir='ltr'>me</span> <span class='ocrx_word' id='word_1_356' title='bbox 505 3997 525 4044; x_wconf 91' lang='lat' dir='ltr'>C</span> <span class='ocrx_word' id='word_1_357' title='bbox 539 3997 586 4059; x_wconf 76' lang='lat' dir='ltr'>(gr.</span> <span class='ocrx_word' id='word_1_358' title='bbox 602 3989 627 4054; x_wconf 82' lang='grc' dir='ltr'>ἐξ</span> <span class='ocrx_word' id='word_1_359' title='bbox 643 3991 728 4060; x_wconf 78' lang='grc' dir='ltr'>ἐμοῦ).</span> <span class='ocrx_word' id='word_1_360' title='bbox 818 4007 845 4059; x_wconf 79' lang='lat'>15</span> <span class='ocrx_word' id='word_1_361' title='bbox 857 3997 1000 4061; x_wconf 64' lang='lat' dir='ltr'>suffocabat]</span> <span class='ocrx_word' id='word_1_362' title='bbox 1012 3997 1126 4062; x_wconf 62' lang='lat' dir='ltr'>mj&#39;orabat</span> <span class='ocrx_word' id='word_1_363' title='bbox 1137 3997 1169 4046; x_wconf 91' lang='lat' dir='ltr'>G.</span> <span class='ocrx_word' id='word_1_364' title='bbox 1253 3995 1283 4044; x_wconf 82' lang='lat'>16</span> <span class='ocrx_word' id='word_1_365' title='bbox 1294 3994 1410 4056; x_wconf 84' lang='lat' dir='ltr'>Iustitia]</span> <span class='ocrx_word' id='word_1_366' title='bbox 1422 3993 1536 4044; x_wconf 73' lang='lat' dir='ltr'>iustitiae</span> <span class='ocrx_word' id='word_1_367' title='bbox 1548 3994 1576 4043; x_wconf 91' lang='lat' dir='ltr'>B.</span> 
     </span>
     <span class='ocr_line' id='line_1_35' title="bbox 222 4073 1578 4144; baseline -0.001 -18"><span class='ocrx_word' id='word_1_368' title='bbox 222 4073 435 4136; x_wconf 73' lang='lat' dir='ltr'>uitalcoddtvia</span> <span class='ocrx_word' id='word_1_369' title='bbox 449 4093 475 4140; x_wconf 82' lang='grc' dir='ltr'>μ.</span> <span class='ocrx_word' id='word_1_370' title='bbox 564 4076 592 4126; x_wconf 88' lang='lat'>18</span> <span class='ocrx_word' id='word_1_371' title='bbox 605 4079 752 4143; x_wconf 80' lang='lat' dir='ltr'>quannam</span> <span class='ocrx_word' id='word_1_372' title='bbox 765 4079 816 4128; x_wconf 89' lang='lat' dir='ltr'>SG.</span> <span class='ocrx_word' id='word_1_373' title='bbox 910 4079 1057 4144; x_wconf 81' lang='lat' dir='ltr'>19porrrmt]</span> <span class='ocrx_word' id='word_1_374' title='bbox 1070 4080 1086 4128; x_wconf 92' lang='lat' dir='ltr'>S</span> <span class='ocrx_word' id='word_1_375' title='bbox 1099 4078 1173 4128; x_wconf 90' lang='lat' dir='ltr'>inser.</span> <span class='ocrx_word' id='word_1_376' title='bbox 1187 4079 1294 4128; x_wconf 82' lang='lat' dir='ltr'>irrr&#39;rm&#39;ci.</span> <span class='ocrx_word' id='word_1_377' title='bbox 1389 4090 1420 4126; x_wconf 85' lang='lat'>20</span> <span class='ocrx_word' id='word_1_378' title='bbox 1432 4079 1461 4126; x_wconf 80' lang='lat' dir='ltr'>itr</span> <span class='ocrx_word' id='word_1_379' title='bbox 1473 4074 1578 4136; x_wconf 80' lang='lat' dir='ltr'>ieiunio]</span> 
     </span>
     <span class='ocr_line' id='line_1_36' title="bbox 223 4155 1578 4218; baseline -0.004 -10"><span class='ocrx_word' id='word_1_380' title='bbox 223 4159 390 4209; x_wconf 79' lang='lat' dir='ltr'>irrieiunium</span> <span class='ocrx_word' id='word_1_381' title='bbox 404 4159 432 4208; x_wconf 92' lang='lat' dir='ltr'>B.</span> <span class='ocrx_word' id='word_1_382' title='bbox 534 4161 563 4207; x_wconf 83' lang='lat' dir='ltr'>in</span> <span class='ocrx_word' id='word_1_383' title='bbox 582 4158 728 4218; x_wconf 80' lang='lat' dir='ltr'>elemosina]</span> <span class='ocrx_word' id='word_1_384' title='bbox 747 4159 919 4205; x_wconf 75' lang='lat' dir='ltr'>aelr&#39;nrosinam</span> <span class='ocrx_word' id='word_1_385' title='bbox 940 4159 960 4205; x_wconf 89' lang='grc' dir='ltr'><strong>Β</strong></span> <span class='ocrx_word' id='word_1_386' title='bbox 980 4159 1040 4217; x_wconf 87' lang='lat' dir='ltr'>(om.</span> <span class='ocrx_word' id='word_1_387' title='bbox 1056 4159 1103 4218; x_wconf 83' lang='lat' dir='ltr'>in).</span> <span class='ocrx_word' id='word_1_388' title='bbox 1206 4169 1236 4205; x_wconf 83' lang='lat'>22</span> <span class='ocrx_word' id='word_1_389' title='bbox 1257 4159 1286 4206; x_wconf 83' lang='lat' dir='ltr'>in</span> <span class='ocrx_word' id='word_1_390' title='bbox 1306 4155 1528 4216; x_wconf 75' lang='lat' dir='ltr'>Domr&#39;nrern1C83</span> <span class='ocrx_word' id='word_1_391' title='bbox 1549 4157 1578 4203; x_wconf 82' lang='lat' dir='ltr'>in</span> 
     </span>
     <span class='ocr_line' id='line_1_37' title="bbox 223 4236 1578 4306; baseline -0.006 -15"><span class='ocrx_word' id='word_1_392' title='bbox 223 4243 307 4291; x_wconf 65' lang='lat' dir='ltr'>&amp;uns</span> <span class='ocrx_word' id='word_1_393' title='bbox 320 4241 380 4306; x_wconf 82' lang='grc' dir='ltr'>μΒ;</span> <span class='ocrx_word' id='word_1_394' title='bbox 400 4241 429 4290; x_wconf 87' lang='lat' dir='ltr'>in</span> <span class='ocrx_word' id='word_1_395' title='bbox 440 4241 488 4290; x_wconf 84' lang='lat' dir='ltr'>dno</span> <span class='ocrx_word' id='word_1_396' title='bbox 500 4240 546 4291; x_wconf 89' lang='lat' dir='ltr'>GI.</span> <span class='ocrx_word' id='word_1_397' title='bbox 650 4253 681 4304; x_wconf 82' lang='lat'>23</span> <span class='ocrx_word' id='word_1_398' title='bbox 694 4237 833 4303; x_wconf 76' lang='lat' dir='ltr'>sugerunt]</span> <span class='ocrx_word' id='word_1_399' title='bbox 843 4239 985 4302; x_wconf 77' lang='lat' dir='ltr'>fugierunt</span> <span class='ocrx_word' id='word_1_400' title='bbox 996 4239 1027 4288; x_wconf 92' lang='lat' dir='ltr'>G.</span> <span class='ocrx_word' id='word_1_401' title='bbox 1128 4240 1237 4300; x_wconf 69' lang='lat' dir='ltr'>rddere</span> <span class='ocrx_word' id='word_1_402' title='bbox 1251 4240 1271 4289; x_wconf 90' lang='grc' dir='ltr'>Ι.</span> <span class='ocrx_word' id='word_1_403' title='bbox 1372 4251 1404 4299; x_wconf 85' lang='lat'>24</span> <span class='ocrx_word' id='word_1_404' title='bbox 1417 4236 1578 4301; x_wconf 75' lang='lat' dir='ltr'>promiserat]</span> 
     </span>
     <span class='ocr_line' id='line_1_38' title="bbox 217 4318 1577 4387; baseline -0.004 -17"><span class='ocrx_word' id='word_1_405' title='bbox 217 4323 337 4387; x_wconf 75' lang='lat' dir='ltr'>proncisr&#39;t</span> <span class='ocrx_word' id='word_1_406' title='bbox 349 4339 376 4386; x_wconf 84' lang='grc' dir='ltr'>μ.</span> <span class='ocrx_word' id='word_1_407' title='bbox 477 4321 578 4386; x_wconf 79' lang='lat' dir='ltr'>oportet]</span> <span class='ocrx_word' id='word_1_408' title='bbox 595 4321 730 4385; x_wconf 77' lang='lat' dir='ltr'>oportuerit</span> <span class='ocrx_word' id='word_1_409' title='bbox 742 4321 771 4369; x_wconf 87' lang='lat' dir='ltr'>C.</span> <span class='ocrx_word' id='word_1_410' title='bbox 873 4330 903 4383; x_wconf 81' lang='lat'>25</span> <span class='ocrx_word' id='word_1_411' title='bbox 915 4321 995 4383; x_wconf 79' lang='lat' dir='ltr'>dr&#39;xit]</span> <span class='ocrx_word' id='word_1_412' title='bbox 1016 4320 1065 4386; x_wconf 79' lang='lat' dir='ltr'>ipse</span> <span class='ocrx_word' id='word_1_413' title='bbox 1075 4321 1143 4370; x_wconf 72' lang='lat' dir='ltr'>dicit</span> <span class='ocrx_word' id='word_1_414' title='bbox 1155 4321 1193 4381; x_wconf 82' lang='lat' dir='ltr'>B;</span> <span class='ocrx_word' id='word_1_415' title='bbox 1212 4321 1271 4371; x_wconf 83' lang='lat' dir='ltr'>dixi</span> <span class='ocrx_word' id='word_1_416' title='bbox 1280 4321 1309 4372; x_wconf 90' lang='lat' dir='ltr'>C.</span> <span class='ocrx_word' id='word_1_417' title='bbox 1411 4319 1441 4369; x_wconf 90' lang='lat'>28</span> <span class='ocrx_word' id='word_1_418' title='bbox 1453 4318 1577 4384; x_wconf 84' lang='lat' dir='ltr'>requirat]</span> 
     </span>
     <span class='ocr_line' id='line_1_39' title="bbox 222 4401 1487 4471; baseline -0.011 -18"><span class='ocrx_word' id='word_1_419' title='bbox 222 4405 364 4471; x_wconf 74' lang='lat' dir='ltr'>requirctC</span> <span class='ocrx_word' id='word_1_420' title='bbox 378 4405 476 4464; x_wconf 87' lang='lat' dir='ltr'>(mutat.</span> <span class='ocrx_word' id='word_1_421' title='bbox 489 4402 514 4452; x_wconf 90' lang='lat' dir='ltr'>in</span> <span class='ocrx_word' id='word_1_422' title='bbox 527 4401 681 4468; x_wconf 78' lang='lat' dir='ltr'>requireret).</span> <span class='ocrx_word' id='word_1_423' title='bbox 1484 4416 1487 4422; x_wconf 94' lang='lat'>·</span> 
     </span>
    </p>
   </div>
   <div class='ocr_carea' id='block_1_4' title="bbox 264 4551 1485 4796">
    <p class='ocr_par' dir='ltr' id='par_1_5' title="bbox 264 4551 1485 4796">
     <span class='ocr_line' id='line_1_40' title="bbox 264 4551 1128 4636; baseline -0.003 -22"><span class='ocrx_word' id='word_1_424' title='bbox 264 4557 290 4616; x_wconf 90' lang='grc'>6.</span> <span class='ocrx_word' id='word_1_425' title='bbox 306 4552 380 4636; x_wconf 83' lang='lat' dir='ltr'>cius]</span> <span class='ocrx_word' id='word_1_426' title='bbox 398 4553 489 4613; x_wconf 86' lang='lat' dir='ltr'>Hebr.</span> <span class='ocrx_word' id='word_1_427' title='bbox 512 4573 535 4624; x_wconf 89' lang='lat' dir='ltr'>r,</span> <span class='ocrx_word' id='word_1_428' title='bbox 553 4572 579 4627; x_wconf 82' lang='lat'>3.</span> <span class='ocrx_word' id='word_1_429' title='bbox 924 4570 951 4629; x_wconf 93' lang='lat' dir='ltr'>p.</span> <span class='ocrx_word' id='word_1_430' title='bbox 968 4570 1034 4628; x_wconf 84' lang='lat'>273,</span> <span class='ocrx_word' id='word_1_431' title='bbox 1050 4551 1067 4611; x_wconf 93' lang='lat' dir='ltr'>l.</span> <span class='ocrx_word' id='word_1_432' title='bbox 1085 4569 1128 4612; x_wconf 89' lang='lat'>11.</span> 
     </span>
     <span class='ocr_line' id='line_1_41' title="bbox 267 4630 1485 4714; baseline -0.004 -19"><span class='ocrx_word' id='word_1_433' title='bbox 267 4657 311 4712; x_wconf 84' lang='lat'>13.</span> <span class='ocrx_word' id='word_1_434' title='bbox 327 4655 384 4694; x_wconf 82' lang='lat' dir='ltr'>non</span> <span class='ocrx_word' id='word_1_435' title='bbox 397 4631 559 4714; x_wconf 84' lang='lat' dir='ltr'>confundit]</span> <span class='ocrx_word' id='word_1_436' title='bbox 574 4636 662 4693; x_wconf 91' lang='lat' dir='ltr'>Rom.</span> <span class='ocrx_word' id='word_1_437' title='bbox 680 4649 707 4709; x_wconf 81' lang='lat'>5,</span> <span class='ocrx_word' id='word_1_438' title='bbox 725 4650 780 4709; x_wconf 86' lang='lat'><strong>3-5.</strong></span> <span class='ocrx_word' id='word_1_439' title='bbox 970 4653 1014 4706; x_wconf 79' lang='lat'>²4·</span> <span class='ocrx_word' id='word_1_440' title='bbox 1031 4630 1242 4713; x_wconf 80' lang='lat' dir='ltr'>derelinquam]</span> <span class='ocrx_word' id='word_1_441' title='bbox 1254 4632 1360 4696; x_wconf 87' lang='lat' dir='ltr'>Matth.</span> <span class='ocrx_word' id='word_1_442' title='bbox 1376 4635 1422 4706; x_wconf 83' lang='lat'>26,</span> <span class='ocrx_word' id='word_1_443' title='bbox 1439 4649 1485 4710; x_wconf 82' lang='lat'>35.</span> 
     </span>
     <span class='ocr_line' id='line_1_42' title="bbox 269 4711 1293 4796; baseline -0.005 -20"><span class='ocrx_word' id='word_1_444' title='bbox 269 4737 314 4796; x_wconf 85' lang='lat'>19.</span> <span class='ocrx_word' id='word_1_445' title='bbox 330 4717 403 4776; x_wconf 81' lang='lat' dir='ltr'>uitia</span> <span class='ocrx_word' id='word_1_446' title='bbox 414 4711 583 4796; x_wconf 85' lang='lat' dir='ltr'>uirtutibus]</span> <span class='ocrx_word' id='word_1_447' title='bbox 599 4715 685 4774; x_wconf 92' lang='lat' dir='ltr'>Idem</span> <span class='ocrx_word' id='word_1_448' title='bbox 700 4713 773 4774; x_wconf 90' lang='lat' dir='ltr'>dixit</span> <span class='ocrx_word' id='word_1_449' title='bbox 785 4731 873 4792; x_wconf 87' lang='lat' dir='ltr'>supra</span> <span class='ocrx_word' id='word_1_450' title='bbox 1291 4741 1293 4746; x_wconf 96' lang='lat'>·</span> 
     </span>
    </p>
   </div>
   <div class='ocr_carea' id='block_1_5' title="bbox 0 0 2050 5502">
    <p class='ocr_par' dir='ltr' id='par_1_6' title="bbox 0 0 2050 5502">
     <span class='ocr_line' id='line_1_43' title="bbox 0 0 2050 5502; baseline 0 0"><span class='ocrx_word' id='word_1_451' title='bbox 0 0 2050 5502; x_wconf 95' lang='lat' dir='ltr'> </span> 
     </span>
    </p>
   </div>
  </div>
 </body>
</html>
