4160 5500
463 380 547 486 360
842 401 870 460 s,
896 398 1147 461 uruuourur
1170 363 1435 460 russeriam

463 619 640 685 duodecim
659 618 758 694 milia,
773 627 807 682 et
822 618 864 682 de
891 617 1024 699 reliquis
1040 616 1191 681 tribubus
1207 618 1324 681 eadem
1351 617 1518 700 loquitur;
1542 627 1575 682 et
1597 616 1679 682 fiunt
1703 620 1818 684 omnia

465 749 550 815 quae
577 724 715 790 credunt
740 719 1112 804 centumquadraginta
1137 731 1295 804 quattuor
1318 721 1417 786 milia
1436 721 1536 786 Unde
1560 733 1593 785 et
1623 724 1655 785 in
1688 722 1818 805 psalmo

464 831 646 899 centesimo
672 823 929 911 quadragesimo
955 836 1082 907 quarto,
1108 824 1163 906 qui
1186 824 1351 889 litteratus
1379 835 1428 892 est
1456 825 1658 910 [intellegit],
1684 826 1727 892 de
1753 829 1818 894 isto

463 954 602 1002 numero
632 933 829 1014 disputatur.
855 926 890 992 Si
918 927 1112 993 credidisset
1144 929 1277 1008 Israhel,
1310 930 1477 996 Dominus
1500 941 1613 997 noster
1639 932 1817 998 crucifixus

463 1061 529 1105 non
559 1036 696 1102 suisset:
718 1033 745 1097 si
770 1030 936 1095 Dominus
961 1041 1074 1096 noster
1097 1031 1275 1097 crucifixus
1300 1056 1366 1099 non
1395 1034 1518 1112 inisset,
1545 1035 1694 1118 gentium
1720 1036 1817 1101 turba
1855 1059 1872 1112 5

463 1144 554 1208 saiva
581 1161 648 1205 non
665 1146 760 1202 esset.
776 1134 940 1200 Credituri
967 1155 1047 1218 ergo
1062 1144 1139 1200 sunt
1167 1136 1289 1214 iudaei,
1305 1139 1363 1202 sed
1382 1138 1413 1202 in
1432 1137 1496 1202 fine
1521 1139 1636 1203 mundi
1659 1139 1815 1204 credituri

463 1257 548 1312 sunt.
563 1245 639 1308 Non
667 1241 755 1305 euim
773 1248 843 1302 erat
859 1248 1002 1322 tempus,
1017 1248 1054 1303 ut
1070 1240 1102 1303 in
1119 1260 1216 1306 cruce
1239 1243 1418 1306 crederent
1436 1241 1473 1307 Si
1489 1242 1577 1314 enim
1595 1241 1641 1305 iili
1658 1243 1815 1307 credidis-

462 1361 547 1428 sent,
563 1349 729 1415 Dominus
753 1344 930 1411 crucifixus
947 1363 1013 1407 non
1042 1342 1165 1408 suisset.
1182 1343 1260 1408 Non
1276 1346 1365 1408 enim
1383 1356 1452 1409 erat
1470 1355 1611 1429 tempus,
1638 1355 1675 1410 ut
1702 1347 1815 1411 crede-

462 1464 543 1520 rent.
563 1453 697 1518 Illorum
715 1448 903 1527 infidelitas,
919 1454 1031 1511 nostra
1046 1445 1129 1509 fides
1153 1456 1221 1511 est:
1238 1447 1368 1513 iliorum
1386 1449 1488 1525 ruina,
1504 1460 1617 1512 nostra
1629 1447 1816 1514 sublevatio

462 1571 521 1623 est.
539 1557 674 1622 lilorum
693 1555 839 1619 nonfuit
861 1564 1002 1639 tempus,
1019 1564 1055 1620 ut
1071 1567 1157 1621 esset
1173 1568 1305 1639 tempus
1322 1566 1482 1622 nostrum.
1501 1557 1661 1622 Diximus
1685 1557 1762 1641 quia
1781 1557 1813 1621 in
1839 1585 1874 1622 ro

463 1663 526 1726 fine
544 1659 658 1724 mundi
686 1657 840 1722 credituri
857 1659 932 1737 sint,
947 1669 981 1740 ct
997 1659 1203 1742 interpretati
1229 1680 1344 1724 sumus
1372 1660 1514 1724 nondum
1538 1661 1713 1724 enituerat
1739 1671 1814 1724 tem·

453 1778 528 1850 pus.
546 1765 613 1830 Sed
629 1764 693 1826 hoc
709 1762 799 1845 quod
814 1761 971 1844 sequitur,
986 1762 1080 1826 Dicit
1093 1763 1124 1825 ei
1138 1763 1327 1828 Dominus:
1341 1764 1417 1828 Iam
1432 1785 1494 1828 non
1511 1765 1654 1848 amplius
1664 1764 1699 1830 in
1714 1773 1815 1828 aeter-

462 1891 541 1932 num
555 1866 727 1950 quisquam
748 1887 788 1928 ex
802 1875 830 1928 te
846 1868 999 1946 fructum
1024 1866 1249 1930 manducabit:
1265 1867 1293 1930 si
1318 1869 1473 1934 credituri
1497 1880 1574 1934 sunt
1593 1869 1718 1948 Iudaei,
1734 1890 1816 1953 quo-

464 1975 564 2038 modo
581 1972 689 2036 nullus
715 1972 757 2034 de
784 1972 830 2033 eis
855 1971 980 2034 fructus
1006 1970 1245 2035 manducabit?
1264 1971 1341 2035 Non
1358 1973 1455 2048 dixit,
1483 1973 1516 2038 in
1535 1973 1646 2038 futuro
1661 1973 1815 2038 saeculo:

463 2097 529 2140 non
556 2075 654 2152 dixit,
678 2075 710 2138 in
738 2074 887 2153 saeculis,
902 2074 960 2138 sed
979 2075 1010 2138 in
1037 2075 1181 2159 presenti
1204 2075 1345 2142 saeculo.
1370 2076 1471 2160 Quod
1488 2078 1579 2156 dicit,
1595 2077 1659 2142 hoc
1676 2087 1748 2142 est:
1774 2079 1814 2141 In
1840 2099 1851 2136 r
1858 2099 1874 2152 5

462 2182 627 2264 praesenti
652 2181 785 2246 saeculo
810 2201 876 2244 non
901 2179 1016 2244 credes
1031 2199 1038 2256 ;
1054 2179 1111 2242 sed
1140 2198 1215 2243 curn
1233 2180 1401 2245 saeculum
1428 2181 1515 2247 istud
1544 2181 1676 2246 finitum
1705 2180 1814 2259 suerit,

462 2297 541 2351 tunc
557 2285 740 2349 crediturus
756 2305 801 2348 es.
825 2283 949 2349 Credes
973 2283 1118 2366 quidem,
1134 2285 1192 2348 sed
1217 2304 1282 2348 uun
1301 2285 1333 2348 in
1361 2279 1531 2362 hrriniiem,
1547 2288 1605 2351 sed
1623 2287 1655 2349 in
1673 2305 1815 2369 regnan·

461 2399 528 2454 tem
545 2391 668 2467 credes,
683 2398 716 2452 et
733 2386 859 2451 videbis
875 2406 950 2451 eum
967 2406 1066 2470 quern
1083 2407 1327 2469 conpunxeras.
1345 2388 1384 2451 In
1401 2391 1567 2472 praesenti
1584 2409 1664 2472 ergo
1681 2388 1814 2452 saeculo

462 2514 561 2558 nemo
576 2493 618 2558 de
633 2501 667 2557 te
679 2483 825 2572 ¹i'ructum
843 2491 1005 2566 comedet,
1021 2492 1079 2554 sed
1097 2491 1129 2554 in
1146 2489 1268 2556 futuro.

872 2727 951 2830 [ru
980 2731 1143 2804 nanc.
1169 2731 1237 2814 xi,
1266 2729 1405 2832 15·17.]
1837 2767 1875 2804 ,ο

504 2971 551 3034 Et
571 2970 706 3032 veniunt
730 2967 997 3048 Hierosolymam.
1024 2967 1154 3030 Etcum
1182 2971 1335 3032 intrasset
1362 2969 1396 3031 iu
1423 2969 1696 3052 ternpluna'coepit
1718 2969 1814 3035 eicere

460 3076 629 3141 vendentes
650 3083 682 3136 et
705 3083 841 3136 errrerrtes
857 3073 895 3136 dc
918 3071 1054 3153 templa:
1078 3081 1110 3134 et
1132 3093 1257 3136 mensas
1280 3073 1577 3136 urumnulariorum
1600 3083 1631 3136 et
1644 3073 1815 3136 cathedras

461 3178 667 3243 vendentium
691 3175 852 3239 columbas
872 3175 1038 3238 subvertit.
1067 3176 1105 3238 In
1133 3175 1306 3258 evaugelio
1329 3177 1511 3240 secundum
1529 3177 1813 3260 iohannem‘Iegi-

462 3303 536 3344 mus
561 3281 646 3343 hanc
673 3281 779 3361 ipsam
808 3279 991 3356 historiam,
1007 3289 1040 3341 et
1056 3278 1100 3342 ibi
1130 3279 1336 3344 manifestius
1351 3281 1472 3346 dicitur
1488 3301 1555 3365 quo
1571 3287 1723 3365 tempore
1747 3281 1812 3347 hoc

493 3466 508 3516 3
521 3449 586 3501 Heic
597 3465 699 3515 quoque
709 3449 812 3498 uerbum
824 3449 944 3512 intellegit
956 3463 1085 3512 perperam
1097 3448 1130 3496 ab
1141 3447 1237 3498 editore
1254 3449 1367 3498 additum
1380 3465 1434 3498 esse
1446 3449 1594 3513 putaverim.
1610 3451 1697 3500 Monet
1717 3450 1812 3515 quippe

461 3535 631 3597 Hieronymus
642 3531 667 3581 in
676 3530 925 3594 Commentarioiisp.
936 3529 976 3591 98.
986 3530 1002 3578 Ι.
1016 3542 1045 3578 10
1056 3530 1179 3594 psalmum
1191 3529 1321 3580 CXLIIII
1333 3532 1399 3595 apud
1410 3530 1541 3580 Hebraeos
1552 3531 1688 3581 secundnm
1699 3532 1814 3581 ordinem

459 3616 597 3666 litterarum
616 3627 686 3672 esse;
706 3627 788 3662 rursus
807 3611 861 3675 ipse
879 3611 905 3660 in
924 3619 994 3661 tract.
1014 3611 1046 3660 de
1064 3627 1101 3676 ps.
1116 3611 1246 3661 cxvtrtt
1268 3611 1453 3673 ‘Centesimus,
1474 3611 1565 3677 inquit,
1578 3613 1690 3662 decimus
1708 3623 1812 3664 octavus

459 3698 578 3763 psalmus,
591 3703 618 3745 ut
630 3695 772 3760 frequenter
782 3691 898 3752 diximus,
912 3695 1039 3742 litteratus
1054 3703 1101 3751 est.
1114 3693 1161 3744 hoc
1173 3703 1219 3754 est,
1232 3693 1368 3758 aisabctitrr
1384 3702 1421 3746 est
1433 3693 1458 3755 ’ς
1476 3703 1502 3746 et
1514 3695 1658 3746 Comment.
1674 3695 1707 3744 Is.
1722 3695 1766 3745 lib.
1784 3707 1813 3758 17

458 3779 531 3829 initio
543 3776 694 3828 tricesimum
706 3783 803 3824 sextum
814 3774 935 3838 psalmum
946 3775 1085 3823 litteratum
1097 3791 1150 3826 esse
1162 3785 1351 3827 commemorat.
1450 3791 1477 3828 12
1490 3779 1518 3828 in
1530 3779 1670 3840 arternum]
1683 3794 1711 3846 χ,
1725 3793 1770 3842 pro
1783 3781 1813 3828 in

459 3861 598 3910 saeculum?
684 3869 712 3918 19
724 3854 861 3919 infectura]
871 3856 956 3922 [add.
964 3865 1010 3919 per
1019 3857 1148 3906 Christum
1158 3857 1288 3907 dorrrinuru
1301 3867 1422 3918 nostrum,
1432 3863 1513 3909 Amen
1525 3869 1550 3909 et
1559 3859 1635 3924 incip.
1646 3860 1731 3910 hornii.
1747 3873 1812 3911 xrtt.

503 4019 548 4078 ις.
564 4001 655 4060 sedin
674 3998 821 4068 praesenti
835 3993 955 4075 saeculo]
980 3997 1105 4058 Hieron.
1203 4003 1247 4059 18.
1263 4019 1344 4075 quem
1366 3998 1576 4082 corrpunxerus]
1602 3987 1647 4063 Ciss
1672 4003 1766 4079 Apoc.
1788 4023 1814 4074 r,

460 4085 489 4144 in
507 4085 598 4142 Abac.
617 4101 643 4158 3,
661 4097 693 4154 17
712 4079 936 4154 ‘Erdiiigeuter
950 4077 1106 4139 considera
1162 4082 1257 4156 7;10.
1276 4101 1320 4156 19,
1338 4101 1373 4158 37
1389 4104 1397 4156 3
1412 4083 1500 4142 Zuch.
1522 4103 1564 4155 12,
1585 4103 1629 4142 ro.

459 4167 531 4242 quid
557 4163 670 4232 dixerit,
706 4161 775 4220 Nan
799 4157 899 4235 affun
918 4159 1052 4235 fructum
1077 4162 1108 4220 ia
1203 4183 1247 4222 20.
1265 4165 1420 4222 'l'ractarus
1446 4163 1563 4224 habitus
1583 4163 1632 4224 die
1646 4161 1807 4236 dominica,

458 4248 608 4306 saeculum.
640 4245 711 4304 Non
733 4240 782 4313 ait,
809 4259 903 4318 usque
929 4240 958 4299 in
991 4243 1108 4301 saecula
1160 4241 1750 4322 ineunteiamquadragesimaiiieiunio.

459 4329 645 4388 saeculorum
658 4345 666 4397 ;
680 4324 733 4385 sed
755 4341 824 4381 curn
850 4324 1002 4382 saeculum
1029 4322 1107 4382 istud
1202 4345 1247 4396 ²4·
1258 4322 1604 4406 trancritsanlristariam]
1618 4329 1625 4357 ‘
1637 4328 1735 4386 Locus
1746 4325 1804 4398 hic,

460 4407 666 4489 pertransierit,
705 4416 735 4465 ct
765 4401 915 4464 intraverit
951 4401 1106 4480 plenitudo
1160 4403 1255 4483 inquit
1282 4408 1431 4480 Erasmus,
1453 4409 1645 4484 confragosus
1668 4406 1754 4467 simul
1777 4420 1808 4467 et

459 4489 601 4569 gentium,
617 4499 688 4547 tunc
703 4485 792 4546 etiam
815 4485 889 4544 haec
911 4485 984 4544 srcus
1007 4485 1107 4544 asseret
1160 4487 1380 4548 diiemrnaricus
1391 4490 1405 4550 ¹.
1419 4491 1456 4548 Et
1467 4489 1529 4549 iure
1538 4491 1680 4550 lectorem
1695 4499 1808 4561 monet,

459 4573 570 4632 {ructus
595 4587 673 4640 suos,
696 4579 725 4628 et
750 4565 848 4626 omnis
874 4567 965 4626 Israel
986 4567 1107 4626 salvabi·
1163 4585 1223 4628 non
1248 4587 1337 4628 unam
1362 4582 1477 4631 tanturn
1507 4569 1685 4634 eiectionem
1710 4569 1810 4642 tuisse,

459 4655 536 4714 tur'.
1162 4651 1214 4710 scd
1229 4651 1313 4712 duas.
