4202 5492
443 379 500 458 68
821 401 849 460 s,
875 401 1128 461 urauouum
1152 402 1416 462 tnesaurum

443 622 560 677 contra
575 612 649 676 illos
664 623 770 696 rogat,
785 617 843 679 sed
861 635 921 697 pro
938 615 1023 680 illis:
1041 617 1104 680 hoc
1120 627 1180 692 est,
1199 619 1244 680 da
1261 617 1323 680 illis
1351 616 1530 682 sabbatum
1547 627 1652 682 tuum.
1669 619 1795 685 Sabba-

444 727 514 780 tum
532 725 645 780 autem
661 717 897 801 interpretatur
914 721 1052 803 requies.
1069 718 1170 803 Quod
1181 721 1271 798 dicit,
1286 721 1349 784 hoc
1365 730 1435 784 est:
1452 720 1504 785 lac
1519 740 1577 786 eos
1593 722 1797 805 requiescere

444 819 477 884 in
496 819 623 884 malitia
638 841 705 884 sua.
724 821 795 885 Aut
812 835 901 888 certe
917 823 1012 888 aliter
1027 823 1096 888 :hic
1108 825 1155 886 eis
1168 825 1279 900 redde,
1294 833 1327 887 et
1344 843 1411 887 non
1428 824 1475 887 eis
1491 824 1611 888 reddas
1627 826 1660 888 in
1677 824 1797 892 futuro

486 925 557 987 Nos
575 934 684 989 autem
694 927 831 1008 poprclus
846 938 923 992 tuns
937 938 969 992 et
991 949 1064 992 oves
1080 939 1221 1010 pascuae
1246 936 1329 992 tuae.
1347 927 1415 993 Ubi
1432 946 1511 991 oves
1526 928 1618 1004 dicit,
1640 930 1797 995 innocen·

443 1030 524 1094 tiam
541 1029 714 1112 significat.
731 1029 821 1096 Oves
839 1051 904 1096 non
918 1031 1043 1098 habeut
1055 1033 1118 1096 nisi
1134 1040 1311 1114 pastorem.
1326 1031 1561 1115 Confitebimur
1570 1032 1634 1097 tibi
1646 1034 1681 1097 in
1689 1055 1796 1100 saecu-
1834 1055 1848 1108 5

442 1132 519 1196 lum.
537 1131 799 1199 confitebimur:
823 1135 874 1198 vel
895 1136 1133 1218 paenitentiam
1151 1136 1291 1218 agimus,
1307 1136 1359 1200 vel
1385 1146 1483 1214 certe,
1497 1137 1587 1220 quod
1605 1137 1723 1201 melius
1739 1149 1799 1216 est,

444 1235 678 1318 glorificamus.
703 1237 745 1300 In
767 1239 1009 1319 generationem
1035 1250 1067 1304 et
1084 1239 1326 1322 generationem
1339 1264 1354 1317 ,·
1377 1242 1410 1305 in
1428 1241 1537 1323 primo
1561 1241 1696 1324 populo,
1714 1243 1797 1307 etin

444 1341 592 1404 secundo
616 1341 750 1423 populo.
767 1341 863 1406 Licet
884 1344 1066 1406 secuudum
1095 1343 1267 1407 historiam
1292 1343 1389 1408 aliter
1411 1344 1543 1408 dicatur
1568 1344 1602 1408 in
1627 1344 1800 1422 Iezechiel,

443 1453 555 1508 tamen
573 1445 754 1509 secundum
773 1445 1035 1527 intellegentiam
1061 1446 1244 1529 spiritalem
1261 1447 1324 1510 hoc
1349 1447 1501 1525 dicimus,
1526 1447 1683 1532 quoniam
1711 1449 1797 1512 duae

443 1548 526 1614 istae
551 1559 677 1630 gentes,
703 1549 767 1613 hoc
791 1559 851 1626 est,
878 1551 964 1614 duae
989 1550 1101 1633 virgae
1126 1552 1308 1634 iunguntur
1335 1552 1368 1615 in
1395 1551 1566 1629 iezechiel,
1582 1561 1616 1616 et
1643 1549 1679 1618 fit
1696 1570 1798 1616 unum
1821 1575 1852 1612 ιο

443 1672 592 1735 regnum.
616 1653 658 1715 ln
679 1655 921 1737 generationem
946 1666 978 1720 et
996 1655 1237 1738 generationem
1260 1655 1531 1722 adruuntiabimus
1552 1657 1683 1722 laudem
1697 1667 1798 1724 tuam.

444 1757 686 1840 Apostolorum
699 1779 767 1822 vox
783 1767 834 1822 est
849 1781 856 1822 :
873 1760 990 1824 Petrus
1006 1761 1039 1823 in
1057 1760 1183 1844 populo
1198 1761 1468 1838 circumcisionis,
1484 1769 1518 1826 et
1534 1758 1658 1825 Paulus
1672 1770 1707 1827 et
1720 1762 1798 1826 Bar·

445 1861 549 1925 nabas
565 1861 598 1926 in
614 1861 780 1944 gentibus.
974 1857 979 1864 '

850 2026 926 2102 DE
958 2028 1182 2102 PSALMO
1213 2027 1377 2103 LXXX.

487 2249 529 2311 In
541 2248 657 2332 finem,
673 2259 737 2330 pro
752 2247 975 2322 torcularibus,
990 2247 1114 2329 Asaplr.
1133 2247 1170 2310 ln
1197 2244 1269 2328 lege
1285 2245 1444 2328 scriptum
1462 2253 1512 2309 est
1532 2254 1599 2310 tres
1614 2266 1687 2311 esse
1703 2247 1799 2313 solle-
1821 2271 1831 2308 1
1836 2269 1850 2322 ς

447 2353 605 2417 mnitates
620 2377 627 2417 :
644 2353 780 2430 Pascha,
794 2353 1024 2430 Pentecosten,
1036 2361 1069 2415 et
1082 2350 1299 2433 Scenopegia.
1309 2350 1402 2413 Ante
1416 2347 1625 2432 Scenopegia
1641 2351 1801 2417 antedies

449 2455 564 2520 decem
577 2455 734 2520 ieiunium
748 2464 862 2533 erat,et
873 2455 1031 2518 ieiunium
1045 2464 1115 2518 erat
1127 2473 1229 2535 usque
1241 2454 1283 2517 ad
1294 2471 1475 2535 vesperam.
1484 2454 1536 2518 Eo
1549 2464 1699 2538 tempore
1710 2455 1800 2522 tubis

447 2559 684 2640 canebant,hoc
697 2559 960 2638 est,ieiunabant,
970 2568 1004 2622 et
1014 2559 1046 2621 in
1062 2557 1183 2621 ieiunio
1197 2556 1285 2620 tubis
1296 2555 1505 2634 canebant,et
1516 2567 1591 2639 post
1602 2557 1673 2621 dies
1683 2558 1799 2623 decem

447 2664 657 2747 Scenopegia
668 2673 771 2728 erant.
787 2663 972 2745 Diligenter
984 2663 1165 2727 adtendite.
1177 2661 1260 2724 Tres
1272 2660 1603 2726 suntsollemnitates
1616 2661 1648 2725 in
1659 2661 1732 2745 lege
1744 2664 1801 2728 de·
1901 2703 1905 2724 .

446 2770 607 2852 scriptae:
632 2769 776 2851 primum
794 2769 930 2845 Pascha,
948 2768 1070 2832 deinde
1088 2769 1316 2844 Pentecosten,
1336 2765 1457 2830 deinde
1474 2766 1692 2851 Scenopegia.
1710 2767 1802 2832 Ante
1821 2791 1853 2830 no

448 2872 657 2957 Scenopegia
668 2872 884 2938 ieiunium2in
896 2873 1018 2937 ieiunio
1035 2882 1146 2937 autem
1160 2871 1248 2937 tubis
1258 2871 1432 2936 canebant.
1442 2872 1712 2937 Animadvertite
1723 2874 1802 2938 scri-

447 2963 979 3066 pturam,quldsignificat.Pollite
989 2977 1139 3040 velamen
1151 2977 1240 3058 quod
1251 2975 1458 3060 positumest
1468 2976 1803 3060 anteoculosMoysi3

446 3092 481 3146 et
505 3082 615 3146 videte
638 3081 796 3164 quoniam
821 3072 1034 3145 tabernacula
1051 3098 1115 3141 nou
1134 3097 1311 3160 possumus
1327 3077 1405 3155 lieri,
1421 3078 1483 3140 nisi
1507 3089 1585 3143 ante
1609 3079 1802 3146 ieiunemus.

449 3187 564 3269 Ipsum
581 3193 692 3249 autem
709 3183 866 3247 ieiunium
881 3184 941 3246 nisi
958 3182 1110 3246 habuerit
1123 3181 1254 3262 signum
1266 3181 1433 3260 victoriae,
1443 3187 1533 3266 quod
1546 3193 1675 3250 nostros
1685 3186 1802 3250 adver-

448 3291 550 3354 sarios
561 3290 733 3364 deterreat,
744 3306 809 3349 non
827 3286 969 3349 vincitur
981 3282 1131 3348 Amalec.
1143 3284 1311 3367 Quoniam
1328 3304 1407 3367 ergo
1425 3297 1492 3350 tres
1503 3298 1581 3353 sunt
1597 3288 1802 3354 sollemnita·
1821 3311 1852 3364 25

447 3403 507 3472 tes,
520 3393 656 3470 Pascha,
671 3391 888 3454 Pentecosten
902 3399 936 3454 et
947 3388 1165 3470 Scenopegia,
1176 3388 1252 3450 ideo
1264 3398 1297 3451 et
1310 3397 1376 3452 tres
1387 3389 1506 3472 psalmi
1523 3389 1649 3456 habent
1665 3393 1800 3457 titulum

449 3504 457 3531 ⁸
474 3519 534 3580 pro
549 3495 805 3561 torcularibus':
821 3503 959 3557 octavus
975 3492 1134 3576 psalmus,
1151 3500 1185 3554 et
1200 3492 1433 3572 octogesimus,
1449 3503 1480 3556 et
1497 3495 1722 3577 octogesimus
1738 3506 1800 3560 ter·

448 3602 523 3666 tius.
539 3599 672 3663 Videtis
689 3617 769 3681 ergo
784 3599 955 3680 quomodo
984 3605 1050 3660 tres
1065 3594 1184 3678 psalmi
1202 3595 1314 3676 scripti
1340 3596 1465 3658 suntin
1483 3598 1650 3679 psalterio,
1667 3600 1722 3682 qui
1739 3619 1801 3683 pro

448 3704 667 3771 torcularibus
693 3710 941 3786 praenotantur.
958 3701 1081 3763 Videte
1098 3700 1176 3782 quid
1205 3699 1312 3763 dicat:
1329 3707 1466 3764 octavus
1483 3700 1640 3784 psalmus,
1656 3714 1690 3767 et
1705 3713 1800 3767 octo·
1849 3695 1851 3700 ’

448 3808 604 3892 gesimus,
619 3815 652 3870 et
668 3806 893 3888 octogesimus
910 3805 1034 3867 tertius.
1821 3835 1854 3885 30

494 3914 537 3977 Et
562 3921 742 3995 antequam
770 3912 812 3973 de
838 3926 977 3972 numero
1003 3907 1221 3988 disputemus,
1243 3904 1393 3969 dicamus
1421 3909 1500 3990 quid
1526 3907 1587 3972 sibi
1615 3909 1801 3992 significare

449 4017 552 4081 velint
578 4015 761 4079 torcularia.
787 4013 857 4076 Pro
882 4009 1103 4075 torcularibus.
1129 4008 1324 4073 Torcularia
1351 4029 1417 4073 non
1442 4019 1520 4073 sunt
1547 4009 1634 4089 alibi,
1660 4011 1722 4075 nisi
1746 4013 1801 4077 ubi

484 4219 493 4254 1
509 4205 593 4270 rogat]
606 4206 644 4268 pS
657 4210 747 4268 rogant
759 4203 833 4253 BCP.
935 4215 949 4266 3
961 4204 989 4252 in
1002 4201 1113 4263 natalitia]
1126 4201 1148 4250 G
1161 4215 1210 4249 om.
1225 4203 1262 4250 in.
1367 4213 1396 4263 14
1410 4205 1453 4246 DE
1466 4205 1596 4247 PSALMO
1608 4201 1715 4264 LXXX]
1728 4202 1801 4251 Brev.

448 4289 497 4339 col.
515 4301 583 4336 112¹.
686 4300 713 4336 21
737 4289 766 4336 in
785 4286 893 4348 ieiunia]
905 4287 947 4336 SG
960 4302 1010 4334 om.
1025 4287 1072 4344 in;
1091 4285 1218 4333 ieiunium
1231 4285 1263 4334 G.
1333 4295 1362 4346 27
1375 4281 1540 4346 octogesimus]
1558 4281 1751 4346 lcoeluagesimus
1768 4282 1801 4334 G.

450 4385 482 4434 30
492 4371 657 4434 octogesimus]
669 4371 841 4433 octuagesimus
852 4371 883 4420 G.

495 4543 538 4582 10.
545 4524 619 4580 duae
627 4523 726 4598 uirgae
734 4523 898 4598 iunguntur
908 4523 939 4580 in
950 4513 1097 4598 mecchol]
1149 4517 1255 4592 virgae,
1271 4535 1349 4596 quae
1360 4513 1560 4592 iungunturin
1577 4513 1713 4575 Ezechiel
1725 4515 1740 4573 ’.
1757 4513 1802 4573 Cl.

452 4605 558 4664 Ezech.
572 4623 619 4679 37,
634 4605 668 4661 16
681 4622 744 4680 sqq.
758 4603 883 4662 Hieron.
896 4620 940 4678 ep.
958 4618 1004 4676 74,
1015 4620 1041 4659 n.
1061 4619 1098 4674 3:
1150 4609 1310 4659 comment.
1328 4598 1358 4658 in
1386 4598 1492 4656 Erech.
1507 4613 1553 4672 37,
1574 4613 1630 4672 153
1652 4597 1682 4654 in
1700 4597 1737 4655 ls.
1756 4611 1802 4670 54,

453 4691 460 4717 ‘
476 4687 545 4747 Hae
560 4685 721 4763 (synagoga
736 4697 764 4744 et
780 4682 917 4762 ecclesia)
933 4693 1001 4741 sunt
1022 4683 1100 4740 duae
1152 4699 1170 4753 4
1186 4699 1228 4756 sq.
