4140 5502
488 419 572 526 418
870 441 898 498 s,
923 439 1176 500 urnuouvur
1200 439 1464 498 praesumunt

488 656 803 738 sidemusspiritum
831 655 1064 720 vivificantem.
1094 655 1183 738 Quid
1209 655 1392 718 mirabilius
1420 675 1491 717 esse
1519 663 1630 737 potest
1658 653 1847 717 istiusmodi

487 760 722 824 sacramento?
738 759 818 841 quid
836 759 897 823 hac
914 759 968 822 die
986 758 1123 835 felicius,
1145 758 1177 822 in
1203 779 1268 841 qua
1287 758 1453 821 Dominus
1472 757 1604 820 ludaeis
1622 766 1772 821 mortuus
1788 767 1848 834 est,

487 874 519 928 et
537 864 633 927 nobis
649 863 790 928 revixit:
807 863 838 926 in
856 883 923 946 qua
935 882 1131 945 synagogae
1144 862 1309 939 occubuit,
1319 871 1352 925 et
1362 872 1413 925 est
1429 871 1521 925 ortus
1533 860 1690 924 ecclesiae
1706 883 1713 923 :
1729 860 1762 922 in
1780 879 1847 942 qua

487 986 546 1029 nos
562 986 679 1031 omnes
696 965 773 1030 fecit
789 986 901 1030 secum
917 985 1086 1048 resurgere
1101 975 1136 1030 et
1152 966 1262 1030 vivere
1273 973 1309 1029 et
1321 966 1436 1029 sedere
1452 964 1484 1026 in
1507 961 1717 1038 caelestibus,
1729 961 1847 1044 imple-

485 1077 623 1153 tumque
645 1077 695 1134 est
715 1068 796 1133 illud
814 1070 903 1152 quod
930 1069 1001 1151 ipse
1025 1067 1113 1131 dixit
1141 1069 1173 1132 in
1200 1068 1374 1150 evangelio
1400 1067 1509 1132 ‘Cum
1537 1077 1650 1130 autem
1673 1065 1847 1130 exaltatus
1884 1077 1898 1128 5

485 1171 587 1250 suero,
603 1172 716 1238 omnia
732 1172 862 1237 traham
880 1173 922 1236 ad
940 1193 993 1236 me
1011 1173 1042 1235 'i

528 1275 621 1340 Haec
634 1287 682 1340 est
704 1298 779 1341 vere
794 1277 864 1340 dies
888 1275 1080 1358 quemfecit
1097 1275 1275 1338 Dominus:
1296 1275 1490 1339 exsultemus
1514 1285 1545 1337 et
1567 1275 1727 1337 laetamur
1751 1275 1785 1337 in
1798 1296 1846 1354 ea,

485 1380 614 1444 Omnes
631 1381 765 1464 quidem
780 1382 852 1444 dies
864 1379 942 1444 iecit
953 1379 1119 1442 Dominus
1134 1404 1141 1443 :
1158 1381 1215 1442 sed
1233 1380 1332 1443 ceteri
1350 1379 1420 1443 dies
1436 1388 1577 1461 possunt
1592 1388 1625 1441 et
1645 1378 1845 1441 ludaeorum

483 1503 564 1560 esse,
576 1493 716 1566 possunt
732 1492 765 1547 et
776 1484 1017 1548 haereticorum
1031 1503 1112 1561 esse,
1122 1493 1263 1566 possunt
1279 1503 1351 1547 esse
1363 1482 1548 1565 gentilium.
1566 1482 1647 1545 Dies
1663 1482 1845 1559 dominica,

484 1585 554 1650 dies
571 1587 831 1665 resurrectionis,
847 1588 917 1651 dies
935 1587 1199 1670 Xpistianorum,
1214 1589 1285 1650 dies
1302 1597 1416 1650 nostra
1433 1595 1490 1650 est.
1510 1585 1610 1650 Unde
1626 1597 1660 1650 et
1673 1585 1844 1649 dominica
1868 1599 1899 1635 ¹0

483 1689 617 1754 dicitur:
633 1691 711 1772 quia
726 1691 892 1755 Dominus
906 1692 938 1754 in
956 1711 995 1754 ea
1012 1692 1117 1754 victor
1133 1691 1285 1754 ascendit
1300 1691 1343 1754 ad
1361 1691 1503 1755 Patrem.
1515 1690 1614 1774 Quod
1632 1691 1659 1754 si
1676 1709 1696 1754 a
1711 1688 1842 1772 gentili-

484 1795 545 1858 bus
565 1795 637 1860 dies
663 1795 742 1859 solis
759 1806 905 1872 vocatur,
921 1807 954 1861 et
972 1816 1032 1859 nos
1060 1796 1124 1859 hoc
1148 1794 1366 1859 libentissime
1383 1794 1602 1859 confitemur:
1629 1794 1729 1858 hodie
1751 1793 1842 1858 enim

483 1900 543 1962 lux
560 1900 675 1963 mundi
692 1909 765 1964 orta
781 1909 841 1978 est,
851 1901 951 1965 hodie
967 1900 1016 1963 sol
1031 1900 1174 1964 iustitiae
1187 1910 1280 1963 ortus
1290 1907 1351 1976 est,
1364 1899 1395 1962 in
1410 1900 1502 1962 cuius
1519 1899 1636 1980 pennis
1648 1909 1697 1962 est
1707 1900 1844 1962 sanitas.

483 2003 657 2086 Numquid
674 2004 723 2067 sol
740 2025 867 2086 pennas
883 2004 1010 2068 habet?
1028 2003 1270 2085 Respondeant
1288 2002 1413 2078 ludaei,
1438 2013 1471 2066 et
1487 2003 1544 2085 qui
1571 2013 1701 2067 tantum
1725 2021 1843 2068 secun-

482 2109 562 2172 dum
581 2108 724 2172 litteram
742 2111 921 2192 scripturas
947 2106 1146 2188 intellegunt
1162 2106 1287 2170 similes
1307 2105 1518 2171 ludaeorum.
1541 2107 1613 2170 Nos
1630 2116 1742 2170 autern
1760 2106 1842 2168 dici·
1866 2117 1896 2171 ¹5

483 2235 572 2282 mus:
588 2214 790 2298 quicumque
803 2215 865 2278 sub
875 2213 935 2276 alis
947 2213 1041 2276 istius
1052 2210 1130 2274 solis
1142 2209 1311 2292 suerit‚qui
1324 2211 1412 2275 dixit
1423 2209 1455 2272 in
1469 2206 1644 2290 evangelio
1657 2205 1843 2288 ‘Quotiens

483 2317 571 2381 volui
589 2337 792 2400 congregare
806 2316 890 2380 filios
903 2327 978 2382 tuos
989 2314 1081 2399 quasi
1093 2315 1217 2397 gallina
1231 2314 1340 2396 pullos
1355 2334 1435 2378 suos
1448 2311 1511 2374 sub
1523 2310 1603 2388 alas,
1617 2321 1650 2374 et
1663 2309 1824 2373 noluisti?
1837 2309 1844 2332 '

482 2422 544 2485 iste
561 2441 694 2484 securus
708 2420 768 2484 erit
789 2422 833 2484 ab
856 2420 1012 2503 accipitre
1035 2418 1181 2494 diabolo,
1203 2417 1247 2482 ab
1260 2417 1379 2500 aquilis
1393 2415 1584 2480 volantibus
1601 2415 1633 2478 in
1653 2413 1845 2489 [ezechiele

482 2535 515 2589 et
531 2525 646 2588 omnia
662 2533 875 2606 peccatorum
892 2524 978 2588 illius
995 2523 1131 2588 vulnera
1147 2523 1364 2586 sanabuntur.

527 2629 575 2693 Ut
591 2637 703 2692 autern
721 2627 832 2692 sciatis
849 2629 939 2712 quod
962 2627 1094 2710 proprie
1119 2626 1268 2707 psalmus
1293 2627 1356 2689 iste
1383 2626 1426 2688 de
1453 2624 1602 2688 Domino
1617 2623 1760 2704 scriptus
1782 2633 1843 2700 est,
1862 2639 1897 2677 2⁰

481 2744 514 2798 et
530 2733 563 2797 in
586 2732 762 2816 evangelio
778 2733 879 2815 pueri,
895 2731 951 2814 qui
969 2732 1113 2795 intrante
1137 2729 1410 2812 Hierosolymam
1443 2727 1619 2794 Salvatore
1642 2727 1771 2809 palmas
1797 2727 1842 2790 le·

481 2845 598 2900 vantes
619 2837 848 2901 clamaverunt
870 2845 972 2918 atque
987 2835 1148 2897 dixerunt
1163 2838 1170 2864 ‘
1188 2832 1326 2897 Osanna
1343 2833 1376 2896 in
1395 2831 1548 2908 excelsis,
1564 2831 1758 2894 benedictus
1783 2832 1840 2914 qui

480 2940 571 3003 venit
596 2939 628 3004 in
654 2941 789 3004 nomine
812 2938 959 3016 Domini,
983 2958 1111 3002 osanna
1139 2937 1170 3000 in
1189 2937 1330 3001 excelsis
1347 2936 1363 3015 ¹,
1379 2937 1421 3000 de
1440 2934 1625 2999 centesimo
1641 2934 1773 2998 decimo
1790 2955 1842 2998 se-

480 3043 588 3123 ptimo
605 3043 735 3124 psalmo
752 3043 832 3106 istos
849 3040 1028 3106 versiculos
1044 3040 1312 3123 adsumpserunt.
1330 3039 1430 3123 Quod
1448 3039 1536 3103 enim
1551 3039 1710 3102 innostra
1726 3037 1842 3119 lingua

479 3145 599 3208 dicitur
619 3145 802 3210 ODorm'ue
817 3147 946 3210 salvum
964 3147 1094 3226 rursm,
1118 3147 1149 3209 in
1174 3146 1318 3210 hebraeo
1334 3145 1489 3210 scribitur
1516 3135 1664 3210 Osanna.
1689 3143 1790 3208 Unde
1807 3157 1840 3207 et
1860 3159 1892 3212 25

482 3249 596 3312 ludaei
613 3248 676 3312 hoc
693 3249 895 3331 inpatienter
910 3250 1053 3313 serentes
1069 3250 1185 3314 volunt
1213 3249 1388 3331 prohibere
1413 3247 1579 3332 parvulos,
1603 3248 1645 3311 de
1662 3247 1782 3332 quibus
1807 3247 1840 3310 in

514 3442 557 3498 3et
565 3435 633 3484 nobis
642 3436 747 3497 revixit]
758 3436 822 3486 SBV
833 3454 840 3496 ;
850 3437 918 3487 uobis
928 3439 1043 3486 surrexit
1052 3437 1124 3487 Hier.
1202 3438 1348 3501 synagogae]
1359 3439 1430 3489 Hier.
1444 3448 1468 3489 et
1479 3441 1500 3488 V
1513 3455 1645 3504 perperam
1657 3438 1732 3490 inser.
1746 3442 1837 3490 cultus.

478 3530 494 3577 4
505 3517 598 3577 omncs]
611 3517 693 3576 SBV;
706 3517 818 3567 honriues
830 3519 902 3568 Hier.
1003 3527 1026 3568 et
1036 3519 1120 3569 vivere
1129 3525 1153 3566 et
1164 3519 1253 3580 sedere]
1265 3535 1315 3568 om.
1332 3521 1361 3570 B.
1452 3521 1559 3586 bsecro]
1574 3521 1647 3571 Hier.
1661 3521 1721 3572 add.
1732 3538 1749 3572 a
1757 3529 1835 3572 urm.

477 3599 565 3661 adure]
575 3599 713 3663 Hucusque
722 3599 887 3664 fragmentum
895 3601 988 3652 codicis
998 3601 1188 3651 Rubico-Varie.
1255 3603 1657 3668 reconfirenmr]confitebimur&
1722 3605 1839 3666 1300·th

477 3688 553 3730 iratus
566 3681 595 3732 V.
693 3679 783 3745 penu]
798 3684 874 3746 pinu.
890 3684 917 3734 S.
1020 3681 1178 3744 17subnlas]
1198 3684 1303 3732 subulis
1322 3685 1348 3734 S.
1450 3683 1588 3744 resciatis]
1602 3686 1674 3737 Hier.
1689 3687 1836 3737 etVinser.

469 3763 637 3828 frairesmei,
652 3765 669 3816 S
679 3764 779 3828 fratres
793 3767 926 3816 carissimi.
1028 3778 1056 3813 21
1070 3764 1165 3826 edom.
1180 3766 1206 3816 S.
1303 3767 1393 3829 pueri]
1407 3767 1478 3817 Hier.
1493 3768 1567 3818 inser.
1581 3769 1647 3818 sr'cut
1665 3769 1836 3828 neminimus,

479 3847 500 3896 V
512 3849 578 3896 sicut
588 3855 668 3910 supra
680 3849 843 3898 merrrim'mus
854 3848 896 3908 (cl.
910 3848 996 3898 adnot.
1012 3848 1065 3897 crit.
1080 3865 1105 3912 p.
1118 3847 1179 3908 416,
1193 3850 1208 3898 l.
1228 3851 1274 3910 ιο).
1377 3849 1408 3898 26
1420 3845 1472 3908 huc]
1485 3853 1502 3902 S
1514 3871 1522 3911 ;
1534 3867 1584 3902 om.
1601 3851 1672 3901 Hier.

518 4022 543 4080 6.
561 4021 603 4078 ud
614 4017 668 4100 me]
686 4023 727 4082 Io.
757 4042 800 4095 12,
818 4043 864 4099 32.
1182 4021 1305 4082 flumina
1320 4035 1453 4083 ventrem
1470 4024 1581 4086 habent
1593 4025 1625 4083 i’
1635 4047 1644 4100 ;
1657 4045 1724 4101 300,
1742 4045 1777 4096 ¹4
1788 4031 1795 4060 ⁸
1807 4027 1836 4087 O

521 4122 532 4159 ι
539 4121 564 4176 3.
581 4100 705 4182 sanitas]
720 4105 847 4163 Malach.
866 4125 893 4176 4,
912 4125 936 4162 2.
1182 4105 1303 4175 Iudaee‚
1329 4105 1498 4181 responde:
1524 4107 1705 4167 frumentum
1731 4107 1835 4184 adipes

520 4185 1127 4262 14.Numquidsolpemrashabctllrespon-
1180 4185 1269 4246 habet
1281 4186 1294 4242 i
1306 4187 1311 4210 ¹
1326 4196 1383 4246 etc.

474 4261 646 4344 daumero]
663 4266 788 4326 Hieron.
805 4286 894 4342 supra
910 4285 956 4342 73,
978 4285 1015 4343 29
1033 4271 1039 4298 ‘
1055 4268 1079 4324 F
1082 4286 1126 4325 ru·
1223 4285 1265 4340 17.
1279 4264 1413 4347 noluisti]
1432 4269 1539 4327 Mattb.
1552 4288 1566 4326 a
1571 4289 1597 4346 3,
1614 4287 1660 4346 37.

475 4357 608 4403 mentum
623 4347 727 4422 adipes
742 4347 856 4408 habet?
871 4347 1017 4424 numquid
1033 4359 1061 4406 et
1084 4345 1124 4405 in·
1222 4351 1264 4406 18.
1282 4349 1312 4405 iu
1324 4346 1482 4430 [ezechiele]
1501 4351 1607 4410 Erech.
1626 4369 1670 4426 17,
1684 4369 1708 4426 3.
1726 4369 1750 4426 7.

473 4424 580 4484 testina
595 4426 723 4487 habet?’
733 4449 742 4500 ;
768 4433 832 4501 148,
849 4432 866 4486 6
884 4431 1123 4505 ‘Interrogemus
1218 4449 1263 4488 22.
1281 4431 1312 4488 iu
1320 4425 1447 4510 excelsis]
1463 4433 1556 4490 Marc.
1578 4449 1652 4508 11‚9
1667 4451 1710 4508 sq.

474 4507 613 4578 Iudaeos,
626 4507 677 4583 qui
690 4511 856 4570 secundnm
873 4509 999 4570 litteram
1011 4509 1122 4570 intelle·
1218 4531 1262 4582 24.
1290 4508 1525 4592 adsumpserunt]
1562 4513 1599 4572 cl.
1641 4513 1767 4574 Hieron.
1802 4513 1832 4574 in

472 4588 1122 4664 gunt2Fluminamanushabeutillumina
1175 4593 1283 4650 Mattb.
1312 4612 1358 4666 23,
1389 4612 1427 4668 39
1457 4604 1487 4652 et
1514 4593 1761 4655 Commentariol.
1789 4615 1831 4672 ps.

473 4689 560 4730 uoces
576 4670 709 4730 habent?
724 4671 846 4732 flumina
869 4675 961 4750 pedes
983 4672 1119 4732 habent?
1173 4689 1259 4732 cxvu
1273 4693 1298 4748 p.
1312 4677 1360 4746 84,
1374 4674 1391 4731 l.
1414 4694 1422 4732 r
1431 4691 1446 4748 5
1468 4693 1532 4752 sqq.
