4160 5500
587 403 842 464 anacrn‘rus
865 403 911 462 1u
936 404 1064 466 nnnc
1088 402 1264 480 xuren.
1527 379 1583 483 36
1593 401 1608 494 ιΙΙ

254 617 377 682 factum
394 626 453 682 est.
469 621 477 650 ‘
495 617 539 682 Et
555 637 640 694 ecce,
656 618 772 700 inquit,
785 618 818 682 in
835 619 962 702 azymis
984 618 1076 683 venit
1095 617 1205 682 Iesus'
1221 618 1284 682 hoc
1301 617 1399 682 estin
1419 617 1556 694 Pascha,
1569 637 1609 680 eo

253 731 403 806 ternpore
418 740 486 804 quo
512 725 630 805 azy‘ma
655 719 856 786 manducare
882 731 1131 788 consueverant.
1147 727 1154 753 ‘
1173 723 1217 787 Et
1235 722 1311 792 lecit
1327 722 1400 798 sibi,
1415 720 1534 805 inquit,
1551 719 1609 784 fla·

252 825 386 908 gellum,
402 835 436 890 et
462 827 573 909 coepit
589 826 694 891 eicere
710 846 767 891 eos
777 827 802 894 '..
811 825 917 890 Vides
935 846 1014 910 ergo
1029 825 1189 910 quoniam
1206 845 1247 890 eo
1263 835 1414 909 tempore
1429 845 1497 909 quo
1513 824 1608 887 eicie·

252 931 310 996 bat
325 951 384 996 eos
399 931 441 994 de
457 930 595 1013 te'mplo,
609 942 704 997 erant
719 932 790 997 dies
809 931 964 1008 Paschae,
980 931 1043 996 hoc
1059 940 1110 996 est
1125 931 1197 996 dies
1214 947 1418 1014 azymorum.
1438 929 1475 992 ln
1489 928 1609 1008 diebus

206 1050 233 1104 ,ς
253 1042 364 1098 autern
382 1034 529 1099 Paschae
557 1035 630 1118 lege
646 1044 860 1119 praeceptum
877 1047 957 1114 erat,
973 1045 1010 1101 ut
1033 1056 1150 1100 omnes
1166 1036 1316 1100 venirent
1334 1035 1365 1098 in
1384 1033 1558 1116 templum,
1574 1042 1608 1099 et

252 1137 279 1200 si
295 1135 369 1220 quis
385 1156 452 1202 non
469 1137 595 1202 veniret
611 1138 644 1202 in
661 1139 835 1224 templum,
850 1141 1133 1208 exterminaretur.
1145 1140 1257 1205 anima
1268 1139 1324 1204 illa
1339 1140 1382 1205 de
1398 1138 1523 1222 populo
1536 1159 1608 1204 suo.

252 1240 470 1307 Considerate
487 1259 567 1323 ergo
581 1241 625 1307 de
639 1251 710 1308 tota
727 1243 896 1327 provincia
918 1243 1114 1324 Palaestina,
1130 1246 1173 1310 de
1189 1244 1312 1328 Cypro,
1327 1244 1370 1308 de
1384 1242 1458 1307 aliis
1474 1241 1606 1324 provin·

251 1346 320 1424 ciis,
333 1346 378 1409 de
401 1344 557 1409 omnibus
574 1345 606 1408 in
623 1347 761 1412 circuitu
786 1347 975 1431 regionibus
991 1349 1181 1414 universum
1198 1348 1263 1414 huc
1279 1346 1440 1430 populum
1468 1365 1606 1429 congre·

250 1459 367 1532 gatum
379 1469 388 1513 :
402 1450 620 1528 considerate,
636 1462 670 1516 et
686 1451 718 1515 ln
734 1453 849 1516 animo
865 1461 976 1517 vestro
991 1451 1172 1537 depingite,
1188 1462 1315 1536 quanta
1330 1459 1409 1516 tunc
1434 1450 1480 1514 ibi
1509 1449 1607 1514 suerit

201 1574 232 1612 ιο
251 1550 442 1617 multitudo.

294 1656 441 1722 Primum
474 1655 603 1724 interim
635 1661 818 1727 secundum
849 1660 1022 1726 historiam
1054 1661 1275 1745 disputamus.
1307 1659 1474 1726 Mirantur
1504 1661 1605 1724 ceteri

246 1758 338 1842 quod
366 1759 513 1826 Lazarus
537 1763 716 1830 suscitatus
743 1773 804 1842 est,
819 1766 981 1830 mirantur
997 1766 1086 1848 quod
1111 1765 1232 1829 viduae
1248 1762 1334 1829 filius
1350 1762 1529 1827 suscitatus
1546 1771 1606 1841 est,

248 1863 411 1928 mirantur
434 1866 534 1929 ceteri
559 1865 591 1930 in
610 1867 683 1934 aliis
707 1869 818 1953 signis.
836 1871 881 1934 Et
910 1889 1023 1934 revera
1040 1869 1227 1934 mirandum
1259 1876 1310 1933 est
1327 1877 1459 1932 mortuo
1475 1868 1606 1951 corpori

246 1967 395 2032 animam
418 1968 563 2035 reddere.
589 1971 665 2056 Ego
691 1992 847 2056 praesens
875 1973 1006 2056 signum
1036 1973 1142 2056 magis
1170 1975 1280 2039 miror.
1297 1973 1397 2038 Unus
1412 1970 1525 2048 homo,
1546 1970 1604 2054 qui

198 2095 227 2148 ¹5
247 2071 429 2154 putabatur
453 2070 538 2137 filius
565 2074 658 2155 fabri,
682 2077 854 2143 mendicus
881 2096 948 2142 non
976 2077 1104 2143 habens
1128 2078 1276 2156 domum,
1293 2096 1358 2143 non
1390 2076 1518 2140 habens
1547 2076 1603 2141 ubi

245 2185 348 2259 caput
375 2175 558 2258 reclinaret,
574 2201 641 2245 non
665 2181 792 2246 habens
818 2186 1024 2250 exercitum:
1040 2204 1107 2250 non
1135 2192 1206 2248 erat
1220 2184 1302 2260 dux,
1319 2201 1385 2245 non
1403 2189 1474 2244 erat
1490 2181 1604 2248 iudex.

246 2277 358 2364 Quam
375 2281 487 2365 itaque
514 2282 630 2350 habuit
646 2297 859 2371 potestatem,
886 2298 922 2354 ut
940 2288 1063 2353 faceret
1090 2288 1153 2378 sibi
1170 2286 1337 2370 flagellum
1354 2285 1397 2350 de
1413 2283 1557 2364 funibus,
1569 2294 1604 2349 et

243 2394 376 2448 tantam
402 2384 522 2451 eiceret
547 2389 795 2455 multitudinem
811 2416 818 2455 :
834 2411 930 2470 unus,
947 2392 1094 2477 inquam,
1110 2394 1211 2458 homo
1234 2391 1355 2456 eiceret
1369 2399 1500 2454 tantam
1518 2388 1603 2454 mul·

244 2489 449 2554 titudinem?
465 2491 510 2556 Et
526 2512 625 2576 quam
654 2493 903 2562 multitudinem
920 2498 1088 2563 eiciebat?
1105 2496 1202 2581 Quae
1218 2496 1396 2574 vendebat,
1411 2512 1497 2578 quae
1511 2493 1603 2560 lucra

195 2629 225 2666 20
244 2614 306 2658 sua
321 2594 353 2658 in
380 2595 508 2678 templo
524 2599 716 2664 redimebat.
734 2597 847 2664 Nemo
874 2599 1090 2676 contradixit,
1109 2620 1208 2665 nemo
1233 2618 1333 2664 ausus
1358 2607 1410 2664 est
1434 2597 1601 2663 contradi·

244 2719 340 2764 cere:
356 2700 443 2764 Filio
457 2701 546 2767 enim
563 2704 755 2770 defendenti
773 2705 880 2771 Patris
897 2705 948 2770 sui
965 2704 1118 2769 iniuriam
1133 2724 1231 2770 nerno
1249 2705 1310 2770 luit
1326 2724 1425 2769 ausus
1441 2703 1601 2770 resistere.

246 2806 389 2870 Videtur
406 2807 486 2872 mihi
502 2809 535 2873 in
553 2809 633 2892 ipsis
649 2809 753 2875 oculis
769 2811 846 2875 etin
861 2809 935 2894 ipso
951 2808 1043 2874 vultu
1062 2809 1200 2873 Domini
1218 2807 1402 2873 Salvatoris
1415 2806 1599 2890 quidquam

244 2912 344 2984 luisse
358 2911 516 2980 divinum.
535 2913 580 2978 Et
595 2913 659 2978 hoc
676 2913 756 2979 mihi
777 2934 880 2998 quare
897 2914 1059 2991 videatur,
1075 2913 1160 2978 ratio
1177 2913 1241 2978 ista
1257 2921 1317 2990 est,
1331 2930 1432 2995 quam
1451 2910 1600 2973 dicturus

242 3036 327 3082 sum.
342 3021 350 3048 ⁸
367 3016 412 3081 Et
438 3017 563 3082 facturn
591 3026 651 3094 est,
667 3017 784 3102 inquit,
799 3037 874 3082 curn
904 3018 1059 3084 transiret
1076 3019 1170 3082 Iesus
1187 3015 1369 3084 secundum
1394 3036 1485 3080 mare
1508 3014 1602 3081 Gali-

193 3151 222 3202 ²5
243 3124 354 3188 laeae:
369 3124 461 3199 vidit,
487 3122 603 3206 inquit,
630 3123 714 3186 duos
730 3131 961 3206 conponentes
985 3124 1067 3187 retia
1082 3142 1153 3200 sua,
1169 3121 1253 3185 lilios
1270 3120 1445 3198 Zebedaei,
1461 3127 1495 3184 et
1511 3119 1601 3183 dixit

242 3228 311 3292 eis:
327 3227 497 3292 Dimittite
523 3246 590 3299 eos,
607 3235 640 3291 et
656 3227 775 3304 venite,
801 3227 980 3312 sequimini
998 3247 1059 3291 me.
1077 3227 1123 3290 Et
1138 3225 1195 3304 illi,
1218 3225 1334 3309 inquit,
1351 3225 1465 3289 statim
1483 3223 1599 3290 relicto

242 3344 320 3412 rete,
336 3353 429 3410 nave,
444 3341 477 3397 et
492 3343 586 3414 patre
604 3331 789 3409 Zebedaeo,
804 3331 919 3416 statim
946 3333 1049 3395 secuti
1066 3340 1145 3395 sunt
1160 3350 1237 3395 eum
1253 3329 1269 3394 ¹.
1287 3329 1360 3393 Nisi
1377 3329 1501 3412 aliquid
1515 3328 1599 3402 divi·

240 3457 321 3502 num
337 3435 399 3501 tuit
416 3436 448 3500 in
466 3434 557 3500 vultu
576 3433 767 3511 Salvatoris,
783 3435 1061 3500 inrationabiliter
1081 3435 1237 3510 lecerunt,
1253 3433 1345 3516 sequi
1361 3452 1438 3496 eum
1455 3432 1497 3495 de
1527 3452 1598 3516 quo

239 3539 320 3606 nihil
335 3539 495 3606 viderant.
507 3537 658 3602 Dimittit
673 3536 791 3621 aliquis
816 3548 957 3620 patrem,
972 3547 1006 3602 et
1021 3557 1097 3601 eum
1114 3538 1272 3620 sequitur,
1287 3537 1320 3601 in
1337 3557 1406 3620 quo
1423 3535 1506 3599 nihil
1520 3535 1598 3618 plus

190 3675 224 3728 ῃ
240 3645 330 3710 videt
345 3663 446 3730 quam
462 3642 496 3706 in
513 3651 607 3725 patre
621 3642 707 3706 suoi
723 3640 792 3707 Sed
814 3643 990 3707 dimittunt
1005 3651 1135 3724 patrem
1164 3641 1344 3716 carnalem,
1361 3651 1397 3704 ut
1413 3648 1597 3723 sequantur

282 3873 305 3914 r.
319 3849 397 3912 venri
405 3845 498 3928 Iesus]
513 3847 558 3907 lo.
578 3866 604 3920 a,
623 3864 666 3921 re
937 3844 1014 3907 Mihi
1028 3845 1104 3907 inter
1117 3843 1220 3905 omnia
1241 3845 1325 3921 signa
1356 3863 1434 3921 quae
1449 3841 1518 3905 fecit
1533 3845 1592 3905 hoc

279 3954 307 4012 3.
320 3929 376 4012 eos]
392 3930 463 3990 ibid.
483 3945 526 4005 15.
936 3929 1052 3988 videtur
1076 3925 1238 3987 mirabilius
1253 3944 1326 3996 esse,
1342 3925 1427 4003 quod
1443 3944 1521 3985 unus
1536 3925 1592 3986 ho-

283 4035 326 4090 ¹⁴·
342 4015 408 4090 Ego
412 4021 548 4090 praesens
556 4009 670 4084 signum
682 4006 773 4081 magis
782 4005 885 4088 miror]
937 4029 996 4083 mo,
1012 4020 1041 4070 et
1062 4009 1113 4068 illo
1138 4019 1273 4086 tempore
1299 4005 1531 4084 contemptibilis

238 4099 317 4176 Apte
331 4111 454 4174 quoque
478 4089 612 4152 adhunc
632 4087 696 4148 salsi
712 4089 886 4166 Chrysosto
937 4089 1064 4167 potuerit
1079 4090 1118 4150 ad
1129 4086 1333 4165 uniusllagelll
1343 4088 1464 4148 verbera
1479 4097 1593 4147 tantam

237 4177 278 4238 mi
292 4179 392 4239 locum
406 4174 585 4234 Erasmusz‘
602 4172 693 4230 Hanc
707 4169 885 4246 ipsissimam
936 4173 1032 4233 eicere
1061 4170 1321 4232 multitudinem...
1352 4170 1480 4246 Igneum
1511 4168 1592 4228 enim

236 4257 414 4320 sententiam
439 4253 546 4314 iisdem
570 4270 663 4330 prope
678 4249 773 4312 verbis
784 4251 883 4312 reddit
937 4252 1081 4330 quiddam
1107 4265 1196 4330 atque
1219 4251 1368 4312 sidereum
1402 4248 1534 4310 radiabat
1558 4270 1594 4311 ex

238 4341 441 4417 Hieronymus
455 4335 487 4395 in
510 4334 720 4395 Matthaeum'
741 4333 803 4410 (er,
822 4333 880 4410 15).
936 4334 1031 4394 oculis
1046 4334 1118 4406 eius,
1133 4347 1162 4394 et
1177 4331 1340 4394 divinitatis
1356 4331 1493 4391 maiestas
1513 4333 1593 4392 luce·

237 4421 331 4482 Cuius
341 4419 472 4491 verba,ut
483 4427 694 4487 meusestmos,
706 4414 880 4476 exscribam.
938 4417 986 4476 bat
1003 4414 1032 4475 in
1048 4415 1125 4475 facie
1141 4417 1157 4474 '.

237 4502 286 4564 Sic
310 4501 397 4580 igitur
425 4499 493 4559 ille:
520 4497 680 4573 ‘Plerique
707 4495 886 4557 arbitrantur
979 4515 1024 4572 27.
1041 4493 1116 4577 eum]
1144 4497 1234 4555 Marc.
1256 4516 1279 4570 r,
1307 4497 1400 4556 16-20.
1429 4495 1476 4557 Ci.
1501 4514 1589 4572 supra

238 4583 401 4644 maximum
411 4598 476 4642 esse
486 4577 647 4656 signorum,
660 4579 743 4654 quod
759 4579 885 4637 lazarus
938 4597 963 4654 p.
982 4599 1050 4654 331,
1066 4580 1082 4637 l.
1103 4598 1140 4636 20
1154 4596 1219 4652 sqq.

238 4663 396 4727 suscitatus
415 4673 469 4736 est,
483 4660 567 4737 quod
580 4678 688 4720 caecus
702 4679 740 4720 ex
759 4671 882 4720 utero...

295 4794 406 4836 Auecduta
414 4790 566 4833 Mandrai-m
577 4790 621 4838 lll,
633 4805 651 4830 a.
1524 4788 1549 4837 4⁶
