4092 5502
459 350 540 433 260
576 395 579 401 ·
825 375 853 434 s
878 372 1133 434 manouuur
1156 371 1421 433 szssuronr

459 590 566 654 dixit?
582 594 589 623 ‘
607 591 712 669 Haec,
727 591 844 674 inquit,
855 591 975 655 domus
989 589 1053 654 Dei
1070 599 1121 654 est
1131 590 1147 654 '.
1161 591 1206 654 Et
1218 591 1298 674 quid
1311 589 1412 655 lecit?
1428 595 1435 622 ‘
1453 589 1554 669 Tulit,
1566 589 1682 673 inquit,
1690 588 1814 664 oleum,

460 706 493 761 et
504 697 602 762 unxit
612 697 780 780 lapidem'.
793 697 864 760 Nisi
878 697 1037 780 mysteria
1047 694 1311 760 intellexerimus
1321 695 1662 778 scripturarum‚cuius
1674 692 1814 756 rationis

461 809 540 880 erat,
555 809 593 866 ut
609 811 771 884 ungueret
786 800 931 884 lapidem
949 803 991 866 de
1007 800 1105 865 oleo?

862 1085 937 1160 DE
969 1084 1193 1163 PSALMO
1222 1087 1422 1162 CXXXV.

508 1357 717 1443 Confitemr'ni
730 1357 872 1421 Domino
885 1358 1038 1440 quoniam
1054 1358 1162 1422 bonus.
1177 1357 1307 1421 Tamen
1324 1357 1399 1420 etsi
1416 1356 1573 1422 haeretici
1598 1356 1724 1434 dicunt,
1739 1358 1822 1442 quia
1859 1377 1874 1430 5

464 1485 530 1529 non
549 1474 599 1528 est
616 1463 840 1546 paenitentia;
858 1463 915 1526 sed
941 1472 1054 1526 tamen
1079 1461 1243 1546 propheta
1263 1481 1324 1525 nos
1350 1461 1513 1538 hortatur,
1535 1472 1572 1527 ut
1600 1461 1823 1527 conliteamur

464 1578 601 1652 peccata
618 1577 739 1632 nostra.
756 1566 848 1631 Deus
867 1569 956 1631 enirn
972 1568 1156 1631 bonusest.
1175 1566 1298 1630 Beatus
1313 1585 1393 1648 ergo
1408 1567 1465 1648 qui
1482 1565 1662 1630 confitetur
1683 1575 1823 1652 peccata

464 1694 533 1752 sua,
547 1673 632 1737 sicut
659 1682 693 1736 et
720 1672 892 1753 apostolus
919 1671 1130 1755 dicit:'Qui
1158 1690 1224 1733 non
1251 1689 1325 1733 sum
1350 1671 1474 1752 dignus
1500 1670 1611 1733 vocari
1639 1670 1823 1754 apostolus,

465 1777 623 1860 quoniam
641 1784 834 1858 persecutus
850 1796 925 1840 sum
943 1775 1116 1840 ecclesiam
1141 1775 1205 1838 Dei
1222 1775 1239 1839 ¹.
1256 1773 1292 1839 Si
1308 1773 1480 1856 apostolus
1496 1772 1682 1850 confitetur,
1693 1783 1825 1858 quanto

467 1880 572 1962 magis
589 1885 767 1962 peccator?
785 1880 830 1944 Et
846 1881 965 1944 iterum
981 1904 988 1943 :
1004 1885 1011 1910 ¹
1029 1879 1142 1942 Iustus
1152 1889 1324 1943 accusator
1339 1887 1391 1942 est
1406 1879 1457 1941 sui
1473 1879 1506 1940 in
1523 1877 1687 1962 principio
1697 1897 1824 1944 sermo·
1846 1901 1878 1938 ιο

361 2019 366 2029 ·
467 1984 517 2048 nis
533 1984 549 2052 '.
566 1983 602 2048 Si
618 2003 698 2066 ergo
714 1984 829 2062 iustus,
845 1994 972 2067 quanto
988 1983 1096 2065 magis
1113 1989 1292 2064 peccator?

512 2091 720 2176 confitemini
734 2093 802 2156 Deo
816 2093 958 2159 deorum,
975 2093 1125 2156 Deorum
1141 2090 1260 2154 horum
1277 2086 1368 2166 dicit,
1384 2086 1426 2150 de
1442 2087 1562 2170 quibus
1576 2087 1801 2170 scriptumest
1818 2109 1826 2150 ε

466 2195 567 2278 ‘Ego
582 2196 665 2274 dixi,
680 2197 726 2260 dii
753 2198 832 2261 estis
848 2197 864 2261 '.
882 2195 926 2260 Et
956 2197 1101 2260 iterum:
1124 2193 1242 2257 ‘Deus
1267 2192 1361 2255 stetit
1388 2190 1420 2254 in
1448 2209 1623 2274 synagoga
1649 2192 1788 2254 deorum
1809 2190 1826 2255 ’.

468 2299 534 2383 Qui
551 2301 709 2364 desinunt
727 2319 799 2364 esse
824 2299 988 2376 homines,
1005 2307 1039 2362 et
1065 2296 1255 2379 relinquunt
1281 2295 1372 2372 vitia,
1388 2302 1421 2357 et
1437 2303 1515 2357 sunt
1531 2293 1688 2376 perlecti:
1705 2294 1759 2357 is'ti
1776 2293 1826 2357 dii

467 2414 555 2481 sunt,
567 2414 600 2469 et
618 2402 673 2467 filii
692 2402 839 2468 Excelsi.
1850 2427 1878 2481 ις

514 2507 721 2592 confitemini
734 2505 876 2572 Domino
886 2505 1100 2570 dominorum.
1117 2505 1193 2570 Hoc
1210 2503 1348 2570 refertur
1363 2504 1405 2568 ad
1420 2503 1551 2581 Filium,
1561 2493 1599 2568 et'
1611 2503 1681 2568 Deo
1692 2503 1827 2566 deonem

469 2615 510 2679 ad
529 2615 670 2678 Patrem.
685 2612 774 2677 Patri
791 2631 870 2694 ergo
887 2622 921 2675 et
938 2611 1023 2675 Filio
1049 2609 1269 2676 confitemur:
1287 2609 1387 2673 Pater
1401 2608 1490 2672 enim
1508 2609 1541 2672 in
1559 2608 1655 2686 Filio,
1671 2617 1704 2672 et
1721 2607 1827 2672 Filius

470 2719 502 2782 in
515 2719 620 2782 Patre.
1376 2799 1383 2811 ι

516 2821 585 2902 Qui
589 2821 681 2902 fecit
695 2819 865 2885 mirabilia
876 2841 999 2904 magna
1014 2819 1109 2884 solus.
1126 2820 1220 2883 Prius
1236 2818 1333 2897 dixit,
1348 2817 1553 2883 confitemini
1572 2818 1647 2882 Deo
1663 2819 1803 2883 deorum
1822 2841 1829 2898 ;

469 2928 649 3003 etiterum,
665 2926 814 2989 Domino
839 2926 1063 2989 dominorum.
1081 2923 1127 2988 Et
1144 2926 1301 3007 quonlam
1326 2925 1417 2988 dixit
1443 2924 1527 2988 duas
1554 2944 1723 3008 personas,
1738 2944 1829 2990 nunc
1849 2951 1881 2988 eo

469 3033 561 3108 dicit,
576 3030 643 3113 Qui
660 3029 740 3094 lacit
757 3029 920 3094 mirabilia
950 3049 1073 3112 magna
1090 3030 1188 3104 solus,
1205 3040 1324 3093 utnon
1341 3030 1431 3093 dicat
1448 3031 1534 3093 duos
1550 3032 1639 3093 deos.
1656 3027 1829 3113 Scriptum

470 3143 520 3199 est
536 3135 624 3198 enim
639 3159 646 3199 :
662 3140 668 3166 ⁸
688 3133 784 3199 Unus
802 3134 905 3210 Deus,
921 3155 964 3197 ex
983 3153 1050 3216 quo
1062 3133 1175 3196 omnia
1192 3155 1199 3212 ;
1215 3143 1248 3196 et
1262 3154 1347 3197 unus
1362 3133 1528 3198 Dominus
1545 3133 1646 3208 lesus,
1657 3153 1715 3216 per
1726 3153 1830 3216 quem

470 3239 592 3316 omnia,
609 3247 642 3303 et
660 3259 721 3302 nos
738 3257 796 3319 per
811 3238 919 3320 ipsum
934 3238 949 3301 ’.

518 3341 586 3421 Qui
589 3342 674 3424 fecit
687 3341 790 3405 caelos
807 3343 841 3404 in
859 3341 1028 3406 intellectu.
1047 3342 1108 3405 Isti
1136 3354 1214 3406 sunt
1238 3341 1320 3405 caeli
1347 3343 1402 3424 qui
1419 3352 1576 3406 enarrant
1592 3341 1733 3424 gloriam
1753 3342 1830 3420 Dei,

472 3449 527 3530 qui
544 3448 655 3510 vestiti
684 3458 762 3512 sunt
791 3449 971 3529 imaginem
999 3447 1152 3511 caelestis
1168 3457 1220 3510 :et
1237 3456 1314 3510 sunt
1331 3447 1424 3524 caeli,
1440 3447 1496 3529 qui
1522 3466 1589 3510 non
1615 3456 1692 3511 sunt
1719 3447 1831 3511 vestiti
1850 3468 1881 3522 ²5

506 3649 626 3711 auexit]
639 3653 727 3700 uinxit
740 3651 768 3700 Β.
870 3652 924 3713 3de
935 3651 1026 3712 olc0]C
1038 3649 1119 3717 ;βΑΒ
1132 3668 1172 3701 orn
1184 3651 1229 3710 de;
1244 3649 1329 3706 Badd.
1344 3651 1478 3700 Benedicat
1490 3657 1512 3700 te
1523 3652 1560 3702 D.
1573 3668 1593 3701 e.
1608 3653 1635 3701 S.
1646 3669 1669 3716 q.
1676 3652 1702 3718 fi
1716 3669 1735 3702 c.
1749 3661 1773 3702 et
1784 3659 1832 3703 ter·

473 3750 536 3784 rom.
559 3734 641 3782 Derris
652 3733 740 3797 qru'mt
754 3733 859 3781 Cantica
867 3734 996 3796 gradimur
1015 3734 1118 3796 psalnn's
1130 3736 1159 3784 r'n
1171 3733 1337 3784 benedictione
1349 3735 1542 3795 concluderentur
1560 3751 1615 3784 voce
1627 3736 1771 3800 prophetica
1789 3752 1834 3784 nes

472 3815 693 3874 mineouetdr'cem5
706 3815 726 3864 C
738 3827 752 3863 2
765 3831 798 3863 m.
814 3815 838 3863 in
852 3831 929 3880 marg.
944 3815 1016 3865 infer.
1030 3815 1165 3864 Benedicat
1177 3821 1195 3864 t.
1209 3816 1245 3865 D.
1258 3832 1278 3866 e.
1289 3816 1314 3865 S.
1329 3833 1351 3881 q.
1359 3817 1384 3881 fi
1399 3833 1418 3866 c.
1433 3824 1565 3866 etterram.
1582 3816 1664 3865 Dreros
1674 3817 1763 3882 quinos
1774 3833 1831 3866 ean·

473 3900 579 3948 litorum
594 3899 723 3962 graduarii
740 3899 849 3962 psalmus
868 3899 897 3946 ire
915 3899 1078 3948 benedictione
1097 3899 1248 3947 concludens.
1270 3897 1308 3948 Cl.
1331 3897 1530 3949 commentariol.
1552 3897 1625 3947 huius
1643 3897 1731 3963 psalmi
1750 3913 1775 3962 p.
1789 3911 1831 3960 91,

474 3983 489 4030 l.
507 3993 588 4044 19-22.
656 3987 729 4040 4οΕ
742 3987 872 4027 PSALMO
885 3980 1010 4040 CXXXV]
1024 3980 1134 4030 Mediam
1148 3989 1243 4044 partem
1257 3989 1352 4030 tantum
1361 3981 1479 4030 convenit
1490 3996 1547 4032 cum
1561 3981 1632 4030 Beer.
1646 3980 1695 4031 col.
1712 3993 1773 4043 1302
1786 3992 1832 4044 sq3

474 4063 499 4112 in
511 4063 639 4114 codicibus
652 4063 690 4112 Gl
704 4077 753 4112 non
767 4061 865 4126 legitur.
967 4073 980 4126 5
998 4063 1091 4126 Tamen
1108 4065 1175 4125 etsr']
1193 4064 1291 4114 litterae
1307 4080 1338 4112 en
1356 4063 1381 4113 in
1399 4063 1420 4114 C
1437 4071 1577 4128 expunctae
1593 4071 1668 4120 suun
1686 4063 1723 4112 ira
1733 4069 1756 4110 et
1767 4063 1793 4111 ri
1803 4063 1830 4112 S.

477 4159 507 4196 ιο
517 4145 646 4206 sermonis]
657 4145 674 4196 S
687 4143 745 4194 add.
760 4145 809 4193 rui.
895 4156 923 4192 21
937 4144 1014 4206 dicat]
1027 4145 1112 4209 Csup.
1125 4145 1167 4196 lin.
1180 4155 1259 4196 mutat
1272 4154 1282 4194 l
1294 4147 1318 4196 in
1330 4163 1349 4197 s.
1435 4159 1466 4194 22
1483 4147 1555 4196 Umrr
1566 4145 1648 4208 Deus]
1665 4145 1695 4195 U.
1708 4152 1742 4194 est
1753 4145 1789 4194 l).
1805 4141 1830 4209 β.

475 4241 507 4289 24
517 4229 576 4294 Dee]
588 4228 608 4278 C
621 4243 674 4293 sup.
690 4227 733 4277 lin.
750 4235 828 4291 repet.
842 4233 904 4274 sunt
910 4227 979 4276 caeli.
1082 4237 1112 4289 25
1125 4228 1260 4292 imaginem
1272 4229 1388 4291 caelestis]
1400 4229 1443 4277 AS
1456 4246 1463 4282 ς
1476 4228 1587 4291 imagine
1597 4226 1704 4276 caelestis
1716 4227 1737 4276 C
1749 4243 1756 4286 ;
1769 4227 1832 4276 im·

469 4311 556 4372 gineru
567 4311 688 4359 caelestem
702 4309 722 4358 B
733 4326 740 4370 ς
754 4309 864 4372 ineagr'ne
874 4309 968 4357 coelesti
980 4305 1003 4368 β.

516 4497 542 4554 9.
560 4475 633 4558 Dei]
654 4497 665 4535 1
684 4477 753 4538 Cor.
775 4495 817 4553 15,
836 4497 862 4552 9.
1283 4474 1412 4556 deorum]
1426 4476 1501 4536 llud.
1524 4495 1546 4534 r.

520 4579 564 4619 ιο.
576 4555 725 4638 serrrrom's]
749 4561 833 4616 Prov.
854 4561 899 4630 18,
921 4577 963 4630 ¹7·
1222 4577 1267 4632 23.
1280 4571 1335 4635 per
1347 4555 1454 4638 ipsum]
1471 4577 1496 4616 r.
1510 4559 1577 4618 Cur.
1596 4561 1623 4627 8,
1640 4559 1666 4614 6.

519 4661 562 4718 13.
579 4637 657 4721 estis]
673 4643 719 4699 Ps.
736 4643 785 4712 81,
802 4641 827 4697 6.
1222 4660 1266 4712 24.
1285 4637 1360 4719 Dei]
1380 4641 1423 4698 Ps.
1444 4641 1488 4710 18,
1506 4659 1531 4696 2.
