4202 5492
455 425 507 514 52
832 433 860 494 S.
886 431 1140 498 HIERONYMI
1165 433 1431 496 PRESBYTERI

453 652 613 718 scobebam
626 653 781 736 spiritum
798 675 903 721 meum
919 679 925 721 :
940 656 1004 721 hoc
1020 665 1080 734 est,
1095 653 1263 721 {odiebam
1280 654 1375 738 quasi
1390 671 1517 737 agrum,
1527 663 1564 720 ut
1580 653 1625 720 ibi
1643 657 1808 724 mitterem

455 781 567 826 semen
585 762 810 827 doctrinarum
829 761 976 828 Domini.
1511 759 1515 766 ’

500 868 677 953 Numquid
694 869 730 934 in
746 880 914 934 aeternum
934 869 1071 952 proia'et
1093 867 1219 934 Deus?
1245 869 1339 932 Haec
1367 874 1437 930 erat
1453 873 1524 930 tota
1550 867 1712 952 cogitatio
1728 890 1810 936 mea.

456 975 548 1038 Deus
564 975 733 1040 hominem
752 975 830 1039 iecit
845 973 888 1040 de
904 983 1001 1052 terra,
1016 983 1049 1038 et
1066 972 1255 1057 repromisit
1266 972 1295 1037 ei
1313 973 1417 1037 vitam
1435 978 1626 1038 aeternam:
1640 976 1810 1058 quomodo

455 1099 535 1161 ergo
551 1080 593 1144 de
620 1079 776 1164 paradiso
804 1081 928 1145 eiectus
944 1088 1003 1156 est,
1024 1079 1067 1144 de
1082 1098 1188 1161 regno
1205 1077 1292 1142 Dei?
1309 1077 1357 1140 Et
1371 1097 1434 1140 non
1454 1076 1574 1142 adiciet
1587 1089 1625 1144 ut
1644 1080 1676 1145 ei
1681 1081 1812 1164 placeat
1848 1093 1861 1149 5

454 1183 585 1248 adhaec?
594 1184 669 1248 Aut
682 1185 716 1248 in
723 1185 830 1269 finem
846 1184 1104 1250 misericordiam
1114 1204 1210 1248 suam
1225 1181 1366 1246 abscidet
1380 1203 1402 1246 a
1413 1184 1621 1266 generatione
1635 1195 1668 1250 et
1675 1209 1811 1270 genera·

455 1289 570 1352 tione?
595 1289 671 1352 Hoc
698 1298 757 1366 est,
788 1299 963 1372 utramque
988 1289 1237 1370 generationem
1263 1288 1409 1369 proiciet,
1425 1297 1459 1352 et
1483 1290 1601 1371 prioris
1627 1292 1753 1374 populi,
1779 1301 1812 1357 et

455 1394 650 1476 sequentis?
679 1394 763 1459 Esto
790 1395 973 1478 proiecerat
991 1395 1192 1459 Iudaeorum
1219 1390 1379 1474 populum
1394 1416 1400 1456 :
1417 1393 1579 1475 numquid
1600 1405 1634 1458 et
1661 1398 1810 1478 gentium

455 1497 619 1580 proiciet?
633 1499 708 1562 Aut
727 1498 903 1563 continebit
922 1498 956 1562 in
973 1499 1026 1562 ira
1050 1495 1275 1561 misercordras
1288 1496 1397 1558 suas?
1413 1495 1491 1559 Non
1519 1498 1629 1579 potuit
1644 1499 1813 1582 pulchrius

453 1599 573 1667 dicere.
589 1600 700 1684 Quam
717 1601 774 1666 diu
791 1621 826 1666 se
841 1609 955 1667 teneat
971 1611 1008 1667 ut
1025 1620 1091 1665 non
1113 1599 1317 1675 misereatur,
1343 1606 1456 1664 tamen
1485 1599 1587 1665 vincit
1603 1601 1697 1666 illurn
1714 1603 1810 1667 mise·
1826 1619 1863 1660 »ιο

456 1703 597 1768 ricordia
612 1725 681 1770 sua
1438 1705 1442 1714 ⁴
1618 1723 1621 1732 ’

498 1807 547 1873 Et
559 1808 641 1890 dixi,
657 1831 742 1874 nanc
754 1810 845 1893 coepi.
863 1811 901 1875 ln
918 1811 1064 1877 hebraeo
1079 1809 1175 1875 aliter
1190 1809 1293 1873 habet
1307 1829 1314 1874 :
1330 1811 1338 1841 ‘
1356 1809 1400 1873 Et
1412 1807 1495 1888 dixi,
1505 1807 1703 1876 inbecillitas
1716 1829 1790 1876 mea
1804 1809 1811 1836 ⁹

456 1910 518 1974 hoc
543 1923 602 1990 est,
627 1915 716 1997 quod
744 1915 862 1995 patior,
878 1935 944 1979 non
962 1924 1013 1979 est
1029 1915 1072 1978 de
1098 1911 1297 1976 crudelitate
1315 1911 1388 1990 Dei,
1413 1913 1472 1977 sed
1490 1914 1532 1978 de
1560 1915 1706 1996 peccatis
1723 1915 1812 1980 meis.

457 2014 549 2080 Haec
563 2018 871 2082 mutatio-dexterae
892 2017 1031 2084 Excelsi.
1049 2018 1097 2084 Ut
1126 2017 1294 2081 Dominus
1319 2018 1521 2094 misereatur,
1536 2027 1573 2084 ut
1598 2019 1655 2083 det
1670 2021 1811 2102 gratiam

456 2140 549 2184 suam
567 2123 721 2186 universo
737 2123 873 2199 mundo,
889 2132 926 2188 ut
942 2143 1009 2187 non
1027 2123 1168 2187 retineat
1185 2121 1218 2184 in
1235 2120 1283 2186 ira
1299 2141 1358 2185 sua
1375 2120 1617 2186 misericordias
1633 2141 1718 2201 suas,
1730 2122 1811 2188 haec
1835 2143 1863 2198 ις

458 2227 600 2291 mutatio
616 2227 777 2293 dexterae
794 2227 939 2292 Excelsi.
960 2228 1032 2292 Nisi
1050 2227 1192 2291 dextera
1207 2225 1287 2304 eius,
1303 2227 1367 2290 hoc
1382 2236 1442 2303 est,
1459 2226 1562 2290 Filius
1578 2225 1649 2309 ejus
1665 2237 1813 2294 mutatus
1876 2244 1882 2256 ·

460 2329 567 2408 suerit,
581 2340 615 2396 et
631 2331 775 2399 hominis
796 2353 915 2415 corpus
930 2331 1107 2416 acceperit,
1123 2353 1185 2396 nos
1202 2331 1461 2397 misericordiam
1486 2330 1636 2413 accipere
1652 2349 1718 2394 non
1735 2352 1810 2414 pos·

457 2452 579 2500 sumus.
595 2435 644 2499 Et
662 2435 743 2512 deni,
768 2455 854 2499 nunc
865 2434 951 2518 coepi
959 2457 971 2500 .·
994 2433 1072 2500 haec
1086 2435 1225 2500 mutatio
1248 2435 1398 2499 dexterae
1418 2432 1553 2498 Excelsi.
1570 2433 1660 2517 ‘Qui
1686 2453 1761 2500 cum
1778 2436 1811 2500 in

458 2537 565 2604 forma
589 2539 652 2604 Dei
669 2549 757 2605 esset
772 2539 982 2618 constitutus,
998 2559 1065 2604 non
1083 2539 1233 2622 rapinam
1261 2539 1439 2604 arbitratus
1455 2547 1506 2604 est
1532 2559 1605 2603 esse
1631 2559 1666 2602 se
1692 2558 1812 2624 aequa·

458 2643 523 2710 lem
542 2646 626 2723 Deo,
644 2647 702 2710 sed
720 2644 907 2712 exinanivit
924 2644 1151 2726 semetipsum,
1167 2643 1308 2708 sormam
1325 2645 1409 2712 servi
1426 2642 1593 2725 accipiens
1607 2644 1625 2711 ’.
1833 2669 1865 2706 ao

501 2750 633 2815 Memor
638 2749 705 2831 fni
717 2757 847 2834 mentm
863 2747 1027 2813 Domini:
1042 2767 1128 2830 quae
1153 2747 1276 2811 lecerat
1295 2747 1417 2830 Moysi,
1433 2767 1520 2830 quae
1543 2746 1666 2812 iecerat
1682 2750 1814 2815 sanctis.

460 2849 549 2928 Quia
564 2874 688 2917 memor
704 2876 757 2918 ero
782 2852 823 2918 ab
840 2851 936 2916 initio
952 2850 1159 2915 mirabilium
1183 2861 1314 2914 taonem
1326 2874 1337 2914 .·
1352 2861 1384 2914 et
1409 2848 1590 2914 nieditabor
1610 2851 1645 2915 in
1667 2853 1816 2916 omnibus

455 2956 601 3038 open'bns
616 2957 691 3034 tuis,
706 2969 737 3021 et
759 2957 794 3022 in
821 2954 1109 3020 adinventionibus
1123 2954 1190 3018 tuis
1209 2953 1376 3018 exercebor.
1393 2953 1482 3018 Tota
1497 2972 1572 3019 rnea
1597 2956 1758 3038 cogitatio
1773 2959 1815 3022 de

458 3062 634 3126 virtutibus
658 3062 724 3126 tuis
739 3070 798 3127 est.
816 3060 1001 3127 Considero
1023 3058 1196 3141 quomodo
1212 3057 1276 3121 illis
1301 3057 1455 3122 misertus
1482 3079 1527 3136 es,
1558 3069 1592 3124 et
1618 3061 1661 3124 de
1678 3081 1731 3126 me
1748 3083 1813 3126 non

456 3161 605 3242 despero.
1833 3192 1863 3245 25

501 3263 593 3328 Deus
609 3267 643 3330 in
659 3277 767 3331 sancto
782 3268 839 3332 vin
854 3278 922 3334 tua.
938 3269 1151 3353 Quicumque
1165 3287 1246 3350 ergo
1263 3276 1399 3331 sanctus
1415 3287 1482 3331 non
1498 3275 1557 3344 est,
1574 3269 1627 3334 via
1644 3270 1709 3335 Dei
1726 3273 1758 3336 in
1775 3293 1816 3336 eo

458 3389 523 3432 non
535 3381 592 3434 est.
604 3371 670 3435 Via
682 3371 745 3434 Dei
761 3392 848 3453 quae
863 3379 939 3438 est?
953 3377 960 3406 ‘
972 3373 1047 3454 Ego
1059 3391 1132 3436 sum
1150 3372 1212 3448 via,
1222 3380 1256 3436 et
1273 3371 1350 3448 vita,
1360 3379 1393 3435 et
1408 3372 1557 3438 veritas’
1574 3373 1650 3437 Hoc
1661 3367 1816 3442 Salvator

457 3472 547 3538 dicit.
558 3473 625 3536 Via
637 3494 717 3556 ergo
731 3476 795 3539 Dei
809 3473 895 3539 filius
908 3486 966 3542 est.
979 3477 1045 3540 Via
1062 3485 1174 3540 autem
1186 3475 1250 3539 Dei
1269 3495 1334 3538 non
1350 3485 1401 3539 est
1414 3476 1476 3539 nisi
1490 3477 1522 3540 in
1537 3488 1662 3543 sancto.
1674 3479 1711 3545 Si
1723 3481 1813 3546 volu-

458 3596 531 3640 mus
549 3587 585 3641 ut
603 3577 743 3660 Xpistus
768 3579 896 3644 habitet
925 3581 957 3645 in
974 3580 1079 3660 nobis,
1106 3581 1210 3644 simus
1226 3579 1355 3644 sancti:
1384 3581 1448 3644 Dei
1465 3581 1553 3646 enim
1572 3583 1623 3647 via
1649 3583 1681 3646 in
1698 3593 1815 3650 sancto

490 3781 610 3850 sanctus]
619 3783 726 3832 deiectus
737 3783 768 3833 C.
844 3791 903 3834 ante
914 3785 944 3834 de
954 3784 1145 3848 regnoSinser.
1157 3790 1188 3844 et,
1200 3782 1260 3834 item
1274 3784 1294 3833 C
1307 3784 1350 3834 sed
1365 3799 1419 3850 sup.
1430 3784 1474 3834 lin.
1550 3785 1721 3849 Sproircerat]
1734 3786 1816 3855 path

450 3863 601 3924 proiecerat
611 3863 635 3912 G
646 3865 787 3928 5praicerat
799 3865 824 3915 S.
840 3865 1020 3930 Legendumne
1029 3867 1162 3930 praierm't
1169 3867 1180 3914 i
1256 3879 1272 3929 9
1283 3867 1311 3915 in
1324 3868 1375 3933 ira]
1388 3865 1453 3916 Aes
1466 3866 1524 3918 add.
1539 3883 1593 3917 rua.
1671 3867 1817 3934 pulchrius]

450 3945 599 4008 pulsantur
611 3947 641 3996 L.
743 3947 774 3998 28
786 3949 826 4015 Se]
838 3949 881 3998 SG
892 3967 899 4008 3
912 3965 962 3999 om.
976 3948 1025 4016 pn.

501 4165 524 4205 ι.
553 4147 606 4206 leoc
629 4153 678 4218 ert,
697 4148 844 4222 fodr'eionr
875 4168 960 4224 quase
990 4146 1107 4228 agraria]
1160 4149 1275 4208 tionum
1301 4167 1420 4209 suarum
1445 4156 1632 4224 μεταφορικῶς
1657 4167 1675 4208 a
1699 4149 1814 4208 sarculo

458 4225 583 4288 Hieron.
599 4247 645 4304 ep.
667 4231 730 4302 106,
759 4249 785 4288 n.
804 4251 864 4306 49:
880 4234 888 4262 ‘
903 4249 956 4304 pro
971 4248 1009 4290 eo
1024 4231 1107 4306 quod
1160 4229 1374 4290 demonstravit
1389 4231 1404 4288 ³.

458 4326 511 4366 nos
525 4307 655 4369 diximus
669 4311 821 4387 scopebam,
834 4310 875 4371 illi
888 4311 1107 4391 (Septuaginta)
1203 4331 1247 4371 12.
1264 4312 1434 4371 r'rrbea'llitas
1448 4309 1521 4390 mea]
1537 4311 1622 4372 Psalt.
1634 4309 1714 4370 iuxta
1729 4311 1810 4370 hebr.

457 4401 619 4464 posuerunt
655 4389 813 4453 ἔσκαλλον...
853 4395 974 4470 Proprie
1007 4403 1107 4453 autern
1163 4391 1361 4469 Hieronymi:
1388 4397 1439 4452 ‘et
1455 4391 1514 4452 dixi
1530 4415 1536 4452 :
1554 4391 1731 4452 inbecillitas
1747 4411 1812 4452 mea

457 4475 601 4542 σκαλισμός
624 4472 654 4532 ln
676 4474 853 4552 agricultura
872 4475 981 4535 dicitur
1000 4473 1029 4533 in
1052 4493 1108 4533 sar·
1161 4485 1204 4531 est
1220 4474 1294 4533 haec
1309 4477 1325 4534 '.

456 4551 569 4626 tiendo,
587 4553 617 4613 id
643 4567 686 4615 est
701 4557 878 4617 sarculando
888 4578 896 4631 ;
911 4569 939 4616 et
954 4557 1110 4634 quomodo
1204 4575 1249 4615 ao.
1265 4557 1402 4633 accipiens
1431 4555 1557 4632 Philipp.
1576 4575 1602 4628 a,
1618 4559 1644 4614 6.
1665 4575 1689 4630 7.

458 4632 497 4692 ibi
526 4649 708 4712 quaeruntur
737 4639 847 4699 herbae
875 4641 1000 4712 sarculo,
1030 4656 1108 4714 quae
1203 4655 1247 4712 27·
1265 4640 1412 4697 etren'tas
1442 4639 1484 4695 lo.
1506 4657 1549 4710 14,
1566 4641 1593 4696 6.

456 4729 601 4793 secentur,
618 4718 704 4780 sicet
720 4719 774 4780 iste
794 4730 983 4781 retractatum
999 4719 1107 4796 cogita-
