4062 5504
458 276 534 378 136
927 290 1109 351 annoau
1141 291 1333 352 nntscom

451 486 552 571 Quod
569 496 683 552 autem
700 487 790 563 dicit,
808 487 916 551 Erunt
934 509 1036 570 prava
1064 490 1097 551 in
1125 489 1260 566 directa,
1276 489 1339 552 hoc
1366 487 1409 552 de
1436 487 1611 570 gentilium
1641 487 1806 567 pravitate

450 591 593 664 dicebat,
610 591 665 673 qui
684 610 770 654 nunc
788 603 877 656 recta
895 592 1013 656 itinera
1030 594 1239 676 gradiuntur.

900 729 949 776 DE
971 728 1057 778 CIBO
1081 729 1278 779 IOHANNIS.
1303 728 1356 777 III.

497 832 594 897 Cibus
609 841 718 894 nartem
735 833 894 896 lobarmis
908 845 981 897 erat
994 836 1116 899 locusta
1131 846 1163 898 et
1179 835 1243 898 mel
1254 831 1410 898 silvestre.

973 967 1288 1018 manichaeam.
1823 991 1837 1044 ⁵

498 1077 665 1140 Locustae
694 1097 776 1157 quas
802 1077 893 1152 dicit,
909 1076 1111 1159 populorum
1131 1075 1312 1140 multorum
1330 1077 1563 1140 demonstrant
1581 1076 1731 1159 figuram,
1746 1077 1805 1158 qui

452 1183 495 1246 ad
514 1181 699 1244 Iohannem
717 1180 905 1243 veniebant.
923 1181 991 1243 Mel
1009 1191 1121 1244 autem
1141 1179 1284 1244 fructum
1316 1181 1505 1244 dulcedinis
1528 1201 1643 1244 eorum
1666 1182 1805 1244 demon·

454 1295 547 1360 strat,
564 1304 706 1367 quorum
725 1285 922 1348 credulitate
939 1294 972 1346 et
989 1281 1055 1347 fide
1074 1284 1242 1347 lohannes
1259 1284 1479 1348 saturabatur.

901 1417 949 1464 DE
974 1418 1066 1466 PALA
1092 1417 1137 1466 ET
1161 1418 1268 1466 AREA.
1294 1419 1361 1467 IIII.

499 1523 638 1588 Habens.
654 1522 770 1603 inquit,
780 1525 895 1604 petiam
912 1525 947 1584 in
965 1545 1063 1586 ntnnu
1080 1545 1149 1598 suo,
1161 1525 1318 1606 purgabit
1332 1545 1443 1588 areant
1460 1525 1530 1607 [tol.
1552 1526 1624 1608 130]
1647 1547 1753 1602 snam,
1775 1537 1808 1590 et
1825 1555 1853 1592 10

451 1629 575 1709 colliget
582 1627 794 1706 frumentum
812 1629 846 1690 in
862 1629 982 1705 horreo,
994 1630 1106 1711 paleas
1121 1641 1230 1694 aretem
1245 1629 1406 1693 comburet
1422 1629 1494 1711 igni
1508 1629 1759 1711 inextinguibili.

966 1764 1279 1814 INTERPRETATIO.

497 1871 588 1932 Area
605 1869 694 1950 quod
711 1869 801 1946 dicit,
819 1871 965 1933 mundus
982 1871 1045 1933 iste
1062 1871 1269 1953 intelligitur.
1282 1872 1506 1934 Frumentum
1520 1890 1599 1934 vero
1610 1872 1702 1953 quod
1715 1872 1806 1949 dicit,

455 1975 563 2036 sancti
589 1983 621 2034 et
648 1971 762 2034 fideles
779 1973 1020 2056 intelliguntur.
1039 1975 1120 2037 Pala
1146 1995 1223 2037 vero
1248 1995 1380 2036 crucem
1398 1975 1617 2038 demonstrat.
1637 1975 1803 2039 Horreum

456 2090 567 2142 autem
587 2078 761 2158 paradisus
778 2085 839 2151 est,
855 2077 911 2137 ubi
927 2077 1034 2139 sancti
1052 2077 1263 2158 colliguntur.
1283 2078 1404 2140 Paleac
1431 2088 1544 2140 autem
1573 2077 1671 2154 leves,
1687 2078 1720 2141 id
1745 2087 1806 2154 est,
1825 2105 1850 2157 ις

458 2183 578 2265 perditi
595 2181 757 2252 homines,
774 2180 830 2260 qui
849 2181 879 2240 in
897 2179 1086 2260 gehennam
1106 2183 1294 2258 mittuntur,
1310 2192 1342 2244 et
1360 2181 1428 2262 igni
1445 2194 1640 2246 exuruntur.

909 2315 958 2362 DE
982 2314 1132 2364 IEIUNIO
1156 2315 1317 2366 CHRISTI.
1340 2317 1371 2366 V.

499 2424 546 2486 Et
560 2444 632 2485 cum
651 2421 828 2484 ieiunasset
838 2421 939 2496 lesus,
949 2431 1059 2502 postea
1069 2423 1194 2486 esteriit.
1207 2422 1255 2484 Et
1268 2423 1356 2486 dixit
1366 2423 1413 2486 ad
1419 2443 1492 2486 eum
1506 2424 1534 2485 r's
1545 2425 1604 2505 qni
1614 2423 1804 2506 temptabat.-

456 2527 484 2591 S
488 2528 500 2589 i
506 2527 603 2610 filius
620 2524 688 2588 Dei
700 2545 741 2603 es,
756 2525 810 2586 dic
825 2535 860 2586 nt
876 2525 999 2606 lapides
1015 2525 1073 2587 isti
1083 2537 1183 2606 panes
1190 2527 1288 2608 fiant.
1305 2525 1366 2589 Ille
1380 2536 1488 2590 aretem
1505 2527 1593 2589 dixit
1606 2527 1637 2589 ei
1647 2551 1658 2590 :
1677 2527 1752 2590 Non
1770 2529 1802 2590 in

453 2634 517 2696 solo
525 2643 612 2714 parte
627 2629 715 2693 vivit
728 2629 828 2704 boitro,
843 2629 902 2691 sed
915 2630 949 2691 in
965 2630 1056 2692 omm'
1069 2629 1163 2692 verbo
1179 2629 1250 2692 Dei.
1275 2631 1363 2692 Tunc
1375 2633 1553 2714 assunntrit
1563 2653 1636 2694 eum
1648 2632 1801 2706 diabolus,
1819 2659 1849 2694 20

453 2749 483 2800 et
498 2738 616 2800 statuit
630 2757 702 2798 eunt
717 2746 816 2815 snpra
829 2732 1043 2813 pinnaculum
1061 2733 1179 2814 templi,
1191 2743 1221 2794 et
1236 2733 1322 2795 dixit
1336 2733 1409 2796 illi:
1427 2734 1574 2814 Sifilius
1585 2735 1703 2812 Deies,
1716 2737 1805 2798 mitte

454 2851 483 2905 te
497 2842 655 2915 deorsum,
670 2850 702 2901 et
717 2837 878 2919 exceptant
893 2847 921 2899 te
937 2837 1055 2918 angeli,
1073 2859 1109 2898 ne
1116 2838 1208 2915 forte
1220 2837 1364 2920 efficacias
1379 2837 1425 2900 ad
1433 2837 1573 2918 lapidem
1576 2837 1692 2920 pedem
1705 2849 1802 2902 tunm.

978 2972 1294 3022 INTERPIIE'I'ATIO.

499 3083 651 3147 Christus
668 3082 818 3142 ieiunans
836 3100 896 3142 nos
912 3081 1089 3156 esuriebat,
1105 3099 1189 3160 quos
1206 3080 1333 3141 iustitia
1346 3077 1518 3142 saturabit.
1533 3079 1680 3162 Lapides
1693 3090 1801 3143 autem

455 3208 515 3249 nos
533 3186 667 3262 luimus,
683 3184 740 3264 qui
757 3185 915 3247 duritiam
933 3184 1043 3248 cordis
1060 3184 1248 3246 habuimus.
1266 3183 1447 3265 Templum
1466 3194 1578 3247 autem
1596 3183 1804 3248 Christianos
1819 3206 1847 3260 25

454 3291 607 3356 homines
623 3291 847 3366 demonstrat,
866 3288 970 3352 Paulo
986 3289 1143 3369 apostolo
1159 3289 1292 3352 dicente
1308 3311 1314 3350 :
1331 3287 1421 3350 'Vos
1438 3289 1519 3352 estis
1535 3289 1701 3372 templum
1720 3288 1803 3353 Dei.’

455 3397 576 3460 Fastus
601 3403 713 3457 autem
739 3391 857 3474 templi
883 3394 1005 3456 catitas
1027 3403 1087 3469 est,
1104 3414 1162 3475 per
1179 3414 1279 3475 quam
1297 3394 1422 3457 eminet
1439 3393 1615 3476 templum,
1632 3415 1691 3476 pec
1707 3412 1804 3476 quam

455 3499 608 3565 Christus
634 3497 666 3560 in
692 3496 890 3561 Christianis
919 3498 1081 3562 ascendit.
1097 3497 1197 3580 Quod
1225 3509 1337 3562 autem
1365 3497 1521 3561 diabolus
1547 3497 1683 3562 Christo
1709 3499 1806 3573 dixit,

455 3605 555 3669 Mitte
571 3615 604 3667 te
620 3604 662 3666 de
679 3600 805 3684 templo
823 3601 899 3663 hinc
916 3602 1084 3679 deorsum,
1095 3602 1158 3664 hoc
1171 3613 1223 3666 est
1235 3626 1241 3665 :
1253 3601 1418 3666 suadebat
1432 3601 1577 3678 Christo,
1588 3611 1625 3665 ut
1636 3601 1680 3664 de
1694 3610 1804 3664 nostra

454 3710 593 3774 caritate
608 3706 835 3769 descenderet.
855 3703 906 3766 Ne
921 3703 1018 3783 forte,
1034 3705 1151 3788 inquit,
1167 3703 1320 3769 offendas
1336 3706 1379 3768 ad
1396 3705 1543 3788 lapidem
1556 3707 1679 3788 pedem
1693 3714 1785 3769 tuum
1798 3727 1804 3766 :
1819 3727 1847 3778 3⁰

453 3812 516 3875 hoc
533 3821 593 3887 est,
608 3810 704 3893 quasi
723 3809 778 3889 qui
797 3809 960 3872 increduli
977 3828 1135 3886 essemus,
1146 3809 1248 3872 veluti
1262 3808 1420 3872 duritiam
1433 3807 1584 3892 lapidum
1598 3807 1804 3884 haberemus,

453 3920 499 3980 ita
516 3914 738 3980 offensionem
758 3922 906 3975 nostram
925 3911 1061 3976 Christo
1076 3913 1254 3976 obiciebat.

484 4099 500 4148 6
514 4098 640 4159 locustae]
652 4097 693 4154 (ἢ
709 4098 824 4146 Locustae
838 4115 863 4160 μ.
949 4109 1031 4160 9sqq.
1044 4098 1134 4160 pala...
1145 4097 1243 4162 palam]
1256 4114 1275 4160 μ
1285 4116 1291 4155 ;
1301 4099 1405 4160 palca...
1416 4097 1516 4161 paleam
1529 4096 1561 4145 G.
1644 4109 1674 4146 ιο
1676 4098 1803 4160 purgabit]

453 4182 621 4246 p3purgavit
633 4181 665 4229 G.
757 4193 764 4228 ι
770 4192 784 4242 3
799 4179 877 4241 Area]
890 4181 910 4228 G
924 4197 931 4236 ;
946 4180 1039 4227 Arcam
1054 4196 1081 4241 μ.
1167 4179 1349 4243 anticipient]
1362 4179 1403 4242 G;
1417 4180 1580 4242 excipientp.
1661 4188 1692 4239 27
1704 4179 1803 4240 Fartus]

451 4267 474 4314 G
486 4281 494 4323 ;
506 4263 649 4326 Fasttgium
659 4278 685 4324 μ.
784 4271 916 4326 perquam
928 4262 1022 4310 eminet
1032 4261 1163 4324 templum]
1176 4262 1198 4310 G
1208 4277 1215 4318 ;
1225 4277 1274 4310 um.
1291 4279 1319 4324 μ.

492 4441 519 4492 4.
535 4415 678 4499 siluestre]
695 4421 749 4477 Mt.
768 4439 794 4494 3,
812 4440 837 4488 4.
1197 4439 1241 4476 22.
1260 4416 1357 4498 tumn]
1375 4421 1429 4476 Mt.
1447 4439 1474 4490 4,
1496 4438 1505 4476 ι
1525 4436 1568 4492 sq.

497 4497 860 4579 11.inextr'ngntbili]Mt.
878 4520 904 4576 3,
925 4521 969 4558 12.
1197 4503 1242 4559 26.
1260 4498 1333 4580 Dei]
1351 4521 1366 4558 a
1384 4501 1453 4561 Cor.
1470 4502 1498 4571 6,
1519 4501 1561 4556 16.
