4112 5496
278 401 380 490 nvn]
616 407 987 474 conuenturum
1018 409 1064 472 nt
1094 410 1291 475 assertos,
1340 399 1342 404 ’
1579 412 1634 502 55

276 627 416 706 tutem
454 623 643 716 multon
683 623 726 706 in
768 625 1085 736 praedicando:
1128 641 1176 712 ut
1214 629 1414 713 ecclesiae
1453 631 1636 714 devictis

277 764 490 865 hostibus,
518 765 691 849 ludaeis
712 766 804 850 sive
825 767 1123 873 daemonibus
1147 772 1288 882 spolia
1309 773 1558 885 partiantur.
1584 775 1639 857 Si

273 905 504 990 dormiens
539 906 657 990 inter
688 908 849 992 medios
881 911 1024 1013 cleros,
1053 921 1227 1022 pennae
1259 914 1476 997 columbae
1508 915 1634 998 deor-

266 1053 481 1156 gentatae
500 1078 515 1132 .·
545 1054 589 1131 et
612 1050 860 1159 posteriora
894 1052 988 1134 eins
1022 1052 1068 1135 in
1103 1055 1336 1137 viriditate
1369 1055 1482 1137 auri.
1519 1056 1631 1138 Cum

235 1219 252 1272 s
272 1188 447 1272 duobus
468 1189 700 1273 credideris
721 1191 1025 1294 Testamentis,
1051 1193 1244 1280 invenies
1265 1196 1309 1279 in
1332 1211 1514 1306 utroque
1536 1199 1633 1308 Spi-

272 1331 407 1418 ritum
439 1342 648 1416 sanctum.
696 1332 755 1415 Et
797 1333 893 1415 licet
928 1333 984 1416 sit
1025 1333 1302 1444 pulchritudo
1339 1337 1470 1421 etiam
1510 1337 1633 1421 iuxta

272 1474 460 1558 litteram
494 1475 602 1559 scire
635 1502 745 1585 quae
782 1476 911 1586 legaS,
949 1491 1092 1563 tamen
1122 1479 1188 1562 vis
1221 1478 1388 1563 decoris
1420 1479 1564 1562 omnis
1587 1479 1629 1561 in

170 1597 180 1619 ’
270 1645 403 1701 sensu
435 1631 513 1702 est.
540 1618 740 1702 Exterior
762 1618 907 1729 itaque
927 1619 1157 1703 verborum
1179 1634 1359 1704 ornatus
1385 1619 1428 1701 in
1462 1621 1628 1732 argenti

271 1761 448 1846 nomine
466 1761 806 1845 demonstratur:
827 1761 1059 1845 occultiora
1074 1789 1176 1845 vero
1194 1760 1398 1872 mysteria
1419 1760 1462 1842 in
1485 1787 1629 1842 recon-

212 1917 249 1970 1‘0
267 1902 376 1985 ditis
396 1901 488 1984 auri
512 1903 764 1986 muneribus
784 1905 1070 1988 continentur.
1096 1905 1215 1987 Nive
1243 1902 1565 1986 dealbabuntur
1582 1904 1628 1984 iu

266 2045 451 2129 Selmon.
493 2045 672 2128 Selmon
703 2045 855 2128 umbra
889 2048 1200 2157 interpretatur.
1238 2048 1350 2129 Cum
1390 2045 1522 2156 igitur
1557 2071 1627 2127 rex

265 2186 466 2270 caelestis
490 2186 677 2296 Xpistus
710 2188 751 2270 in
786 2189 963 2274 ecclesia
998 2217 1077 2272 sua
1111 2189 1297 2299 coeperit
1331 2184 1553 2297 apostolos
1585 2198 1627 2268 et

267 2328 484 2439 principes
504 2330 765 2413 constituere
784 2343 914 2440 atque
934 2329 1138 2430 dividere,
1163 2357 1247 2413 non
1286 2328 1505 2412 habebunt
1542 2329 1626 2438 ple·

267 2445 370 2553 nam
405 2471 555 2571 lucem,
590 2472 665 2555 sed
700 2485 861 2582 partem
883 2473 1073 2584 aliquam
1106 2473 1332 2557 scientiae:
1355 2474 1458 2584 quia
1481 2481 1489 2516 ⁸
1513 2500 1627 2555 nunc

209 2655 243 2708 ις
263 2641 319 2697 ex
341 2628 458 2723 parte
478 2613 689 2711 videmus,
713 2629 755 2696 et
775 2641 825 2696 ex
847 2625 965 2723 parte
1002 2612 1310 2724 prophetamus
1332 2615 1352 2698 ’.
1376 2615 1507 2698 Mons
1527 2615 1623 2714 Dei,

262 2783 389 2840 mons
409 2758 623 2866 pinguis·
654 2783 774 2839 mons
792 2757 1060 2865 coagulatur,
1096 2783 1217 2840 uraris
1234 2755 1424 2865 pinguis.
1452 2758 1540 2839 Iste
1559 2769 1626 2840 est

265 2927 407 2999 mons,
429 2900 483 2983 ad
506 2879 635 3011 quem
656 2910 699 2981 et
720 2899 763 2981 in
781 2899 914 2981 Esaia
929 2910 970 2981 et
993 2897 1036 2980 in
1057 2897 1265 2996 Michaea,
1282 2911 1328 2980 ut
1344 2896 1624 2982 ascendentes

264 3055 458 3153 pergant,
475 3067 521 3124 se
543 3039 726 3123 invicem
743 3039 1031 3123 cohortantur.
1051 3037 1180 3146 Quod
1197 3051 1340 3121 autem
1359 3039 1431 3138 ait,
1446 3037 1624 3122 veritate

266 3183 560 3293 ‘coagulatus
590 3184 609 3281 ¹,
643 3183 828 3292 apostoli
862 3181 1063 3293 congruit
1097 3179 1253 3278 verbis,
1287 3181 1361 3291 qui
1396 3179 1480 3264 ait:
1506 3195 1513 3222 ¹
1540 3183 1626 3266 Lac

205 3367 243 3403 ω
262 3327 393 3410 vobis
428 3339 578 3437 potum
615 3323 727 3424 dedi,
767 3351 850 3406 non
888 3351 1029 3434 escam
1053 3324 1070 3406 ’.
1106 3323 1168 3404 tn
1198 3323 1311 3430 quid
1338 3323 1628 3433 suspicamini

263 3473 430 3552 montes
443 3465 728 3578 coagulatos?
742 3467 873 3549 Mons
893 3468 938 3549 in
953 3494 1036 3576 quo
1051 3463 1297 3574 conplacuit
1313 3465 1404 3566 Deo
1419 3464 1625 3547 nabitare

263 3612 312 3694 in
333 3637 388 3693 eo.
410 3610 577 3694 Sensus
600 3609 680 3690 iste
700 3620 782 3690 est:
805 3607 903 3690 Non
927 3607 1094 3691 debetis
1113 3606 1341 3688 aestimare
1362 3604 1505 3716 plures
1526 3633 1622 3688 esse

297 3837 647 3904 3dorutieri5111acodices3
680 3837 812 3886 dorrrrr'ais
824 3834 849 3904 β
948 3836 1054 3901 pennae]
1066 3834 1180 3903 cnnp;
1212 3836 1308 3900 pinnae
1322 3835 1352 3886 E.
1451 3835 1624 3899 4porteriorct]

261 3923 321 3974 cod.
336 3921 356 3972 C
369 3937 433 3971 trous
444 3921 502 3970 add.
516 3921 592 3972 dorsi.
634 3919 640 3928 '
697 3919 726 3968 16
738 3935 807 3968 mons
823 3919 965 3980 coagulatus
983 3935 1052 3967 orons
1065 3918 1182 3982 pinguis]
1197 3919 1228 3976 E,
1242 3918 1362 3967 omittunt
1375 3917 1462 3980 reliqui
1475 3917 1549 3966 cotld.
1565 3915 1620 3964 sort.

261 4013 366 4068 propter
383 4002 612 4053 homoeoteleuton.
716 3999 745 4048 18
754 3999 871 4062 pergant]
878 4007 1009 4062 pergerent
1020 4001 1040 4048 C
1053 4006 1122 4060 (mox
1135 4001 1304 4061 emendatus).
1403 3999 1518 4060 veritate]
1531 3999 1622 4056 uhtu

260 4101 313 4134 om.
328 4081 369 4151 (Σβ
380 4085 416 4144 (in
427 4084 515 4134 eortioe
527 4099 586 4133 vero
598 4083 625 4132 S.
641 4081 752 4130 Huhetti
764 4081 873 4146 legitur).

306 4260 567 4344 renouarentur]
592 4263 794 4339 Hieronymus
817 4261 845 4321 in
862 4263 917 4322 Ec·
969 4263 1029 4322 olas
1060 4261 1265 4338 deargentatas
1300 4261 1400 4333 trahet,
1428 4258 1622 4320 occultiorem

258 4349 329 4407 cles.
349 4367 374 4418 2,
391 4351 428 4406 8:
444 4352 452 4379 ‘
468 4349 632 4422 Argentum
645 4356 787 4404 etauruut
800 4363 917 4420 setrtpet
969 4363 1038 4403 vcro
1052 4342 1229 4402 intrinsecus
1243 4361 1363 4403 sensum
1380 4342 1409 4401 iu
1429 4341 1491 4401 auri
1511 4342 1623 4418 pallore

256 4429 404 4506 scriptura
419 4426 521 4487 divina
536 4445 624 4504 super
638 4444 776 4486 sermone
793 4423 874 4500 ponit
887 4437 915 4486 et
967 4423 1061 4500 operit
1077 4425 1084 4452 '
1099 4423 1218 4503 (hligne
1234 4443 1280 4499 23,
1300 4423 1397 4500 1080).

257 4531 357 4571 sensu.
384 4510 478 4571 Unde
492 4520 521 4568 et
538 4508 566 4566 in
582 4507 767 4585 sexagesimo
787 4505 916 4583 septimo
1013 4527 1020 4564 r
1029 4523 1055 4582 5.
1074 4500 1291 4583 prophetamus]
1311 4524 1321 4562 t
1341 4505 1409 4564 Cot.
1431 4524 1440 4562 t
1447 4523 1474 4579 3,
1492 4523 1518 4578 9.

257 4595 374 4672 psalmo
387 4589 539 4659 columba.
555 4607 633 4666 quae
655 4588 863 4665 interpretatur
885 4587 914 4648 in
1011 4593 1054 4646 18.
1077 4583 1278 4665 cohortantur]
1296 4586 1332 4645 ls.
1349 4606 1374 4658 2,
1392 4605 1429 4661 33
1445 4583 1536 4644 Mich.
1551 4603 1577 4656 4,
1594 4602 1619 4642 o.

254 4675 375 4754 Spiritu,
392 4669 612 4734 manifestiores
626 4684 655 4732 et
671 4671 744 4729 visui
767 4669 915 4746 expositas
1009 4690 1054 4728 20.
1078 4663 1280 4746 uouescom]1
1299 4667 1368 4728 Cor.
1386 4685 1413 4744 3,
1432 4686 1457 4724 2.
