4092 5502
606 420 860 482 cancarrus
884 421 941 478 oa
964 421 1132 482 rsntno
1153 421 1276 482 cxcv.
1530 399 1610 503 287

257 635 379 702 defecit
393 643 528 700 sanctus
544 635 559 700 ’.
575 641 582 670 ¹
600 635 678 700 Non
694 635 817 719 estqui
844 635 945 701 iaciat
970 636 1106 714 bonum,
1122 655 1189 702 non
1215 644 1266 701 est
1292 637 1455 718 usquead
1476 656 1578 701 unum
1597 637 1613 704 '.

262 739 321 804 llle
336 740 392 823 qui
420 739 616 823 promiserat
631 741 745 804 dicens
761 743 768 772 ‘
785 739 822 805 Si
839 760 893 804 me
918 759 1052 804 necesse
1066 750 1118 806 est
1134 740 1227 816 mori,
1243 749 1300 806 aut
1324 740 1370 804 ire
1386 739 1419 804 in
1436 761 1614 820 carcerem,

259 863 325 907 non
341 851 375 906 te
400 842 531 926 negabo
546 842 563 920 ¹,
579 845 721 926 negavit.
741 843 817 908 Hoc
841 855 949 911 totum
976 863 1078 927 quare
1104 843 1202 908 dico?
1228 841 1398 924 Quoniam
1428 845 1614 909 monachus

260 969 326 1014 non
343 950 442 1014 debet
458 949 607 1031 aspicere
621 949 664 1012 ad
682 945 931 1010 multitudinem
948 956 1171 1028 peccatorum,
1188 947 1245 1011 sed
1263 947 1305 1011 ad
1323 948 1612 1012 conversationem

227 1062 296 1123 set
308 1053 512 1136 paucitatem
541 1060 742 1116 sanctorum.
761 1049 925 1116 Universa
951 1049 1076 1115 Iudaea
1102 1052 1288 1116 ducebatur
1313 1053 1345 1116 in
1374 1053 1615 1136 captivitatem.

261 1157 408 1220 Venerat
434 1154 758 1232 Nabuchodonosor,
773 1163 869 1220 tanta
885 1155 1059 1218 hominum
1089 1155 1180 1220 milia
1206 1155 1414 1220 ducebantur
1430 1158 1563 1239 captiva
1580 1157 1613 1220 in

262 1259 482 1342 Babylonem.
498 1258 599 1324 Solus
616 1256 808 1322 Hieremias
833 1266 904 1321 erat
919 1257 976 1341 qui
993 1255 1215 1324 confitebatur
1231 1259 1353 1338 Deum,
1368 1271 1402 1324 et
1419 1261 1490 1344 ipse
1507 1263 1617 1326 mitte-

261 1364 357 1430 batur
373 1363 406 1427 in
424 1361 533 1427 lacurn
552 1361 613 1426 luti
630 1383 638 1440 ;
653 1372 687 1425 et
714 1371 828 1426 tamen
852 1361 1027 1444 pretiosior
1054 1371 1126 1426 erat
1152 1363 1250 1428 unius
1275 1363 1362 1428 illius
1377 1364 1499 1442 anima,
1515 1383 1616 1447 quam

239 1485 241 1492 ·
260 1468 371 1531 omnis
386 1465 512 1550 populi.
528 1465 645 1530 Vultis
661 1466 834 1549 scirequid
853 1449 953 1529 iaciat
971 1484 1055 1528 unus
1071 1465 1198 1530 homo?
1217 1468 1310 1532 lesus
1322 1468 1408 1534 iilius
1425 1469 1530 1545 Nave,
1542 1486 1617 1532 cum

213 1594 244 1630 ιο
263 1573 420 1636 universa
439 1580 527 1634 terra
534 1557 759 1648 habitaretur,
771 1569 862 1633 solus
874 1579 952 1634 erat.
967 1568 1094 1651 Utique
1106 1580 1202 1635 erant
1217 1570 1367 1636 infinitae
1380 1571 1620 1648 multitudines,

262 1682 296 1738 et
312 1673 366 1739 ille
385 1673 477 1738 solus
493 1683 572 1739 erat.
590 1673 691 1740 Solus
708 1676 850 1755 imperat
866 1674 928 1738 soli
945 1682 979 1737 et
994 1673 1101 1751 lunae,
1116 1683 1150 1739 et
1165 1683 1254 1754 stat;
1270 1676 1373 1742 homo
1388 1677 1490 1755 iubet,
1502 1688 1536 1742 et
1546 1697 1621 1742 cae·

262 1778 331 1844 lum
356 1780 460 1846 audit.
476 1780 585 1846 Audit
602 1779 696 1844 illurn
713 1777 852 1855 caelum,
867 1778 946 1861 quia
962 1778 1033 1861 ipse
1049 1777 1208 1844 audiebat
1225 1779 1420 1848 Dominum.
1431 1781 1622 1846 Hieremias

262 1893 332 1950 erat
348 1885 381 1949 in
397 1886 593 1968 captivitate
607 1906 615 1964 ;
630 1893 725 1948 erant
754 1891 866 1946 autem
894 1892 927 1945 et
952 1882 1077 1946 multae
1093 1883 1333 1950 multitudines.
1352 1884 1398 1950 Et
1420 1885 1501 1969 quid
1517 1885 1622 1950 dicit?

262 1985 386 2052 ‘Solus
401 1987 573 2067 sedebam,
600 1990 680 2072 quia
707 1986 935 2053 amaritudine
957 1990 1105 2071 repletus
1132 2007 1207 2054 sum
1223 1990 1239 2054 ¹.
1267 1988 1448 2072 Quomodo
1473 1992 1564 2054 solus
1589 1992 1621 2054 in

213 2114 244 2168 15
262 2090 398 2158 civitate
413 2112 486 2158 eras
500 2097 513 2156 ?
527 2091 595 2158 Sed
613 2092 690 2159 ideo
706 2092 806 2171 solus,
822 2093 900 2176 quia
916 2091 1078 2176 propositi
1096 2092 1160 2156 mei
1176 2093 1303 2158 socium
1321 2113 1387 2158 non
1404 2094 1579 2160 habebam.

684 2397 758 2470 DE
792 2395 1016 2470 PSALMO
1045 2395 1202 2470 CXLV.

308 2681 428 2746 Lauda
442 2681 557 2747 anima
580 2703 652 2747 mea
675 2682 864 2748 Dominum.
883 2681 1034 2746 Psalmus
1058 2682 1122 2746 iste
1148 2680 1282 2746 titulum
1308 2682 1411 2748 habet
1426 2707 1433 2748 ε
1449 2683 1582 2768 Aggaer'
1593 2695 1625 2750 ot

265 2787 456 2850 Zachariae.
474 2781 519 2850 Et
539 2787 602 2850 hoc
618 2787 761 2870 primurn
776 2783 858 2849 scire
874 2785 1045 2866 debemus,
1058 2785 1136 2868 quia
1153 2786 1185 2848 in
1214 2785 1370 2850 hebraico
1387 2806 1452 2850 non
1470 2788 1619 2867 habetur,

264 2891 323 2954 sed
340 2892 373 2953 in
390 2889 603 2974 septuaginta
619 2889 861 2973 interpretibus.
880 2888 1041 2952 Dicamus
1068 2899 1181 2953 autem
1204 2899 1236 2953 et
1253 2891 1296 2954 de
1312 2891 1460 2956 editione
1476 2891 1622 2974 vulgata,

211 3020 246 3056 πο
267 2995 399 3078 Aggaei
420 3005 453 3058 et
470 2993 659 3060 Zachariae.
676 2993 764 3076 Quia
781 2992 977 3056 instauratio
994 2992 1046 3055 hic
1063 2993 1184 3057 dicitur
1203 2993 1411 3058 Hierusalem
1428 3001 1435 3026 ⁸
1452 2995 1623 3078 Regnabit

266 3098 434 3165 Dominus
451 3099 483 3161 in
501 3095 634 3161 saecula
649 3097 742 3160 Deus
762 3105 848 3172 tuus,
865 3095 956 3175 Sion,
972 3097 1004 3160 in
1022 3097 1273 3179 generationem
1290 3109 1323 3162 et
1339 3099 1589 3180 generationem
1607 3101 1623 3178 ',

267 3203 361 3287 quasi
377 3204 420 3266 de
436 3201 675 3265 instauratione
689 3199 900 3264 Hierusalem
917 3200 982 3265 dici
995 3209 1125 3283 putant,
1138 3221 1224 3283 quae
1240 3201 1329 3265 iacta
1340 3211 1390 3265 est
1406 3201 1469 3266 sub
1479 3202 1623 3286 Aggaeo

266 3315 300 3371 et
317 3304 485 3371 Zacharia.

310 3410 428 3475 Lauda
442 3411 557 3474 anima
573 3431 642 3472 area
658 3407 849 3472 Dominum.
866 3405 943 3470 Non
960 3405 1057 3483 dixit,
1074 3406 1175 3471 lauda
1190 3428 1320 3492 corpus,
1347 3409 1416 3486 sed,
1433 3408 1532 3474 lauda
1554 3410 1623 3474 ani·

214 3541 247 3598 25
268 3535 346 3592 ma;
371 3535 437 3578 non
466 3513 555 3597 quod
583 3531 703 3594 corpus
727 3511 970 3593 dampnaverit,
994 3511 1054 3573 sed
1086 3511 1194 3574 carnis
1219 3531 1321 3594 opera
1352 3513 1621 3597 condempnavit.

270 3617 387 3681 Lauda
414 3619 527 3680 anima
554 3636 629 3679 mea
657 3612 850 3679 Dominum.
867 3611 994 3675 Anima
1010 3612 1082 3694 ipsa
1107 3633 1142 3676 se
1169 3614 1370 3680 cohortatur.
1388 3616 1570 3699 Quomodo
1596 3617 1623 3678 si

268 3720 358 3784 dicat
374 3719 495 3797 David,
512 3719 630 3783 Lauda
648 3717 757 3781 David
772 3715 970 3794 Dominum;
986 3717 1033 3780 sic
1046 3717 1162 3800 etipsa
1175 3718 1287 3782 anima
1302 3719 1384 3783 dicit
1396 3721 1437 3783 ad
1450 3741 1495 3796 se,
1507 3721 1624 3784 Lauda

269 3826 380 3888 anima
397 3843 472 3888 rnea
488 3822 683 3887 Dominum.
703 3820 855 3884 Laudabo
870 3819 1050 3884 Dominum
1067 3819 1102 3884 in
1119 3821 1189 3884 vita
1201 3842 1279 3886 mea.
1292 3823 1416 3888 Videte
1427 3824 1508 3906 quid
1519 3823 1623 3887 dicat:

303 4029 573 4096 aquiprom.]Gom.
587 4029 640 4094 qui.
734 4024 855 4088 3te]onr.
869 4023 901 4072 G.
997 4021 1363 4089 7BabylorremlBabylomiam
1377 4027 1405 4077 B.
1510 4039 1535 4077 11
1550 4029 1624 4078 Solus

271 4115 288 4163 i.
298 4129 317 4164 s.
325 4130 346 4163 e.
355 4114 372 4164 1.
382 4129 402 4164 ι.
415 4112 475 4176 stat]
486 4111 508 4163 C
519 4127 570 4162 om.
579 4117 603 4161 el
613 4111 706 4170 lunam
717 4110 790 4158 solem
801 4113 824 4154 rt
834 4107 923 4154 lunam
934 4111 1001 4154 staro
1013 4108 1033 4154 B
1045 4107 1151 4171 (reliqua
1159 4109 1223 4168 om.)
1299 4120 1329 4168 14
1339 4109 1368 4157 irr
1379 4110 1487 4172 civitate]
1501 4107 1564 4174 βΒῦ
1577 4126 1584 4168 ς
1597 4110 1626 4158 r'n

269 4197 412 4261 captivitate
422 4195 452 4247 C.
556 4207 566 4242 1
571 4193 660 4257 seras]
679 4207 747 4242 eram
768 4191 808 4252 C;
828 4202 878 4236 om.
893 4185 925 4236 G.
1030 4189 1060 4239 16
1071 4197 1116 4236 DE
1133 4197 1264 4238 PSALMO
1282 4191 1381 4252 CXLV]
1401 4191 1473 4240 Brev.
1488 4192 1536 4240 col.
1554 4203 1624 4254 1323.

274 4277 303 4328 18
322 4279 360 4328 Et
378 4277 431 4340 ior]
448 4276 491 4327 sed
508 4275 550 4326 hoc
563 4273 588 4342 β.
692 4287 722 4337 19
740 4274 855 4335 editiora]
873 4275 979 4325 diclr'oru
992 4273 1020 4324 B.
1122 4287 1154 4324 20
1170 4273 1334 4334 instauratio]
1353 4273 1382 4322 dr
1399 4273 1583 4321 r'rrstauracione
1595 4272 1624 4322 C.

272 4361 303 4410 26
313 4359 465 4420 cohortatur]
483 4365 609 4410 cantatur
629 4359 665 4417 B;
683 4363 812 4408 temtatur
830 4357 852 4406 G
865 4375 872 4416 3
893 4363 986 4406 coenat
998 4357 1028 4415 1;
1049 4357 1166 4407 hortatur
1178 4354 1201 4422 β.

317 4544 340 4585 r.
355 4523 483 4606 sanctas]
496 4527 542 4585 Ps.
563 4545 607 4595 11,
632 4546 657 4584 a.
1021 4545 1063 4597 ¹4·
1082 4520 1289 4602 repletursara]
1306 4523 1411 4582 Ierem.
1438 4540 1482 4598 15,
1502 4541 1546 4596 17.

353 4608 396 4666 ad
408 4603 510 4686 muna]
527 4609 573 4666 Ps.
595 4626 637 4682 13,
658 4627 681 4665 1.
1018 4627 1063 4682 ²5·
1079 4599 1307 4683 corodempnoor't]
1331 4603 1377 4665 Ct'.
1401 4623 1489 4681 supra
1514 4624 1542 4679 p.
1561 4621 1628 4678 279,

315 4707 341 4764 3.
357 4684 474 4768 negabo]
490 4689 581 4747 Marc.
603 4707 647 4760 14,
664 4708 710 4764 3¹·
976 4687 991 4746 l.
1011 4707 1056 4747 aa.
