4060 5498
528 431 785 496 rnncrn'rus
816 437 873 494 uu
903 437 1073 498 rsntno
1102 439 1263 498 Lxxxtt.
1524 451 1581 530 33

225 631 385 695 damenta
401 653 461 695 nec
472 635 604 714 domus,
615 635 673 699 sed
685 635 909 714 tabernacula,
922 637 1018 700 sedes
1039 658 1171 719 semper
1183 638 1333 702 incertas.
1347 639 1391 702 Et
1405 640 1583 704 idumaeo-

224 754 298 798 rum
336 745 370 800 et
409 738 653 804 Ismahelitum.
692 739 909 803 ismahelitae
952 740 1226 823 interpretantur,
1264 743 1360 823 quasi
1399 745 1583 810 audientes.

225 838 366 904 Pulchre
380 842 479 921 dixit,
495 845 589 927 quasi
607 844 803 908 audientes:
820 863 885 906 non
903 845 994 907 enim
1010 844 1151 910 audiunt
1169 845 1292 924 Deum,
1302 848 1360 910 sed
1379 857 1584 931 praetergre-

223 942 370 1009 diuntur.

191 1064 207 1120 ς
268 1049 370 1114 Moab
384 1061 416 1114 et
430 1053 590 1137 Agareni,
608 1053 913 1118 Gebaletflmmon.
927 1052 1068 1135 Singula
1085 1055 1222 1118 nomina
1239 1056 1368 1120 habent
1384 1056 1518 1138 singula
1534 1077 1584 1124 sa·

223 1164 394 1219 eramenta
409 1181 416 1220 :
433 1166 515 1240 quot
530 1159 619 1221 enim
636 1157 747 1236 verba,
763 1167 813 1220 tot
832 1158 999 1239 mysteria.
1027 1158 1141 1234 Moab,
1161 1161 1250 1240 quod
1276 1160 1523 1240 interpretatur,
1540 1181 1584 1223 ex

224 1268 339 1342 patre:
355 1261 524 1325 nonenim
540 1261 574 1325 in
587 1271 680 1344 patre
696 1271 784 1338 sunt,
800 1263 859 1324 sed
879 1282 923 1324 ex
941 1270 1046 1343 patre,
1061 1263 1140 1344 quia
1155 1272 1285 1345 patrem
1303 1263 1481 1344 pristinum
1510 1263 1584 1325 reli-

224 1374 376 1444 querunt.
394 1365 438 1428 Et
456 1365 614 1447 Agareni,
630 1367 686 1447 qui
701 1367 963 1447 interpretantur
980 1366 1141 1448 proselyti
1154 1376 1187 1429 et
1204 1367 1364 1444 advenae,
1380 1369 1436 1450 qui
1452 1367 1584 1430 inerunt

225 1479 325 1531 antea
341 1469 439 1547 cives,
449 1478 566 1550 postea
595 1469 674 1533 sacti
693 1479 771 1533 sunt
784 1469 950 1551 peregrini
970 1493 977 1534 :
1002 1491 1069 1534 non
1099 1472 1188 1534 enim
1217 1479 1296 1533 sunt
1321 1471 1364 1532 de
1384 1469 1498 1546 domo,
1525 1470 1584 1532 sed

177 1591 209 1628 ro
225 1571 325 1636 alieni
336 1581 425 1651 sunt,
439 1573 564 1657 quippe
580 1574 637 1656 qui
656 1574 796 1637 domum
811 1575 916 1655 patris
933 1576 1130 1655 inpugnant.
1148 1575 1264 1650 Gebal,
1281 1575 1371 1656 quod
1390 1575 1585 1656 interpreta-

225 1686 280 1741 tur
294 1676 390 1741 vallis
406 1698 501 1742 vana.
516 1675 593 1741 Non
607 1678 738 1741 suntde
750 1676 931 1753 montibus,
941 1679 1056 1760 sedde
1069 1679 1154 1742 valle
1165 1689 1255 1742 sunt:
1267 1698 1333 1742 non
1347 1678 1437 1741 enirn
1450 1679 1586 1761 sapiunt

225 1783 268 1846 de
284 1801 424 1861 sursum,
440 1782 497 1846 sed
512 1781 554 1846 de
569 1771 725 1846 deorsum
743 1806 750 1846 ε
766 1802 833 1844 non
850 1791 928 1845 sunt
953 1783 995 1845 de
1012 1783 1114 1860 caelo,
1131 1785 1188 1846 sed
1208 1793 1317 1847 totum
1335 1785 1377 1845 de
1394 1793 1482 1847 terra
1498 1789 1586 1846 sunt.

229 1885 408 1966 Propterea
423 1886 521 1964 dixit,
537 1884 634 1948 vallis
660 1905 756 1962 vana,
780 1886 860 1966 quia
885 1893 937 1948 est
964 1893 999 1947 et
1023 1885 1119 1948 vallis
1147 1905 1215 1948 non
1242 1906 1349 1949 vana:
1382 1887 1585 1970 quicumque

226 1988 315 2050 enim
333 1988 468 2053 humilis
484 2002 546 2072 est,
563 2004 596 2056 et
622 2014 657 2056 se
682 2003 821 2077 propter
836 1993 1007 2058 Christum
1038 1995 1149 2068 deicit,
1177 1994 1240 2057 iste
1262 1994 1359 2056 uallis
1388 2003 1422 2058 et
1447 2014 1586 2077 campus

179 2111 209 2162 ¹⁵
227 2103 287 2171 est,
303 2114 370 2158 non
386 2115 502 2173 vanus,
517 2098 574 2159 sed
587 2098 703 2160 bonus.
719 2098 879 2173 Ammon,
890 2107 923 2160 et
937 2096 1112 2161 Amalech.
1126 2097 1277 2160 Ammon
1288 2098 1414 2180 quippe
1426 2099 1586 2180 interpre-

227 2206 318 2262 tatur
333 2200 476 2282 populus
495 2199 607 2267 falsus.
624 2202 716 2284 Ergo
728 2203 770 2265 de
782 2201 958 2264 haereticis
970 2199 1101 2278 dicitur,
1115 2201 1258 2283 populus
1276 2199 1378 2265 salsus
1392 2225 1399 2264 :
1413 2221 1478 2264 nou
1496 2203 1586 2265 enim

227 2314 411 2387 sequuntur
427 2324 503 2368 eum
522 2307 578 2387 qui
601 2306 683 2371 dicit
701 2307 796 2388 ‘Ego
814 2325 886 2368 sum
903 2306 1025 2368 veritas
1037 2305 1053 2381 ',
1069 2307 1127 2367 sed
1145 2325 1221 2368 eum
1239 2313 1425 2387 sequuntur
1451 2305 1509 2385 qui
1536 2315 1587 2368 est

229 2409 382 2492 princeps
396 2412 571 2476 mendacii.
588 2413 634 2476 Et
663 2411 838 2487 Amalech,
862 2413 918 2493 qui
944 2412 1183 2494 interpretatur
1209 2412 1364 2493 lingens:
1385 2408 1467 2472 nihil
1496 2409 1584 2472 enim

229 2512 261 2574 in
278 2513 418 2577 ecclesia
445 2515 588 2579 residere
610 2518 792 2599 patiuntur,
815 2515 874 2577 sed
901 2524 973 2578 tota
1000 2517 1071 2578 eius
1097 2514 1318 2580 fundamenta
1342 2513 1483 2596 lingunt.
1505 2513 1583 2576 Non

177 2633 213 2670 20
228 2619 410 2681 comedunt
425 2620 665 2701 scripturarum
682 2621 791 2698 verba,
808 2621 866 2682 sed
884 2621 1019 2702 lingunt
1035 2631 1156 2683 terram
1170 2623 1266 2702 quasi
1283 2640 1428 2702 serpens.

272 2720 320 2784 Et
333 2721 534 2805 alienigenae
549 2745 621 2787 cum
647 2723 873 2788 habitantibus
895 2725 1025 2804 Tyrum.
1054 2725 1118 2788 Pro
1142 2745 1184 2787 eo
1211 2725 1300 2807 quod
1330 2744 1391 2786 nos
1423 2723 1587 2787 habemus

228 2825 447 2911 alienigenae,
467 2827 499 2890 in
524 2827 669 2890 hebraeo
685 2827 846 2908 scriptum
870 2835 921 2890 est
944 2825 1119 2903 Philistim,
1131 2824 1222 2908 quod
1243 2825 1482 2907 interpretatur
1497 2823 1587 2886 calix

227 2931 385 3013 potionis,
400 2931 478 3013 quia
507 2931 714 2994 inebriantur
729 2932 771 2993 de
799 2931 902 2993 calice
930 2929 1124 3012 Babylonis,
1148 2931 1234 2994 sicut
1262 2929 1344 2994 dicit
1374 2927 1582 2991 Hieremias:

227 3034 346 3100 ‘Calix
361 3054 481 3099 aureus
497 3034 684 3117 Babylonis
695 3034 865 3098 inebrians
876 3054 1013 3098 omnem
1024 3043 1146 3097 terram
1158 3035 1174 3098 ¹.
1184 3034 1274 3097 Vide
1291 3030 1372 3116 quid
1383 3033 1484 3108 dicat,
1497 3031 1586 3094 calix

265 3235 386 3296 ruamus]
395 3237 476 3286 dentes
488 3237 518 3286 L.
621 3235 836 3298 alsmahelitum]
848 3237 993 3287 Ismahelt‘te
1010 3236 1058 3285 hoc
1076 3237 1132 3286 loco
1151 3236 1194 3295 M,
1213 3235 1397 3286 Hismaelitune
1414 3237 1439 3286 Ο
1456 3243 1546 3287 mutat.
1566 3237 1591 3286 in

228 3321 460 3378 Innumeram
470 3319 704 3369 Hisneaielitarnm
714 3320 744 3369 V.
840 3320 916 3383 quasi
923 3319 1063 3382 audientes]
1072 3319 1115 3377 M;
1125 3318 1213 3366 tadu.
1224 3318 1298 3367 deum
1305 3335 1312 3377 ;
1319 3320 1396 3383 qnasi
1404 3334 1455 3368 non
1463 3319 1593 3368 audientes

228 3407 279 3456 OV
290 3407 331 3458 hic
342 3415 368 3457 et
379 3407 424 3456 lin.
438 3422 491 3471 seq.
594 3413 607 3467 5
626 3398 746 3460 Artemon]
763 3403 791 3450 M
800 3420 808 3461 ;
826 3404 910 3452 Areten
926 3402 1012 3452 ceteri.
1115 3413 1128 3463 7
1147 3418 1198 3450 non
1215 3405 1283 3452 enirn
1302 3404 1331 3452 in
1342 3411 1419 3468 patre
1435 3403 1508 3464 sunt]
1526 3403 1593 3462 LM;

227 3505 281 3539 nort
302 3491 371 3538 enim
389 3495 475 3553 patres
496 3495 558 3537 sunt
580 3486 636 3537 OV.
740 3497 770 3533 to
792 3485 868 3549 qued]
891 3500 941 3534 om.
968 3484 998 3534 L.
1103 3497 1129 3532 tt
1154 3481 1270 3547 sapiunt]
1292 3501 1357 3536 corr.
1382 3502 1414 3535 ex
1434 3487 1540 3549 capiunt
1559 3484 1589 3532 V.

233 3571 316 3621 iered
324 3572 353 3620 de
364 3566 489 3629 deorsum]
500 3571 617 3628 OV;sed
625 3569 740 3618 deorsum
754 3568 814 3616 LM.
919 3579 948 3629 13
964 3574 1000 3614 est
1016 3569 1049 3630 et]
1067 3565 1131 3625 OV;
1150 3566 1202 3614 LM
1220 3583 1272 3617 om.
1289 3575 1321 3618 et.
1425 3576 1453 3629 15
1471 3565 1592 3625 Ammon]

230 3653 301 3710 tt0;
314 3653 396 3701 Amen
408 3651 463 3703 LV.
566 3650 595 3698 16
606 3651 634 3697 de
646 3648 777 3698 haereticis
792 3647 900 3710 dicitur]
917 3647 980 3707 OV;
997 3647 1113 3696 hereticis
1128 3647 1227 3696 dicitnr
1239 3649 1280 3707 M;
1298 3649 1404 3698 heretici
1418 3649 1543 3697 dicuntur
1559 3648 1590 3696 L.

233 3745 264 3794 19
275 3731 336 3792 tota]
345 3749 409 3782 corr.
424 3749 455 3782 ex
467 3739 542 3782 totam
554 3733 586 3782 V.
679 3744 708 3780 21
723 3731 759 3779 Et
770 3727 1040 3793 alienigenaelhcum
1055 3731 1133 3778 Psalt.
1150 3731 1323 3788 Rom;MOV
1335 3747 1385 3780 om.
1401 3731 1446 3780 Et.
1537 3747 1593 3779 eum

230 3813 414 3874 habitantibus]
421 3815 620 3866 cohabitantibus
631 3815 687 3866 OV.
789 3827 821 3876 24
833 3830 871 3878 sq.
886 3814 1045 3862 inebrians...
1061 3813 1208 3876 Babylonis]
1219 3830 1270 3862 om.
1284 3815 1311 3861 M
1323 3825 1425 3877 propter
1437 3812 1591 3862 homoeotel.

277 4021 300 4060 t.
323 4009 433 4076 semper
451 3996 588 4079 incertas]
601 3998 702 4058 ilicet
718 3998 747 4056 in
760 4016 886 4076 sequen·
939 3999 1160 4074 interpretetur,
1176 4018 1203 4056 v.
1219 4017 1263 4074 gr.
1279 3999 1307 4058 in
1325 3999 1400 4058 libro
1414 3999 1453 4058 de
1468 3997 1592 4058 Nomin.

230 4081 313 4142 tibus
347 4079 491 4158 proxime,
522 4093 553 4141 ut
578 4081 673 4153 vides,
701 4080 819 4138 accedit
847 4080 887 4138 ad
940 4079 1035 4138 Hebr.
1053 4079 1128 4138 etin
1154 4079 1279 4154 Quaest.
1307 4080 1400 4140 Hebr.
1427 4081 1457 4138 in
1482 4081 1593 4142 Genes.

233 4163 364 4238 priorem
397 4164 464 4221 huis
510 4161 617 4239 psalmi
655 4160 886 4234 expositionem,
944 4161 1200 4233 16,11.Verum,
1227 4161 1414 4237 quodtttnti
1440 4159 1493 4220 viri
1520 4179 1595 4238 pace

234 4246 299 4306 111²
313 4265 343 4322 p.
359 4247 395 4302 82
412 4262 458 4321 sq.
940 4241 1075 4313 dixerim,
1114 4241 1188 4300 nihil
1218 4261 1256 4301 eo
1281 4242 1512 4315 inconstantius,
1542 4243 1594 4303 ubi

277 4347 304 4386 2.
330 4328 418 4403 qnasi
440 4321 601 4404 audientes]
617 4323 712 4383 Aliter
739 4323 886 4399 Hierony·
938 4323 1089 4382 eiusmodi
1119 4323 1273 4383 vocabulis
1294 4325 1334 4384 ad
1359 4324 1531 4400 allegoriam
1546 4328 1595 4387 de·

235 4427 303 4468 mus
318 4426 407 4484 supra
422 4407 486 4466 111²
501 4409 547 4478 82,
572 4427 589 4482 9
616 4425 681 4482 sqq.
711 4404 886 4464 ‘Ismaheli-
939 4403 1116 4480 torquendis
1131 4403 1277 4481 indulget.

234 4505 283 4552 tae
304 4487 537 4566 interpretantur
565 4488 764 4548 oboedientes
790 4486 884 4545 sibi...
986 4504 1028 4560 17.
1045 4487 1152 4547 veritas
1179 4488 1330 4561 10.14,o.

235 4570 370 4633 ismahel
390 4571 419 4629 h.
436 4589 462 4630 e.
478 4567 679 4629 oboedientes
709 4569 795 4630 Deo'
819 4568 889 4626 licet
984 4577 1156 4641 24.terrnrn
1187 4570 1293 4628 Ierem.
1312 4585 1400 4645 51,7.
1423 4569 1469 4631 Ci.
1493 4583 1595 4631 notam

235 4651 310 4714 alibi
346 4651 552 4711 Ismahelem‘
580 4650 768 4710 auditionem
815 4648 891 4707 Dei'
942 4650 980 4708 ad
996 4651 1096 4710 Tract.
1112 4651 1151 4711 de
1166 4669 1209 4726 ps.
1228 4651 1374 4709 LXXVII
1392 4654 1439 4727 63,
1458 4673 1503 4727 29·

293 4781 407 4825 Anecdota
418 4780 574 4822 Maredsolana
584 4780 629 4831 111,
639 4796 658 4832 3.
1509 4795 1519 4832 5
