4154 5494
659 446 914 509 Tencteros
936 449 995 507 nu
1017 447 1185 510 ssnuuo
1205 448 1299 510 cxv.
1555 448 1639 530 ²13

286 661 381 728 huius
395 669 410 726 l
425 663 433 692 ’
450 663 496 728 Et
512 671 687 747 propterea
703 665 780 728 dico
797 689 805 730 ι
820 669 828 698 ⁴
845 664 903 730 Ab
916 664 1056 730 occultis
1083 667 1165 730 meis
1188 666 1315 732 munda
1331 686 1392 746 me,
1408 676 1441 731 et
1457 667 1500 731 ab
1522 665 1639 730 alienis

286 787 381 850 parce
396 788 492 833 servo
506 778 567 833 tuo
582 767 599 835 '.
616 769 672 832 Ab
695 768 820 834 alienis.
833 768 910 833 Non
924 779 975 834 est
988 787 1098 834 meum
1116 771 1204 853 quod
1222 771 1370 853 parturio
1384 795 1391 835 :
1404 770 1481 834 nolo
1492 769 1639 853 cogitare

287 871 416 949 mala,et
438 875 550 955 cogito
566 871 662 937 :nolo
670 873 818 956 cogitare
831 871 966 950 malum,
977 881 1011 938 et
1021 874 1115 956 quasi
1129 874 1251 938 invitus
1262 883 1295 938 et
1306 872 1502 955 captivusin
1516 874 1639 937 malam

285 975 524 1058 cogitationem
542 977 662 1042 trahor.
680 976 747 1042 Sed
765 977 923 1058 quoniam
940 977 973 1040 in
991 997 1065 1041 mea
1082 987 1247 1058 potestate
1262 997 1328 1040 non
1345 987 1404 1053 est,
1420 988 1478 1041 aut
1492 977 1640 1059 cogitare

247 1089 342 1151 saut
359 1099 424 1143 non
441 1079 589 1164 cogitare
608 1099 694 1162 quae
717 1090 794 1143 sunt
820 1080 916 1157 mala,
938 1090 1110 1163 propterea
1128 1081 1221 1144 dico:
1246 1082 1367 1147 Aliena
1392 1085 1526 1166 quidem
1552 1093 1639 1161 sunt,

283 1201 368 1265 quae
384 1185 522 1249 veniunt
537 1184 569 1247 in
586 1203 644 1247 cor
661 1202 792 1248 meum:
809 1184 866 1247 sed
883 1184 1042 1267 quoniam
1054 1186 1148 1267 quasi
1166 1186 1348 1250 necessitas
1361 1187 1441 1250 mihi
1459 1187 1638 1271 inponitur,

284 1296 457 1371 propterea
478 1288 563 1364 dico,
578 1286 637 1352 Ab
652 1287 790 1350 occultis
811 1288 892 1351 meis
916 1288 1042 1351 munda
1059 1309 1120 1354 me.
1137 1289 1261 1353 Aliena
1276 1290 1411 1373 quidem
1428 1301 1505 1356 sunt
1522 1312 1636 1374 pecca·

283 1400 317 1454 ta
331 1413 338 1454 :
354 1391 412 1454 sed
435 1391 514 1474 quia
536 1391 682 1474 suscipio
709 1410 757 1466 ea,
782 1402 955 1474 propterea
972 1392 1056 1469 dico,
1075 1391 1113 1455 ln
1138 1393 1254 1456 alienis
1277 1394 1421 1476 peccatis
1446 1415 1542 1477 parce
1559 1394 1638 1459 mihi

281 1513 377 1558 servo
406 1503 471 1559 tuo.
501 1494 578 1558 Hoc
604 1504 716 1560 autent
744 1515 847 1578 quare
880 1495 978 1559 dixi?
1003 1497 1160 1577 quoniam
1184 1497 1272 1561 dixit
1297 1499 1469 1581 propbeta,
1498 1499 1640 1564 Placebo
1749 1549 1756 1562 .

230 1610 265 1650 1⁰
282 1597 438 1664 Domino.
455 1597 534 1662 Non
548 1597 646 1676 dixit,
662 1599 780 1683 placeo
794 1621 801 1678 ;
824 1600 892 1677 sed,
912 1600 1070 1682 placebo:
1087 1601 1140 1664 hic
1162 1601 1250 1665 enim
1267 1605 1356 1685 quod
1375 1602 1468 1682 lacio,
1485 1623 1550 1668 non
1564 1625 1640 1686 pos·

282 1721 355 1766 sum
372 1721 444 1766 esse
459 1703 625 1784 perlectus
648 1704 763 1768 iustus.
777 1705 953 1787 Propterea
968 1705 1049 1770 dicit
1065 1711 1100 1769 et
1110 1705 1296 1788 apostolus:
1312 1707 1388 1770 ‘Ex
1406 1719 1501 1790 paste
1515 1727 1637 1790 cogno

281 1807 403 1871 scimus
415 1818 448 1872 et
464 1826 508 1871 ex
521 1818 615 1890 parte
635 1807 889 1891 prophetamus'
906 1819 938 1872 et
950 1813 958 1840 ‘
969 1828 1056 1873 nunc
1073 1829 1131 1892 per
1145 1809 1316 1893 speculum
1333 1810 1485 1875 videmus
1500 1812 1533 1874 in
1550 1811 1638 1875 aeni·

280 1909 420 1990 gmate'.
438 1910 615 1992 Propterea
640 1930 727 1974 nunc
745 1911 846 1995 longo
863 1933 1015 1977 sermone
1032 1913 1098 1977 usis
1115 1931 1212 1976 umus
1227 1937 1233 1976 :
1248 1915 1407 1997 quoniam
1425 1917 1457 1979 in
1475 1915 1639 1998 praesenti

282 2011 416 2076 saeculo
439 2011 606 2096 perlectus
622 2015 729 2079 iustus
744 2036 844 2080 nemo
867 2035 939 2081 csse
962 2027 1082 2100 potest,
1098 2037 1205 2100 neque
1222 2019 1343 2098 David,
1359 2040 1466 2104 neque
1487 2021 1641 2103 apostoli,

228 2128 262 2186 ¹5
284 2134 393 2198 neque
412 2115 533 2199 aliquis
550 2127 752 2184 sanctorum.
768 2125 775 2152 ¹
794 2119 904 2184 Nemo
927 2123 1016 2185 enirn
1041 2122 1185 2186 mundus
1208 2141 1228 2186 a
1250 2135 1398 2205 peccato,
1414 2145 1474 2188 nec
1497 2126 1524 2188 si
1544 2126 1640 2190 unius

284 2218 351 2282 diei
374 2218 472 2283 luerit
489 2220 557 2283 vita
582 2221 653 2284 eius
668 2221 684 2286 '.
704 2222 876 2306 Siquidem
901 2223 1045 2307 apostoli
1060 2233 1093 2288 et
1109 2225 1215 2288 sancti
1239 2245 1304 2290 non
1322 2237 1400 2292 sunt
1423 2228 1494 2292 ausi
1520 2229 1640 2304 dicere,

284 2322 392 2387 sancti
418 2342 532 2388 sumus
546 2345 554 2402 ;
570 2345 631 2390 nec
645 2336 724 2391 sunt
747 2327 818 2391 ausi
842 2328 960 2407 dicere,
976 2327 1100 2412 placeo,
1116 2329 1173 2392 sed
1192 2329 1339 2411 placebo.
1356 2331 1422 2415 Qui
1440 2332 1472 2394 in
1491 2329 1637 2396 futurum

283 2426 450 2510 pollicitus
466 2438 527 2505 est,
541 2430 583 2492 de
608 2430 789 2513 praeterito
816 2431 905 2513 quod
931 2451 997 2496 non
1022 2432 1100 2497 lecit
1122 2431 1306 2496 confitetur.
1335 2433 1466 2498 Placebo
1488 2434 1636 2498 Domino.

284 2529 353 2596 Ubi
370 2530 535 2614 placebo?
550 2532 591 2595 In
610 2533 738 2616 regione
753 2533 911 2598 eleborum.
930 2535 1024 2598 Haec
1040 2536 1129 2602 enlm
1146 2536 1238 2617 regio
1261 2547 1467 2603 mortuorum
1485 2548 1535 2603 est
1549 2563 1557 2604 :
1571 2539 1638 2603 alia

227 2655 264 2694 ω
283 2647 334 2701 est
350 2647 437 2701 terra
456 2637 616 2701 vivorum.
639 2637 812 2720 Siquidem
830 2648 864 2703 et
880 2640 990 2704 David
1009 2640 1041 2703 in
1058 2639 1120 2703 hac
1136 2648 1223 2704 terra
1238 2650 1319 2719 erat,
1340 2652 1374 2706 et
1395 2662 1471 2707 vere
1493 2644 1527 2707 in
1551 2652 1639 2707 terra

284 2738 565 2822 repromissionis3
580 2741 704 2819 dicens,
720 2741 862 2808 Placebo
878 2743 910 2807 in
928 2743 1063 2826 regione
1074 2743 1235 2820 vivorum,
1245 2743 1422 2810 confitetur
1434 2746 1520 2810 hanc
1534 2747 1638 2828 regio·

284 2862 359 2907 nem
385 2863 450 2908 non
478 2864 550 2908 esse
573 2846 734 2924 vivorum,
751 2849 808 2912 sed
834 2856 1050 2912 mortuorum.
1065 2847 1177 2911 Vultis
1200 2849 1284 2912 scire
1298 2868 1387 2932 quae·
1401 2860 1451 2914 est
1467 2849 1523 2914 illa
1548 2851 1640 2930 regio

282 2947 457 3012 vivorum?
483 2947 649 3013 Dominus
672 2949 753 3014 dicit
770 2951 803 3012 in
823 2949 1008 3032 Evangelio
1024 2955 1031 2981 ⁸
1048 2949 1140 3014 Deus
1158 2948 1342 3024 Abraham,
1358 2958 1391 3011 et
1416 2949 1509 3013 Deus
1539 2950 1640 3027 lsaac,

284 3061 318 3116 et
334 3051 427 3116 Deus
455 3052 579 3117 lacob’
604 3064 638 3118 et
662 3064 757 3118 erant
785 3053 915 3117 mortui.
934 3054 977 3117 Et
1002 3053 1083 3137 quid
1108 3055 1279 3137 sequitur?
1297 3057 1305 3084 ⁴
1323 3052 1425 3130 Deus,
1441 3053 1557 3136 inquit,
1573 3075 1639 3118 non

231 3176 265 3230 ις
284 3163 334 3219 est
358 3166 573 3234 mortuorum,
590 3159 647 3223 sed
664 3159 814 3225 vivorum
828 3158 843 3220 '.
859 3157 965 3238 Igitur
980 3169 1014 3221 et
1026 3158 1132 3222 iustus
1144 3159 1222 3240 quid
1233 3156 1314 3221 dicit
1326 3161 1340 3219 Ρ
1354 3145 1640 3222 PlaceboDomiuo

284 3258 319 3322 in
335 3258 461 3340 regione
476 3260 626 3324 vivorum
639 3265 688 3326 :in
707 3265 842 3346 regione
853 3263 1035 3340 Abraham,
1049 3265 1142 3328 isaac
1158 3275 1192 3326 et
1202 3263 1320 3326 ¹Iacob.
1334 3262 1409 3326 Hoc
1427 3275 1486 3342 est,
1501 3264 1638 3346 quando

283 3381 361 3426 vero
377 3362 470 3427 luero
486 3365 518 3428 in
536 3365 608 3428 sinu
630 3365 797 3445 Abrabae,
813 3377 892 3431 tunc
909 3367 1049 3449 placebo
1066 3366 1223 3430 Domino.

722 3609 798 3683 DE
830 3609 1055 3684 PSALMO
1083 3609 1203 3684 CXV.

328 3845 470 3923 Credidi,
477 3857 611 3929 propter
622 3848 710 3928 quod
717 3848 841 3912 locutus
855 3869 937 3912 sum.
955 3850 993 3914 ln
1012 3848 1167 3916 hebraico
1182 3855 1384 3918 centesimus
1401 3862 1538 3935 quartus
1549 3845 1636 3910 deci·

234 3967 267 4018 30
284 3969 355 4014 mus
378 3950 527 4033 psalmus
550 3963 583 4014 et
606 3953 809 4016 centesimus
833 3953 969 4036 quintus
991 3955 1141 4020 decimus
1164 3979 1249 4022 unus
1270 3971 1320 4022 cst
1347 3957 1505 4041 psalmus.
1532 3952 1637 4034 igitur

313 4136 329 4187 8
335 4137 476 4204 propterea]
487 4153 537 4188 om.
553 4135 578 4205 β
662 4142 783 4205 9autem]
795 4146 873 4190 totum
886 4140 917 4190 G.
1007 4137 1079 4200 dixi]
1090 4144 1143 4193 dico
1154 4143 1187 4194 G.
1284 4144 1438 4208 tsnec10m.
1453 4144 1482 4194 C.
1569 4154 1597 4204 17
1610 4143 1639 4191 in

275 4217 410 4282 Mamm]
427 4221 457 4270 ἐκ
467 4221 562 4286 futuro
579 4219 636 4270 GL.
741 4221 770 4271 18
778 4223 916 4286 pollicitus]
935 4223 1020 4282 codd3
1040 4225 1160 4274 sollicitus
1172 4224 1196 4293 β.
1299 4240 1332 4276 20
1343 4229 1372 4276 r‘n
1388 4227 1467 4288 terra]
1486 4227 1516 4276 de
1535 4233 1603 4276 ima
1616 4225 1637 4276 l.

283 4304 458 4366 ayuer01vere
470 4301 530 4370 βΑ;
543 4320 592 4354 om.
608 4305 628 4354 1.
731 4303 851 4366 Domino]
863 4305 929 4356 CSG
941 4306 999 4355 add.
1015 4305 1170 4372 doxologias.
1272 4311 1303 4361 28
1316 4317 1361 4358 DE
1374 4317 1431 4358 PSA
1437 4317 1504 4358 LMO
1518 4310 1595 4372 CXV]
1609 4309 1639 4357 ln

284 4383 355 4436 Brea.
369 4386 417 4436 col.
435 4396 513 4450 12513
525 4401 611 4436 verum
623 4385 657 4435 ibi
669 4385 757 4436 decern
770 4401 855 4436 versus
866 4387 892 4436 in
910 4386 959 4437 line
976 4388 1100 4452 leguntur,
1113 4389 1156 4454 qui
1173 4392 1206 4440 ab
1219 4392 1377 4459 Hieronymo
1394 4392 1553 4444 abiudicandi
1570 4401 1636 4442 sunt.

328 4573 351 4613 1.
367 4555 456 4615 liuius
466 4550 491 4634 l]
506 4552 578 4614 ibid.
597 4573 642 4625 24·
1028 4558 1058 4614 in
1073 4554 1245 4638 aenigmate]
1259 4557 1330 4618 ibid.
1351 4580 1394 4618 ta.

327 4654 351 4694 2.
367 4633 428 4718 tuo]
445 4635 492 4694 Ps.
512 4637 556 4707 18,
576 4655 587 4693 1
627 4655 669 4712 sq.
1032 4638 1075 4696 16.
1091 4634 1164 4718 eius]
1181 4639 1238 4699 Iob
1257 4660 1300 4712 14,
1316 4661 1335 4712 4
1351 4660 1393 4716 sq.
1411 4639 1489 4699 iuxta
1504 4661 1544 4717 gr.

332 4735 375 4778 12.
387 4654 636 4798 prophetamuslr
655 4717 724 4778 Cor.
745 4735 789 4793 13,
807 4737 832 4794 9.
1030 4736 1075 4790 24.
1092 4715 1188 4800 Iacob]
1205 4722 1313 4781 Mattb.
1332 4741 1377 4795 22,
1395 4741 1441 4802 3²·
