4154 5494
453 374 529 477 158
824 355 1131 460 s'ffluuonuul
1156 401 1419 462 pressurum

493 611 562 690 Qui
584 613 730 697 loquitur
758 616 881 698 iniqua,
908 639 970 680 reon
993 618 1116 683 direxit
1140 619 1175 683 in
1204 629 1364 702 conspectu
1391 619 1554 684 ocrrlorurn
1582 641 1735 685 nieorum.
1762 621 1801 682 In

446 725 578 781 tantum
595 718 683 782 enim
705 719 914 786 declinabam
937 724 981 786 ab
999 743 1040 786 eo
1060 725 1117 805 qui
1137 724 1335 790 detrahebat
1356 725 1514 809 proximo
1534 746 1604 804 suo,
1619 733 1658 790 ut
1681 725 1803 790 necilli

448 823 626 901 crederem,
642 843 702 888 nec
718 826 867 891 audirem
883 827 994 894 talem.

491 924 533 988 ln
557 928 730 994 matutinis
754 930 982 1017 interficiebam
1002 955 1111 998 omnes
1125 945 1303 1016 peccatores
1325 945 1437 1002 terrae.
1457 937 1548 1001 Bene
1568 935 1665 1012 dixit,
1688 956 1804 1020 pecca·

342 1062 345 1068 ·
448 1040 536 1094 tores
563 1042 684 1100 terrae:
710 1047 900 1119 peccatores
922 1039 1010 1102 enim
1036 1041 1156 1104 terreni
1178 1050 1263 1104 sunt.
1287 1041 1362 1105 Hoc
1384 1041 1454 1106 vuit
1479 1029 1597 1118 dicere,
1612 1042 1701 1123 quod
1726 1042 1801 1104 sub·
1839 1061 1855 1112 5

450 1135 622 1201 missiones
638 1139 772 1219 diaboli,
792 1144 975 1225 quaemihi
996 1146 1206 1228 suggerebat,
1225 1146 1385 1212 eiciebam
1402 1147 1444 1210 de
1465 1149 1564 1212 corde
1582 1167 1666 1226 meo,
1686 1156 1720 1212 et
1735 1164 1801 1210 non

449 1241 678 1324 suscipiebam.
700 1245 969 1328 Cogitationibus
999 1251 1086 1314 enim
1116 1250 1213 1314 malis
1236 1251 1358 1329 eiectis,
1389 1251 1570 1315 daemones
1600 1253 1806 1316 occiduntur.

451 1350 566 1415 Iudaei
582 1352 670 1415 hunc
687 1371 816 1416 versum
833 1353 1016 1431 audientes,
1033 1363 1067 1419 et
1082 1364 1258 1438 sequentes
1275 1355 1420 1420 litteram
1436 1356 1655 1434 occidentem,
1670 1366 1704 1423 et
1719 1359 1806 1422 desi·

448 1456 603 1520 derantes
627 1457 823 1539 sanguinem
850 1457 994 1535 sundere,
1017 1459 1043 1521 si
1065 1458 1138 1541 quis
1158 1459 1402 1540 praevaricatus
1427 1459 1524 1526 suerit
1546 1461 1588 1525 de
1609 1462 1692 1543 lege,
1708 1461 1806 1526 inter·

449 1559 563 1623 ficiunt
584 1571 668 1624 eum.
693 1559 867 1644 Siquidem
885 1582 951 1626 non
973 1570 1051 1626 sunt
1078 1563 1226 1627 contenti
1243 1563 1407 1627 occisione
1428 1563 1687 1647 prophetarum:
1703 1565 1808 1629 sedet
1830 1586 1862 1622 ιο

448 1663 557 1746 ipsum
575 1663 759 1728 Dominum
776 1665 1024 1730 crucifixerunt.
1047 1665 1093 1730 Ut
1108 1664 1325 1747 disperderem
1341 1665 1528 1730 decivitate
1549 1666 1690 1731 Domini
1702 1687 1809 1730 omnes

448 1757 507 1851 qui
519 1778 696 1850 operantur
708 1767 923 1851 iniquitatem.
942 1770 1082 1835 Utinam
1095 1779 1128 1834 et
1146 1790 1207 1834 nos
1220 1771 1452 1851 disperdamus
1462 1770 1505 1841 de
1518 1757 1652 1832 civitrite
1671 1769 1808 1832 Domini

449 1882 625 1955 operantes
639 1873 856 1956 iniquitatem.
870 1873 996 1938 Civitas
1011 1874 1148 1939 Domini
1161 1883 1212 1938 est
1225 1873 1363 1937 ecclesia
1375 1883 1577 1948 sanctorum,
1592 1874 1809 1955 congregatio

449 1979 619 2044 iustorum.
636 1978 877 2061 Disperderem:
892 1978 956 2043 hoc
976 1989 1036 2054 est,
1058 1998 1197 2061 arguam
1215 1988 1248 2042 et
1273 1979 1439 2060 increpem
1457 1998 1532 2042 eum
1549 1978 1606 2060 qui
1630 1986 1755 2061 peccat,
1772 1985 1809 2040 ut

448 2083 689 2164 paenitentiam
702 2093 790 2166 agat,
802 2094 836 2148 et
848 2084 1019 2166 disperdat
1034 2083 1243 2166 iniquitatem
1257 2083 1300 2146 dc
1316 2084 1416 2147 corde
1432 2103 1501 2146 suo.
1516 2082 1593 2146 Non
1610 2083 1699 2147 enim
1712 2082 1810 2156 dixit,
1832 2106 1863 2158 15

451 2197 486 2250 ut
503 2186 673 2252 abiciatur.

916 2359 991 2432 DE
1023 2359 1246 2434 PSALMO
1276 2359 1345 2434 cl.

498 2576 613 2642 Oratio
621 2579 786 2661 pauperis,
800 2599 872 2642 crern
889 2577 1044 2642 anxiatus
1052 2579 1174 2660 suerit,
1193 2587 1223 2640 et
1238 2599 1346 2643 coram
1364 2577 1508 2642 Domino
1522 2575 1676 2660 effuderit
1687 2587 1813 2657 precene

451 2701 553 2744 suam.
580 2682 762 2766 Pauperem
779 2683 868 2760 dicit,
895 2703 960 2746 non
985 2681 1082 2746 liuius
1100 2683 1225 2754 mundi.
1247 2683 1305 2746 sed
1328 2701 1403 2745 eum
1421 2682 1463 2744 de
1478 2699 1546 2763 quo
1566 2679 1726 2763 scriptum
1745 2687 1813 2742 est:

452 2783 564 2848 ‘Beati
582 2805 743 2868 pauperes
759 2785 908 2868 spiritu'
928 2785 1010 2850 Cam
1025 2785 1183 2850 anxiatus
1192 2787 1323 2867 fitorit:
1343 2786 1479 2869 quando
1496 2794 1700 2848 memoratus
1715 2782 1812 2846 suerit
1832 2799 1867 2836 20

452 2897 589 2968 peccata
605 2909 664 2952 sua
676 2891 855 2973 praeterita
867 2900 900 2954 et
912 2889 1107 2971 praesentia.
1126 2887 1305 2972 Effircierit:
1319 2900 1392 2953 toto
1404 2887 1512 2965 corde,
1524 2907 1591 2950 non
1605 2886 1709 2951 labiis.
1726 2884 1812 2967 Quis

452 3001 564 3054 autem
592 3000 703 3074 potest
727 2991 896 3056 effundere
922 3012 1053 3074 precem
1075 3011 1170 3056 suam
1193 3011 1305 3055 coram
1326 2991 1492 3056 Domino?
1512 2991 1587 3074 quis
1612 2999 1723 3072 potest
1746 3009 1811 3053 uon

454 3094 595 3156 morderi
612 3115 632 3157 a
649 3115 708 3158 sua
724 3097 953 3159 conscientia?

497 3197 573 3261 Non
588 3209 720 3263 avertas
725 3200 850 3280 sacrem
867 3211 958 3264 taam
974 3221 995 3262 a
1012 3219 1069 3264 rae.
1085 3198 1122 3264 Si
1139 3199 1213 3280 quis
1229 3199 1261 3262 in
1279 3199 1379 3261 corde
1393 3198 1519 3261 mundo
1535 3206 1617 3274 orat,
1633 3205 1666 3260 et
1681 3215 1750 3259 non
1762 3214 1813 3259 ar-

453 3301 565 3380 guitur
577 3320 596 3363 a
609 3322 668 3365 sua
678 3303 890 3381 conscientia,
903 3303 965 3366 hoc
977 3313 1087 3386 potest
1100 3302 1217 3366 dicere.
1230 3303 1387 3367 Peccator
1400 3303 1488 3365 enim
1503 3320 1569 3364 non
1582 3301 1684 3365 audet
1694 3300 1814 3377 dicere,
1832 3313 1865 3364 ²5

455 3422 496 3465 ne
517 3412 647 3467 avertas
670 3404 787 3468 faciem
806 3416 897 3471 tuam
924 3427 944 3470 a
967 3425 1035 3471 me:
1056 3407 1114 3470 sed
1140 3406 1246 3488 magis
1266 3405 1367 3470 dicit:
1390 3407 1525 3470 ‘Averte
1549 3405 1666 3469 faciem
1685 3414 1815 3468 tuama

454 3508 599 3588 peccatis
616 3508 716 3573 meis!

486 3710 502 3756 4
514 3697 547 3744 In
559 3694 703 3754 nruutinis]
715 3697 738 3746 G
752 3699 797 3762 (gr.
814 3691 849 3754 εἷς
860 3695 908 3755 τὰς
919 3693 1032 3767 πρωίας)
1043 3717 1051 3758 ;
1063 3701 1092 3748 in
1105 3700 1234 3748 nectutino
1247 3696 1262 3766 β
1275 3707 1299 3748 et
1311 3697 1395 3748 ceteri.
1474 3709 1487 3761 5
1498 3697 1684 3759 submissiones]
1699 3697 1815 3745 sunrnrr's·

453 3779 533 3827 siones
545 3778 562 3828 S
574 3796 581 3837 ;
593 3780 790 3828 srrnrnrissionem
803 3781 823 3830 C
835 3797 843 3838 ;
856 3781 1020 3831 irrrrnissrones
1033 3779 1048 3849 β
1059 3799 1065 3840 ;
1077 3781 1240 3844 suggestiones
1251 3781 1275 3828 A
1286 3797 1294 3838 3
1306 3780 1442 3842 sugestione
1452 3781 1479 3830 B.
1548 3779 1564 3828 6
1575 3795 1638 3844 quoe
1647 3778 1727 3844 milri]
1737 3777 1813 3838 Asc,

456 3861 721 3926 Ptm;qrranriiriC
729 3867 795 3926 ;qur'
806 3863 994 3929 rniiriB3quas
1006 3864 1073 3913 milri
1084 3862 1109 3932 β,
1126 3864 1211 3926 Psup.
1225 3861 1269 3912 lin.
1337 3861 1664 3924 creataeqetaubansu.
1734 3861 1817 3926 12qui

454 3943 601 4007 operantur]
612 3951 738 4007 operantes
751 3945 776 3994 S.
881 3959 910 4007 14
922 3946 1107 4010 Disperderem]
1127 3944 1238 4003 ABCP;
1259 3944 1397 4008 disperdere
1417 3943 1459 3994 SG
1481 3945 1528 4009 (gr.
1542 3945 1590 3993 τοῦ
1602 3937 1814 4011 ἐξολοθρεῦσαι);

453 4025 593 4090 disperdam
608 4024 631 4093 β.
736 4026 764 4076 16
777 4033 805 4075 ut
816 4027 952 4089 abiciatur]
964 4028 1010 4078 GP
1022 4043 1071 4077 om.
1087 4033 1123 4086 nt,
1138 4034 1162 4076 et
1174 4026 1234 4076 add.
1248 4026 1290 4074 sed
1299 4025 1436 4074 herudictus
1452 4027 1569 4075 dominus
1581 4025 1609 4075 irr
1626 4025 1723 4074 saecula
1733 4039 1814 4074 raecu-
1893 4023 1896 4030 ⁴

455 4109 537 4157 torma
549 4123 640 4168 orreen;
655 4106 670 4175 β
683 4109 742 4158 add.
756 4109 804 4168 sed,
820 4117 850 4158 ut
859 4112 979 4160 soluetur.
1084 4119 1111 4170 17
1125 4115 1169 4155 DE
1183 4114 1313 4155 PSALMO
1326 4109 1371 4170 cl]
1391 4107 1463 4172 Quae
1483 4107 1524 4157 bic
1536 4109 1568 4157 de
1581 4123 1617 4172 ps.
1632 4119 1659 4156 ct
1680 4107 1812 4163 habentur,

455 4193 574 4257 pleraque
585 4191 660 4242 etiam
674 4192 766 4242 inserta
777 4199 834 4242 sunt
848 4192 975 4242 Breviario
988 4194 1035 4243 col.
1054 4204 1115 4254 1194
1127 4207 1193 4257 sqq.,
1207 4192 1251 4242 sed
1264 4191 1298 4240 ibi
1310 4191 1411 4255 quidem
1423 4189 1521 4250 alienis,
1532 4197 1559 4238 ut
1571 4188 1677 4248 adsolet,
1691 4186 1814 4236 mercibus

453 4276 576 4328 immixta.
648 4277 676 4328 18
688 4275 819 4338 anxiotrrs]
832 4281 928 4328 anxius
941 4280 969 4338 B,
985 4280 1079 4329 Pcorr.
1095 4279 1201 4328 Hieron.
1217 4295 1257 4343 ep.
1276 4290 1328 4338 140,
1344 4292 1368 4326 n.
1381 4288 1396 4339 3
1408 4292 1415 4334 ;
1427 4273 1551 4322 acediatus
1564 4286 1638 4335 supra
1651 4286 1674 4334 p·
1691 4270 1744 4330 ¹⁰⁶»
1759 4269 1811 4329 1·7·

457 4373 486 4420 19
497 4360 576 4409 huius
588 4361 692 4422 mundi]
704 4361 763 4409 huic
776 4361 869 4410 mundo
881 4361 906 4411 S.
1000 4359 1220 4425 dequo]rrnrteG.
1319 4355 1501 4418 20Cunr]om.
1517 4353 1591 4404 neS.
1682 4348 1813 4410 anxiam]

454 4442 636 4502 anxiusABS,
652 4443 748 4493 Ccorr.
766 4443 932 4492 Pexurrse'us.
1035 4455 1062 4492 21
1078 4440 1134 4502 toto]
1146 4457 1177 4492 en
1188 4449 1235 4490 toto
1247 4441 1273 4491 S.
1375 4451 1406 4487 22
1414 4445 1510 4503 precem
1521 4435 1605 4496 suone]
1618 4441 1699 4499 preces
1710 4447 1769 4482 suos
1781 4431 1811 4479 B.

454 4523 522 4590 quis]
533 4525 580 4588 qui
593 4525 620 4574 B.
725 4537 756 4586 ²4
768 4525 871 4588 orrenda]
882 4540 926 4574 suo
938 4525 990 4575 SG.
1093 4534 1124 4587 25
1136 4540 1151 4572 a
1162 4523 1219 4584 sua]
1234 4521 1248 4589 β
1262 4537 1311 4571 om.
1326 4518 1545 4586 praepositionem.

499 4711 544 4751 20.
560 4689 679 4774 spiritu]
696 4691 803 4753 Matth.
821 4708 847 4768 5,
865 4710 890 4766 3.
1203 4708 1247 4764 ²7·
1264 4685 1344 4768 meis]
1362 4689 1406 4746 Ps.
1426 4706 1472 4763 50,
1492 4704 1536 4745 tr.
