4154 5494
561 403 815 466 TRACTATUS
838 403 896 463 DE
918 404 1087 466 PSALMO
1110 402 1275 466 CXVIIII.
1330 453 1334 463 .
1518 399 1599 486 225

249 644 356 702 suum,
370 621 540 688 homicida
555 630 606 687 est
616 622 633 688 '.
643 622 766 687 Videte
781 621 861 706 quid
878 621 968 687 dicat
985 621 1161 687 Salomon:
1174 625 1182 654 ‘
1196 621 1235 684 ln
1250 641 1350 687 manu
1363 622 1497 706 linguae
1511 643 1600 687 mors

246 739 279 792 el
296 730 364 792 sita
376 728 392 792 ’.
408 726 533 791 Videte
548 725 628 809 quid
651 726 751 802 dicat,
773 726 806 790 in
825 745 925 790 manu
949 725 1091 808 linguae.
1107 725 1213 790 Vides
1229 736 1391 810 quantum
1418 725 1541 790 malurn
1559 727 1601 791 sit

247 834 361 915 lingua
376 831 389 894 i
404 841 438 896 et
462 849 597 894 manum
622 829 732 896 habet.
748 827 839 913 Quid
864 831 953 894 enim
981 830 1085 893 dicit?
1113 830 1151 893 ln
1177 850 1277 894 manu
1306 830 1446 913 linguae.
1465 831 1601 896 Grande

246 936 363 1000 vitium
391 943 442 998 cst
470 934 644 998 detrahere
668 933 832 1012 iratribus,
846 944 956 998 tacere
981 953 1047 997 non
1068 951 1177 1017 posse,
1201 936 1375 998 circumire
1399 935 1510 1012 cellas,
1526 936 1599 1000 aliis

212 1038 428 1106 §detrahere
447 1035 523 1120 Ego
549 1048 704 1119 peccator
728 1058 812 1115 sum,
833 1039 895 1102 iste
923 1046 1077 1118 peccator
1096 1046 1166 1102 est:
1189 1037 1268 1120 quid
1293 1038 1335 1101 ad
1360 1043 1420 1102 te?
1436 1039 1598 1122 Teipsum

246 1143 430 1219 considera,
446 1163 488 1205 ne
502 1143 612 1208 cadas.
629 1141 719 1225 Quid
737 1143 769 1205 in
785 1141 920 1206 alterius
934 1143 1028 1206 ruina
1040 1140 1196 1204 exultas?
1213 1140 1386 1224 numquid·
1398 1142 1424 1205 si
1441 1162 1504 1225 ego
1517 1145 1599 1208 ceci-

246 1247 337 1324 dero,
349 1255 385 1310 tu
402 1246 530 1312 stabis?
543 1247 637 1311 Licet
649 1247 745 1312 ruina
755 1267 828 1312 mea
840 1247 892 1324 sit,
903 1247 1115 1310 ruinairatris
1127 1250 1229 1310 timor
1240 1254 1318 1309 tuus
1334 1266 1406 1309 esse
1421 1246 1599 1326 debet,non

246 1350 422 1416 exultatio.
440 1350 501 1414 llle
516 1351 658 1417 cecidit:
673 1351 815 1426 laetaris,
830 1369 872 1414 an
890 1351 992 1414 tristis
1004 1356 1065 1414 es?
1081 1349 1246 1430 responde
1267 1349 1356 1414 mihi.
1375 1350 1491 1416 Frater
1516 1353 1600 1416 ceci·

246 1455 319 1519 dit:
335 1464 393 1520 aut
409 1455 516 1520 laetus
529 1475 575 1533 es,
591 1464 649 1520 aut
664 1455 775 1520 tristis.
789 1454 825 1521 Si
850 1453 955 1518 laetus
971 1475 1016 1530 es,
1036 1453 1155 1536 aliquis
1172 1455 1204 1516 in
1222 1454 1355 1518 alterius
1372 1456 1466 1522 ruina
1494 1457 1600 1522 laetus

198 1584 229 1622 ro
246 1565 321 1624 est?
336 1561 363 1622 si
380 1569 493 1625 autem
509 1559 613 1624 tristis
628 1579 673 1638 es,
687 1559 768 1642 quid
791 1559 931 1622 circuis?
952 1558 1032 1640 quid
1049 1557 1122 1621 aliis
1146 1563 1285 1621 narras?
1302 1557 1488 1624 Tristitiam
1506 1572 1599 1624 tuam

248 1665 341 1728 Deus
358 1664 479 1739 videat,
503 1663 624 1747 etipse
646 1663 745 1728 irater
768 1661 899 1737 sentiat,
916 1681 981 1724 non
1006 1659 1144 1725 fratrum
1168 1681 1264 1725 aures
1287 1664 1435 1728 audiant.
1460 1663 1602 1728 Domine

245 1767 349 1830 libera
363 1767 511 1832 animam
527 1788 631 1832 meam
647 1790 668 1832 a
683 1767 782 1832 labiis
797 1766 920 1848 iniquis
933 1775 965 1828 et
978 1786 999 1829 a
1014 1765 1130 1848 lingua
1145 1766 1262 1832 dolosa.

294 1869 389 1950 Quid
398 1871 497 1936 detur
509 1870 573 1935 tibi
584 1881 645 1935 aut
656 1871 741 1954 quid
762 1871 947 1953 adponatur
960 1868 1022 1933 tibi
1034 1869 1083 1932 ad
1092 1868 1243 1951 linguam
1264 1869 1442 1936 dolosam?
1457 1871 1602 1956 Spiritus

122 1971 125 1978 ’
246 1985 383 2040 sanctus
399 1976 578 2056 respondet
605 1975 789 2059 prophetae
814 1975 947 2051 dicenti,
966 1974 1110 2036 Domine
1134 1973 1236 2037 libera
1263 1975 1410 2040 animam
1443 1997 1551 2042 meam
1581 2001 1600 2044 a

200 2093 229 2147 ¹5
247 2079 344 2142 labiis
360 2079 483 2162 iniquis
499 2089 532 2143 et
548 2101 567 2142 a
584 2080 698 2162 lingua
714 2078 850 2144 dolosa:
868 2077 957 2160 Quid
974 2079 1071 2141 detur
1086 2077 1147 2140 tibi
1164 2086 1223 2141 aut
1237 2079 1318 2159 quid
1335 2080 1525 2161 adponatur
1541 2083 1601 2147 tibi

246 2183 290 2246 ad
307 2181 456 2264 linguam
473 2181 650 2246 dolosam?
662 2182 857 2264 Respondet
872 2182 902 2243 ei
919 2189 951 2243 et
962 2181 1043 2245 dicit
1058 2203 1065 2244 :
1081 2180 1133 2243 Tu
1145 2181 1201 2263 qui
1218 2181 1311 2258 dicis,
1333 2182 1479 2248 Domine
1499 2185 1603 2250 libera

246 2287 395 2350 animam
413 2305 521 2349 meam
538 2306 559 2350 a
579 2286 674 2349 labiis
691 2287 813 2369 iniquis
829 2295 862 2348 et
877 2305 898 2348 a
914 2285 1027 2366 lingua
1043 2282 1170 2362 dolosa,
1185 2286 1265 2367 quid
1282 2286 1342 2350 tibi
1367 2289 1416 2352 vis
1438 2289 1534 2354 dari?
1559 2293 1603 2356 Et

247 2399 427 2473 postquam
444 2391 561 2454 datum
578 2389 638 2453 tibi
654 2387 760 2463 luerit,
770 2388 850 2470 quid
861 2386 921 2450 tibi
938 2386 987 2449 vis
1004 2405 1132 2450 rursum
1149 2388 1273 2470 adponi
1291 2390 1333 2452 ad
1347 2389 1601 2473 linguamdolo-

247 2495 345 2558 sam?
361 2495 485 2559 Videte
501 2496 579 2576 quid
604 2495 702 2558 dicat.
730 2491 807 2555 Non
832 2491 929 2568 dixit,
945 2501 1061 2554 contra
1085 2490 1234 2573 linguam
1263 2493 1437 2560 dolosam:
1464 2498 1532 2576 sed,
1559 2500 1602 2562 ad

199 2615 231 2654 ao
250 2596 399 2678 linguam
427 2597 588 2662 dolosam.
615 2597 650 2663 Si
678 2596 830 2671 dixisset,
853 2604 970 2658 contra
997 2593 1145 2676 linguam
1174 2595 1336 2673 dolosam,
1357 2598 1533 2662 videbatur
1558 2601 1602 2664 de

247 2700 439 2765 adversario
453 2699 570 2764 dicere.
588 2700 712 2764 Videte
728 2699 808 2782 quid
825 2699 868 2762 sit
884 2709 1129 2762 sacramentum
1144 2722 1151 2762 :
1164 2699 1335 2781 propheta,
1348 2700 1452 2764 immo
1467 2711 1602 2765 sanctus

247 2805 282 2868 in
300 2805 408 2885 primo
423 2805 527 2887 gradu
544 2806 798 2868 constitutus-
809 2804 886 2867 dieo
897 2802 1079 2884 simplicius
1091 2812 1226 2884 propter
1237 2804 1455 2888 simpliciores
1466 2839 1507 2856 -
1519 2807 1600 2888 quid

247 2909 353 2971 dicit?
370 2907 516 2971 Domine
532 2907 635 2972 libera
656 2908 802 2972 animam
828 2927 935 2971 meam
953 2927 973 2971 a
989 2905 1084 2970 labiis
1100 2907 1222 2988 iniquis
1238 2917 1271 2971 et
1287 2927 1306 2970 a
1330 2907 1444 2989 lingua
1460 2907 1577 2972 dolosa
1594 2933 1601 2973 :

246 3009 340 3073 verbi
352 3029 462 3086 causa,
476 3009 667 3087 adversario
676 3031 752 3074 meo
762 3013 817 3094 qui
832 3011 912 3074 mihi
927 3010 1082 3074 detrahit.
1100 3009 1167 3075 Sed
1180 3012 1347 3076 Dominus
1358 3012 1449 3076 aliud
1464 3031 1598 3094 respon·

199 3136 229 3190 ²5
247 3117 317 3191 det,
329 3125 362 3179 et
371 3115 452 3198 quid
464 3115 565 3179 dicit?
577 3115 655 3179 Non
668 3115 766 3194 dixit,
775 3115 855 3198 quid
868 3115 965 3180 detur
976 3113 1037 3178 tibi
1049 3124 1106 3178 aut
1118 3115 1198 3197 quid
1210 3115 1250 3176 ad
1256 3124 1399 3196 ponatur
1410 3115 1470 3180 tibi
1484 3127 1601 3180 contra

248 3219 399 3301 linguam
426 3218 604 3283 dolosam?
621 3219 684 3282 hoe
706 3229 766 3296 est,
791 3239 857 3283 non
881 3219 978 3294 dixit,
1006 3218 1086 3302 quid
1111 3219 1281 3283 desideras
1307 3219 1367 3284 tibi
1392 3218 1460 3282 fieri
1486 3230 1602 3284 contra

248 3325 475 3410 adversarium
492 3321 612 3388 tuum?
632 3323 698 3388 Sed
715 3324 795 3406 quid
812 3324 925 3387 dixit?
942 3322 1032 3406 Quid
1048 3324 1146 3386 detur
1162 3323 1223 3387 tibi
1240 3333 1297 3386 aut
1313 3325 1392 3406 quid
1409 3325 1599 3406 adponatur

248 3427 311 3492 tibi
328 3429 369 3492 ad
391 3427 539 3509 linguam
555 3426 732 3492 dolosam?
749 3429 826 3490 Non
842 3428 940 3504 dixit,
962 3437 1078 3491 eontra
1094 3427 1266 3509 linguam:
1286 3429 1354 3504 sed,
1377 3429 1419 3492 ad
1437 3428 1598 3512 linguam.

249 3529 374 3596 Videte
389 3531 469 3614 quid
485 3529 585 3608 dicat,
595 3531 636 3595 ad
650 3531 798 3614 linguam
811 3530 962 3596 dolosam
976 3555 982 3594 :
999 3531 1041 3594 ad
1055 3541 1146 3598 tuam
1160 3531 1319 3614 linguam,
1334 3551 1401 3596 non
1412 3533 1601 3608 adversarii,

286 3765 296 3801 1
310 3752 435 3818 Salomon]
446 3767 510 3802 oorr.
524 3767 553 3800 ex
564 3751 677 3802 Solomon
690 3753 719 3802 C.
797 3751 923 3815 JIingrus]
934 3751 1037 3815 linguae
1049 3751 1070 3802 C
1081 3769 1088 3812 ;
1100 3752 1131 3800 in
1142 3752 1245 3816 linguae
1258 3754 1277 3802 P
1289 3767 1304 3802 2
1316 3769 1350 3803 m.
1363 3769 1417 3819 sup.
1430 3753 1476 3804 lin.
1552 3756 1602 3802 Iin-

246 3837 426 3901 guaeJCadd.
440 3837 613 3886 morsetvita.
713 3833 882 3896 4cr'rruorire]
898 3837 1005 3885 crimin
1019 3853 1047 3900 μ.
1148 3835 1262 3898 could]
1271 3837 1320 3900 qui
1331 3835 1363 3886 G.
1465 3846 1545 3896 7mea
1560 3836 1605 3898 sit]

250 3935 306 3983 sup.
320 3918 364 3968 lin.
376 3918 435 3968 odd.
451 3919 489 3976 P:
503 3917 591 3968 BCSG
602 3933 653 3968 orn.
666 3919 709 3968 sir.
802 3919 909 3983 fratris]
922 3920 942 3968 B
954 3919 989 3968 ita
1001 3917 1177 3984 prosequitur:
1192 3918 1242 3967 mei
1250 3933 1298 3967 esse
1310 3917 1467 3982 mortificatio
1481 3932 1531 3966 erse
1541 3918 1607 3968 debe?

251 4015 302 4049 mn
312 3999 441 4049 miratio.
542 3999 674 4064 oolr'qur's]
684 4001 750 4050 codd
761 4020 769 4060 ;
790 4008 819 4050 ut
834 4001 900 4066 quid
911 4018 937 4063 μ.
1038 4001 1118 4049 laetus
1128 3996 1193 4058 esti]
1206 4000 1256 4059 BS,
1269 4001 1348 4048 laetus
1359 4015 1383 4049 es
1395 3999 1481 4062 pGP3
1499 4003 1606 4050 lactarus

249 4089 287 4131 ts!
297 4081 327 4133 C.
431 4096 460 4144 14
466 4083 610 4148 prophetae]
617 4083 754 4148 prophaeta
774 4082 806 4132 G.
906 4080 1013 4142 dicenti]
1026 4098 1062 4145 μς
1081 4082 1164 4130 dicem
1176 4082 1251 4130 codd.
1355 4077 1604 4142 171drriilSinser.

249 4163 577 4228 Sagitiaspoterriesacutas.
645 4162 828 4224 mordebatur]
837 4163 1033 4222 SG3vr'deretur
1041 4179 1069 4226 μ.
1138 4163 1306 4228 arquiqurri
1312 4164 1342 4213 C.
1410 4167 1606 4226 sacromentum]

250 4245 284 4294 de
294 4245 343 4296 hoc
353 4247 477 4296 vocabulo
496 4247 611 4296 absolute
622 4244 705 4309 posito
724 4244 757 4294 cl.
770 4259 846 4308 supra
857 4260 882 4308 p.
897 4256 953 4303 222,
968 4245 985 4293 l.
1003 4257 1041 4293 12.
1138 4245 1269 4310 propicia]
1282 4246 1302 4294 C
1313 4260 1326 4292 e
1336 4244 1362 4294 in
1375 4245 1424 4294 fine
1436 4245 1520 4295 deleta
1531 4263 1538 4304 ;
1549 4253 1608 4309 pro·

247 4326 698 4393 pheltiae83propietaepetceteri.
798 4325 1100 4387 sumtus1codd;samti
1112 4343 1139 4388 μ.
1241 4339 1272 4375 22
1283 4327 1442 4388 constitutus]
1454 4333 1609 4377 constructus

251 4409 474 4474 Germiilutip.
575 4407 768 4473 23dicitldical
780 4407 811 4457 C.
912 4420 945 4468 24
955 4406 1099 4457 adversario
1117 4406 1178 4468 meo]
1197 4423 1213 4456 a
1231 4407 1307 4456 labiis
1325 4407 1468 4458 adversarii
1487 4408 1538 4458 urei
1557 4408 1606 4472 μδ.

252 4492 320 4542 milti
328 4491 448 4554 detrahit]
460 4507 498 4541 nu
508 4491 534 4541 d.
551 4491 582 4540 B.

298 4691 322 4732 r.
338 4671 479 4734 domicilia
492 4667 546 4752 est]
564 4691 576 4729 r
596 4672 640 4730 lo.
658 4690 685 4747 3,
705 4687 750 4747 ¹5·
1000 4687 1026 4728 a.
1049 4673 1078 4728 rt
1090 4663 1166 4748 vito]
1181 4669 1266 4730 Prov.
1287 4669 1332 4740 18,
1350 4685 1397 4728 ar.

304 4797 662 4850 ammonianum.
