4202 5492
450 395 465 453 ι
473 393 528 476 34
830 393 859 453 s,
884 391 1138 454 maiouim
1161 392 1425 454 PRESBYTERI

446 611 592 675 donosor
607 610 675 674 suis
691 620 865 692 portavere
880 608 1061 674 cervicibus
1077 630 1084 688 ;
1101 608 1196 674 multi
1213 609 1304 676 missi
1321 620 1399 676 sunt
1425 611 1457 676 in
1474 612 1642 678 caminum
1671 611 1750 690 eius,
1765 621 1799 678 et

401 755 404 762 .
445 723 606 791 arserunt,
623 713 717 777 multi
734 713 896 797 templum
916 713 1053 776 Domini
1077 713 1301 795 perdiderunt,
1317 725 1350 778 et
1367 714 1399 777 in
1417 714 1482 778 illis
1505 715 1625 778 domus
1642 715 1707 778 Dei
1723 715 1797 778 suh-

445 837 539 880 verse
564 824 622 882 est.
652 816 774 882 Infelix
805 819 904 884 ludas
930 823 1066 900 quando
1091 822 1262 904 apostolus
1278 831 1359 898 erat,
1374 821 1495 885 domus
1513 821 1576 884 Dei
1599 829 1678 886 erat.
1696 820 1797 884 Venit

443 919 605 998 diabolus,
620 929 653 984 et
669 923 797 1004 accepit
814 923 1006 1002 buccellam,
1022 933 1056 988 et
1072 924 1185 990 statim
1203 926 1336 990 intravit
1360 935 1494 988 satanas
1511 925 1543 988 in
1571 924 1675 1003 illum,
1690 934 1724 989 et
1738 924 1797 988 do-

445 1044 519 1089 mus
528 1025 598 1088 eius
611 1024 769 1089 subversa
778 1035 872 1103 estet
886 1047 950 1092 non
969 1040 1019 1093 est
1036 1029 1310 1112 instaurata‚quia
1328 1049 1393 1092 non
1411 1029 1479 1113 egit
1494 1028 1743 1112 paenitentiam.
1760 1027 1796 1094 Si
1833 1049 1849 1102 5

444 1128 518 1212 quis
533 1149 612 1193 vero
627 1139 703 1212 post
720 1141 893 1213 peccatum
910 1132 980 1214 agit
996 1131 1247 1214 paenitentiam,
1263 1133 1359 1198 istius
1373 1134 1494 1197 domus
1518 1142 1594 1216 post
1621 1132 1796 1217 captivita-

443 1241 510 1296 tem
529 1232 763 1298 reaedificatur.
781 1233 923 1299 Oremus
939 1255 1019 1319 ergo
1034 1245 1067 1301 et
1081 1257 1142 1300 nos
1158 1237 1352 1314 Dominum,
1368 1237 1512 1321 primum
1525 1236 1660 1321 quidem
1677 1247 1714 1302 ut
1730 1255 1796 1302 non

443 1337 653 1402 subvertatur
667 1340 788 1402 domus
804 1347 939 1417 nostra;
956 1359 998 1404 ne
1013 1341 1125 1405 veniat
1142 1339 1332 1406 Chaldaeus
1349 1352 1382 1405 et
1399 1342 1568 1424 Assyrius,
1584 1350 1618 1405 et
1633 1339 1795 1422 templum

445 1441 557 1524 Xpisti
574 1443 606 1506 in
623 1442 719 1506 nobis
736 1445 916 1508 subvertat.
933 1443 969 1509 Si
986 1453 1099 1509 autem
1116 1445 1310 1510 subversum
1329 1445 1434 1522 luerit,
1451 1446 1546 1528 quasi
1562 1445 1595 1508 in
1626 1441 1798 1525 naulragio

443 1547 627 1610 secundum
648 1545 818 1624 solacium,
834 1567 892 1630 per
908 1548 1056 1612 tabulam
1074 1569 1251 1632 possumus
1268 1548 1395 1614 salvari.
1415 1548 1554 1628 erarida
1577 1547 1691 1612 demta
1713 1545 1799 1611 aedi·
1818 1572 1851 1610 io

434 1649 605 1732 ficabatur
618 1661 694 1732 past
717 1651 944 1733 captivitatem.
961 1651 1093 1718 Cotidie
1118 1654 1238 1718 domus
1264 1653 1327 1717 ista
1355 1651 1468 1735 Xpisti
1495 1654 1526 1716 iri
1552 1651 1798 1736 paenitentibus

444 1753 624 1818 instruitur.
642 1754 797 1839 Denique
813 1775 879 1820 non
904 1756 1001 1830 dixit,
1019 1756 1164 1840 Quando
1179 1757 1299 1820 domus
1322 1755 1495 1820 aedificata
1522 1765 1582 1833 cst,
1598 1775 1639 1820 ne
1666 1764 1797 1820 tantum

444 1857 609 1921 videretur
626 1857 734 1934 fuisse,
750 1878 822 1923 esse
846 1861 1060 1942 praeteritum
1076 1887 1084 1942 ;
1100 1860 1157 1924 sed
1175 1860 1423 1937 aedificabatur,
1439 1869 1475 1923 ut
1491 1859 1615 1925 cotidie
1642 1859 1706 1924 hoc
1730 1858 1799 1922 lieri

443 1961 657 2027 demonstret.
676 1963 751 2026 Hoc
767 1963 899 2027 interim
916 1964 1064 2027 diximus
1091 1965 1134 2028 de
1158 1965 1271 2026 anima
1297 1971 1418 2027 n'ostra.
1437 1963 1593 2028 Ceterum
1621 1981 1797 2045 possumus

442 2074 474 2127 et
491 2063 588 2129 aliter
602 2066 712 2130 dicere
726 2090 733 2130 :
749 2067 886 2150 quando
902 2067 1040 2130 ecclesia
1058 2067 1170 2150 Xpisti
1188 2069 1412 2132 instruebatur
1424 2077 1501 2149 post
1518 2069 1661 2132 ruinam.
1676 2067 1799 2130 Videa-
1820 2091 1850 2146 ις

444 2187 517 2231 mus
533 2188 612 2250 ergo
628 2177 703 2250 post
719 2169 818 2232 istum
837 2169 970 2233 titulum
988 2170 1067 2253 quid
1086 2180 1254 2253 sequatur.

490 2277 627 2345 Caritate
641 2280 783 2344 Domina
796 2283 956 2346 coniicerm
972 2303 1099 2348 narrum.
1118 2283 1213 2346 Felix
1231 2283 1434 2366 paenitentia
1450 2308 1456 2348 :
1471 2283 1548 2348 licet
1566 2283 1676 2359 rueris,
1687 2291 1799 2347 tamen

444 2383 472 2446 si
488 2383 592 2465 egeris
609 2385 858 2466 paenitentiam,
874 2405 960 2450 nova
976 2388 1097 2450 domus
1114 2386 1226 2469 Xpisti
1243 2386 1377 2450 dicitur.
1398 2385 1534 2453 Caritate
1559 2385 1703 2450 Domino
1725 2405 1800 2448 cari-

444 2487 544 2551 ticum
569 2509 696 2554 navum.
722 2489 820 2553 Nova
846 2492 975 2568 domus,
991 2511 1115 2555 novum
1141 2500 1284 2555 meretur
1308 2500 1385 2555 cant
1395 2491 1492 2556 icum.
1511 2491 1648 2557 Caritate
1662 2490 1802 2554 Domina

443 2591 604 2655 canticum
620 2613 745 2656 narrem.
764 2591 830 2676 Qui
847 2600 1005 2659 cantate?
1024 2594 1161 2660 Caritate
1174 2594 1318 2659 Dorrriaa
1344 2596 1451 2659 artinis
1474 2605 1569 2660 terra.
1586 2594 1622 2661 Si
1649 2596 1693 2659 de
1718 2606 1799 2661 tem·
1818 2621 1853 2660 eo

445 2695 501 2778 plo
520 2696 776 2780 Hierusolymae
791 2699 920 2774 dicitur,
935 2719 956 2762 o
974 2700 1105 2775 Iudaee,
1122 2700 1292 2782 quomodo
1309 2699 1417 2762 omnis
1442 2707 1529 2762 terra
1547 2709 1745 2782 provocatur
1757 2699 1799 2762 ad

446 2800 603 2865 laudem?
632 2799 769 2868 Caritate
792 2803 938 2867 Domino
959 2803 1066 2866 arnm‘s
1088 2813 1184 2867 terra.
1203 2803 1271 2866 Iste
1288 2803 1378 2865 locus
1395 2810 1428 2864 et
1447 2801 1610 2865 Iudaeum
1628 2802 1743 2879 vincit,
1767 2809 1801 2866 et

446 2905 682 2971 Novatianum.
701 2904 836 2972 Caritate
850 2907 993 2970 Domino
1010 2907 1116 2971 amnis
1138 2916 1226 2970 terra
1243 2930 1250 2971 :
1267 2925 1332 2970 non
1352 2903 1601 2986 Hierosolyma,
1617 2905 1675 2968 sed
1692 2905 1801 2968 omnis

446 3008 597 3072 mundus.
617 3009 682 3072 Hic
701 3009 845 3074 Iudaeus
863 3012 1033 3075 occiditur.
1053 3011 1189 3077 Caritate
1204 3008 1348 3072 Domina
1362 3007 1467 3072 omnis
1482 3016 1579 3072 terra.
1593 3005 1801 3070 Novatianus

445 3111 614 3177 occiditur.
631 3110 837 3195 Quomodo?
856 3115 947 3180 Dicit
963 3115 1051 3179 enim
1079 3114 1288 3178 Novatianus
1303 3138 1310 3176 :
1328 3112 1415 3178 Sunt
1438 3112 1549 3195 aliqua
1575 3120 1725 3194 peccata,
1741 3129 1800 3193 pio
1818 3137 1852 3192 25

445 3214 566 3296 quibus
582 3216 743 3280 debemus
759 3237 857 3300 agere
874 3218 1127 3301 paenitentiam,
1142 3217 1233 3281 verbi
1250 3236 1360 3293 causa,
1375 3217 1418 3279 de
1435 3216 1619 3292 mendacio,
1634 3214 1677 3278 de
1692 3214 1799 3296 periu-

448 3319 507 3396 rio,
532 3320 573 3384 de
602 3318 690 3385 furto
705 3343 712 3398 ;
728 3331 873 3386 ceterum
891 3323 948 3406 qui
964 3323 1145 3387 fornicatus
1161 3322 1267 3398 fuerit,
1284 3321 1340 3404 qui
1367 3318 1583 3384 homicidium
1601 3316 1724 3394 lecerit,
1739 3317 1802 3380 iste

446 3442 546 3504 agere
577 3443 644 3488 non
676 3432 788 3508 potest
817 3426 1068 3509 paenitentiam.
1099 3425 1192 3490 Audi
1223 3424 1303 3508 quid
1334 3424 1450 3488 dicat:
1480 3422 1623 3487 Cantate
1655 3420 1804 3485 Domino

446 3527 555 3590 omnis
582 3537 677 3593 terra.
694 3527 815 3593 Omnis
838 3538 950 3594 autem
968 3539 1063 3607 terra,
1087 3540 1120 3594 et
1147 3529 1277 3594 adulter
1293 3537 1353 3606 est,
1371 3537 1404 3591 et
1426 3527 1605 3604 homicida,
1630 3534 1664 3589 et
1687 3525 1801 3588 omnia

326 3677 334 3699 ‚
445 3640 582 3712 peccata
608 3640 741 3696 terrena
768 3642 853 3698 sunt.
885 3633 921 3699 Si
947 3643 1058 3699 autem
1092 3634 1244 3698 universa
1275 3643 1412 3716 peccata
1444 3643 1574 3696 terrena
1605 3641 1692 3708 sunt,
1723 3646 1854 3713 qua-30

480 3847 489 3883 i
503 3835 567 3897 eires]
579 3836 661 3897 codd;
682 3837 750 3900 igniis
763 3835 786 3904 β.
889 3849 904 3886 2
918 3837 1038 3898 Domini]
1051 3837 1116 3887 CSG
1128 3854 1134 3894 ;
1147 3853 1196 3886 om.
1213 3834 1285 3904 βΑΒ.
1387 3849 1402 3896 9
1415 3837 1443 3886 e'ii
1456 3831 1600 3900 naufragia]
1614 3831 1629 3902 β
1642 3851 1692 3885 nm.
1707 3836 1755 3892 i'rr;
1773 3834 1803 3882 r'rr

444 3917 610 3982 naufragium
633 3919 713 3969 HSG.
818 3932 846 3968 to
860 3921 995 3968 secundum
1014 3917 1141 3978 salaciam]
1159 3920 1261 3968 serrendo
1280 3920 1366 3968 solati-'a
1379 3917 1403 3986 β.
1507 3929 1535 3967 12
1553 3918 1689 3979 r'rrrlirr‘trer]
1708 3919 1804 3966 i'rrstarr·

444 4006 520 4048 ratur
531 4001 557 4050 S.
646 4013 674 4064 13
685 4000 743 4061 esse]
764 4017 793 4050 ex
806 4001 862 4050 cod.
876 4001 897 4051 C
910 3999 1015 4064 uccepi;
1033 4018 1083 4050 oni.
1100 4000 1115 4068 β
1128 4013 1152 4052 et
1169 4001 1253 4051 ceteri.
1360 4013 1388 4063 14
1407 3998 1564 4058 demonstret]
1584 4001 1764 4050 demonstraret
1774 4000 1801 4050 S.

446 4082 475 4131 16
487 4083 616 4147 sequatur]
628 4083 743 4148 sequitur
754 4083 785 4133 G.
890 4083 918 4132 18
931 4084 1032 4148 Xpisti]
1045 4085 1094 4133 Dei
1108 4083 1131 4151 β.
1232 4084 1337 4146 dicitur]
1356 4084 1450 4143 iinc3
1467 4084 1563 4132 dititur
1574 4083 1611 4132 B:
1629 4083 1719 4131 di'cerr'r
1731 4079 1800 4149 βὸῦ.

444 4177 476 4214 2ο
490 4165 555 4226 Qui]
566 4165 610 4214 riir'
621 4162 637 4231 β
648 4183 654 4223 ;
667 4165 731 4228 quid
740 4165 765 4214 S.
842 4178 873 4229 23
885 4166 977 4227 arnm's]
989 4167 1123 4215 universas
1136 4166 1183 4216 CS.
1264 4178 1295 4228 29
1309 4167 1397 4214 Orrriii's
1410 4173 1492 4214 autem
1505 4161 1583 4224 terra]
1594 4165 1623 4213 iri
1634 4164 1705 4213 orrirri'
1720 4170 1802 4212 aurini

443 4254 513 4296 terra
522 4247 548 4297 S.
618 4243 727 4306 adulter]
738 4247 778 4297 CS
790 4266 797 4304 ς
809 4248 924 4298 adultera
938 4247 988 4316 βΑ,
1000 4249 1025 4297 H
1039 4265 1101 4298 cuii.
1116 4250 1199 4320 Bcoir
1211 4267 1218 4309 ;
1230 4249 1333 4297 adultra
1346 4249 1377 4300 G.
1447 4247 1579 4308 hauricrita]
1592 4247 1721 4296 tumaide
1730 4252 1766 4295 ert
1774 4246 1800 4296 S.

489 4437 532 4476 io.
541 4427 600 4494 per
611 4412 754 4495 tabularii]
777 4417 902 4477 Hieron.
919 4435 967 4492 ep.
986 4435 1050 4488 122,
1068 4435 1094 4475 n.
1149 4414 1349 4492 tentiae'3ep.
1367 4435 1377 4473 i
1384 4436 1431 4492 30,
1442 4433 1469 4475 n.
1483 4435 1500 4490 9
1512 4419 1519 4446 ‘
1531 4415 1586 4474 Illa
1595 4412 1801 4490 (paenitentia)
1855 4409 1857 4414 ’

445 4497 579 4571 4‘inter
607 4495 785 4575 captivitatis
815 4499 900 4570 mala,
929 4511 958 4558 et
983 4499 1097 4557 seroces
1149 4495 1233 4572 quasi
1249 4497 1381 4556 secunda
1396 4507 1463 4574 post
1487 4494 1671 4571 nuulragium
1686 4493 1801 4555 miseris

445 4579 575 4639 hostium
591 4581 699 4652 vultus,
715 4590 744 4638 et
760 4579 928 4656 provinciae
951 4590 1020 4638 tuae
1035 4577 1097 4636 infi·
1149 4577 1249 4638 tabula
1264 4576 1300 4636 sit
1315 4578 1329 4635 '.

445 4659 507 4720 nitii
532 4659 691 4738 naufragia,
716 4671 817 4720 teneto
841 4661 972 4721 tabulam
1000 4658 1096 4736 paeni-
