4060 5498
548 411 805 474 TRACTATUS
835 413 893 472 Dll
922 414 1093 476 PSALMO
1121 359 1202 474 XV:
1518 427 1568 507 31

215 613 372 696 voluptas
389 615 422 678 in
441 613 505 676 fine
521 612 783 694 dispensationis
799 614 869 676 sive
885 615 1065 678 victoriae:
1091 635 1152 696 pro
1167 619 1174 648 ¹
1191 614 1274 678 fine'
1290 617 1379 679 enim
1396 616 1524 699 Aquila
1539 628 1572 680 et

214 719 432 784 Theodotion
459 727 493 782 et
519 738 637 782 omnes
662 717 836 794 editiones,
860 732 1006 801 excepto
1033 719 1242 801 Symmacho
1272 730 1306 785 et
1337 720 1574 804 Septuaginta,

214 824 430 889 ‘victoriam'
447 822 688 886 transtulerunt
704 843 711 899 ;
728 823 817 904 quod
845 833 1024 904 propterea
1041 824 1083 885 sit
1101 843 1230 905 passus,
1245 834 1278 888 et
1295 827 1523 902 resurrexerit,
1539 839 1572 890 et

214 931 321 994 victor
337 928 522 1010 penetrarit
539 926 580 990 ad
598 925 718 1002 caelos,
745 935 781 990 ut
809 924 981 989 hominem
1007 947 1027 989 a
1052 928 1182 991 dextris
1214 929 1353 993 Domini
1383 930 1572 994 collocaret.

181 1053 196 1107 5
216 1035 414 1099 Notandum
432 1051 576 1115 quoque,
592 1029 680 1113 quod
699 1031 731 1092 in
749 1030 812 1092 hoc
831 1030 906 1093 loco
929 1031 986 1093 ubi
1011 1052 1073 1095 nos
1101 1033 1252 1116 legimus,
1279 1032 1494 1116 Adimplebis
1520 1054 1573 1097 me

215 1138 353 1214 laetitia,
368 1135 582 1200 Theodotion
600 1133 743 1196 dixerit‘
757 1131 895 1214 Septem
909 1131 1057 1196 laetitiae
1067 1132 1074 1158 '
1085 1145 1118 1197 et
1131 1140 1137 1166 ¹
1150 1133 1237 1199 Cum
1250 1137 1344 1201 vulto
1356 1149 1415 1201 tuo
1427 1138 1571 1201 delecta·

214 1244 264 1306 tio
287 1243 321 1304 in
350 1241 491 1304 dextera
518 1247 583 1302 tua.
600 1236 776 1315 Victori';
801 1245 834 1300 et
861 1235 987 1320 Aquila
1012 1246 1045 1300 et
1075 1236 1301 1320 Symmachus
1328 1243 1573 1307 transtulerunt

214 1352 220 1378 ¹
236 1344 414 1409 Plenitudo
431 1344 631 1407 laetitiarum
650 1354 732 1403 cum
744 1340 829 1403 facie
845 1342 923 1403 tua'
939 1340 990 1405 vel
1008 1347 1015 1375 ‘
1031 1344 1121 1422 apud
1134 1342 1251 1407 faciem
1265 1355 1358 1408 tuam
1372 1344 1423 1410 'et
1435 1339 1573 1428 reliqua.

215 1447 486 1533 Quaeriturergo
501 1466 605 1530 quare
620 1444 836 1508 Theodotion
854 1456 983 1526 septem
1001 1467 1062 1527 pro
1080 1447 1288 1528 plenitudine
1304 1449 1452 1514 dixerit?
1469 1449 1570 1533 Quod

166 1578 199 1616 ro
214 1552 349 1636 quidem
362 1551 558 1628 facilesciet,
573 1551 630 1632 qui
644 1549 807 1612 hebraeae
821 1549 953 1631 linguae
975 1550 1085 1613 saltim
1111 1571 1247 1633 parvam
1272 1555 1426 1618 notitiam
1449 1556 1573 1619 habue-

215 1658 265 1719 rit.
281 1669 372 1720 SABA
389 1656 477 1718 enim
506 1656 653 1730 verbum,
678 1665 715 1718 ut
742 1655 774 1717 in
800 1654 884 1716 libro
901 1674 1035 1735 quoque
1049 1655 1293 1720 Hebraicarum
1323 1658 1571 1740 Quaestionum

215 1762 374 1836 diximus,
391 1769 548 1842 quattuor
573 1780 623 1822 res
651 1757 837 1840 significat:
854 1757 1099 1841 plenitudinem
1127 1767 1163 1824 et
1189 1762 1391 1842 satietatem,
1407 1765 1573 1829 iuramen-

214 1876 287 1928 tum
307 1873 340 1927 et
356 1876 495 1946 septem.
509 1861 598 1946 Quia
615 1863 717 1944 igitur
732 1863 928 1945 ambiguum
947 1874 1007 1942 est,
1034 1864 1260 1945 Theodotion,
1281 1869 1430 1933 diversas
1448 1872 1573 1951 gratias

214 1968 351 2050 spiritus
366 1970 456 2049 apud
474 1966 586 2029 Deum
603 1985 676 2029 esse
692 1986 911 2048 cognoscens,
927 1967 1060 2049 putavit
1077 1987 1136 2048 pro
1152 1974 1383 2051 oportunitate
1409 1973 1472 2038 loci
1499 1996 1572 2058 sep·

164 2099 174 2135 1
179 2099 198 2150 ς
215 2085 283 2135 tem
301 2071 408 2153 magis
424 2071 546 2134 debere
562 2069 740 2146 transferri,
756 2091 857 2154 quam
876 2070 1122 2152 plenitudinem
1150 2074 1341 2140 satietatem
1359 2087 1392 2141 et
1410 2078 1571 2142 iusiuran-

215 2178 295 2240 dum
311 2197 319 2254 ;
336 2185 372 2239 ut
388 2176 541 2258 spiritum
559 2176 746 2256 sapientiae
770 2185 803 2238 et
835 2176 1035 2251 intellectus,
1051 2177 1205 2257 spiritum
1227 2180 1356 2242 consilii
1382 2191 1416 2244 et
1440 2181 1572 2247 fortitu-

215 2281 315 2356 dinis,
331 2281 484 2364 spiritum
501 2279 660 2343 scientiae
676 2288 709 2343 et
726 2280 870 2361 pietatis,
881 2280 1035 2363 spiritum
1060 2283 1189 2346 timoris
1206 2284 1345 2347 Domini
1357 2287 1446 2367 apud
1460 2286 1571 2350 Deum

215 2404 288 2448 esse
305 2393 506 2448 monstraret
524 2408 531 2447 :
547 2403 633 2466 quae
655 2403 731 2446 vere
746 2394 875 2464 septem
893 2384 1079 2468 plenaeque
1107 2387 1253 2450 laetitiae
1281 2398 1369 2465 sunt,
1396 2409 1462 2452 non
1489 2391 1573 2467 aliis,

216 2491 275 2554 sed
292 2491 321 2553 ei
338 2490 395 2572 qui
419 2489 575 2552 meruerit
600 2489 633 2550 in
663 2488 802 2550 Domini
829 2507 960 2571 semper
987 2492 1118 2554 dextris
1143 2493 1311 2560 delectari.
1338 2494 1413 2557 Hac
1441 2495 1570 2559 ratione

163 2622 202 2659 ιο.
216 2595 354 2677 quidam
370 2594 583 2676 suspicantur
598 2613 617 2654 a
634 2590 842 2674 philosophis
869 2602 999 2675 septem
1023 2595 1134 2659 caelos
1159 2595 1357 2678 appellatos,
1380 2607 1414 2661 et
1439 2609 1570 2680 septem

215 2699 361 2763 errantia
376 2699 484 2762 sidera
502 2706 705 2781 nuncupata.
722 2699 825 2762 Porro
841 2696 1076 2781 Symmachus,
1099 2701 1154 2764 ubi
1182 2720 1245 2764 nos
1270 2698 1423 2784 legimus,
1450 2701 1570 2767 Delec-

216 2805 301 2866 tatio
317 2805 350 2866 in
367 2804 508 2867 dextera
525 2813 582 2866 tua
599 2823 706 2884 usque
723 2803 755 2865 in
782 2799 917 2884 finem,‘
934 2800 1060 2882 Virtus,
1084 2804 1202 2886 inquit,
1229 2804 1261 2866 in
1290 2807 1433 2869 dextera
1460 2815 1518 2870 tua
1537 2807 1570 2869 in

215 2915 389 2971 aeternum
402 2907 409 2935 '
422 2933 430 2972 ι
445 2907 627 2971 ostendens
643 2927 731 2982 eum,
746 2905 803 2988 qui
819 2906 997 2971 virtutibus
1013 2907 1132 2989 plenus
1148 2909 1200 2984 sit,
1217 2909 1306 2989 apud
1322 2909 1432 2974 Deum
1451 2911 1571 2992 iugiter

216 3030 482 3090 permansurum.

161 3204 195 3259 2,
604 3165 679 3237 DE
712 3163 937 3239 Psnnno
969 3165 1179 3240 Lxxxu.

257 3333 350 3396 Deus
360 3333 435 3415 quis
448 3333 571 3399 similis
580 3334 644 3399 crit
654 3333 716 3398 to'bi
727 3335 754 3398 Ρ
764 3335 886 3399 Nullus
902 3336 965 3398 erit
980 3336 1098 3399 similis
1113 3337 1171 3399 tui.
1187 3335 1241 3398 Ne
1256 3345 1363 3401 taceas
1377 3359 1476 3422 neqroe
1490 3359 1571 3404 com-

246 3514 261 3565 3
272 3503 452 3568 resurrexerit]
465 3505 508 3563 M;
520 3506 662 3555 resurrexit
672 3505 730 3557 OV.
830 3519 847 3567 4
855 3504 1008 3570 penetrarit]
1021 3506 1048 3553 M
1062 3506 1084 3553 it
1094 3521 1158 3556 corr.
1172 3521 1202 3556 ex
1214 3512 1250 3566 et;
1268 3507 1329 3558 item
1342 3515 1488 3572 penetraret
1504 3510 1527 3560 0
1545 3511 1571 3560 in

212 3595 299 3650 textu;
307 3591 453 3654 penetravit
468 3591 501 3653 V,
519 3592 544 3643 Ο
562 3609 640 3656 marg.
742 3609 757 3641 a
773 3593 881 3654 dextris]
897 3591 933 3641 ad
946 3589 1043 3640 dextris
1061 3591 1098 3640 M.
1199 3592 1215 3641 6
1231 3585 1366 3647 delectatio]
1382 3589 1511 3639 delectatio
1528 3591 1572 3649 M;

212 3674 383 3724 delectationes
395 3674 452 3725 OV.
553 3673 568 3723 8
580 3681 634 3724 tuo.
655 3669 758 3730 Victori]
771 3673 811 3722 Ita
823 3689 884 3722 sane
896 3671 1056 3736 distinguunt
1068 3681 1118 3722 tres
1130 3672 1207 3723 codd.
1223 3671 1309 3722 MOV.
1410 3683 1427 3732 9
1433 3678 1482 3735 pro
1488 3672 1571 3734 pleni·

212 3752 314 3813 tudine]
327 3757 369 3815 M;
380 3765 427 3820 pro
432 3757 620 3822 plenitudinem
633 3755 690 3805 OV.
777 3768 807 3804 10
817 3753 915 3815 saltim]
928 3754 970 3812 M;
981 3755 1069 3803 saltem
1079 3754 1135 3804 OV.
1223 3765 1251 3818 15
1261 3752 1409 3817 transferri]
1417 3753 1573 3816 transferens

213 3837 360 3902 Optimum
372 3839 397 3887 in
410 3846 489 3889 textu.
583 3838 884 3902 satietatem]sacietotem
897 3837 1168 3898 M;sonctitatenrOV
1181 3847 1308 3901 corrupte.
1404 3833 1575 3896 18esso]esset

214 3920 272 3970 OV.
373 3933 406 3970 20
416 3921 558 3985 appellatos]
575 3919 638 3978 0V;
655 3919 770 3982 apellant
785 3919 824 3979 M,
841 3926 931 3970 mutat.
952 3918 977 3967 in
994 3920 1110 3982 apellata.
1212 3931 1244 3981 23
1256 3918 1359 3985 plenus]
1377 3918 1439 3980 OV;
1456 3935 1521 3971 corr.
1541 3937 1571 3970 ex

209 4003 296 4066 plenis
307 4003 345 4054 M.
445 4014 476 4067 25
488 4009 672 4051 usasocrro
682 4001 812 4062 Lxxxn]
824 4003 862 4051 Ex
875 4002 950 4052 codd.
966 4001 1076 4052 LMOV.
1471 4005 1474 4012 ·
1608 4015 1609 4018 ¹

260 4155 761 4231 rninlr'broquoqueHebraicarum
775 4153 867 4229 Quae-
919 4153 1018 4228 plures
1033 4149 1227 4228 intellegendi
1243 4162 1321 4222 sunt,
1347 4151 1428 4211 iuxta
1450 4151 1572 4212 hebraei

214 4232 429 4317 sttonum]scil.
448 4235 478 4294 in
499 4236 609 4296 Genes.
629 4255 675 4309 21,
693 4255 751 4312 3⁰3
768 4238 814 4306 26,
829 4254 865 4311 3²
919 4233 1064 4294 sermonis
1079 4231 1313 4309 ambiguitatem,
1329 4251 1391 4309 quo
1416 4246 1447 4294 et
1469 4233 1573 4295 sabba-

215 4337 270 4397 sq;
285 4337 334 4391 41,
352 4335 397 4393 29.
412 4317 519 4389 Locus,
536 4317 579 4377 uti
595 4317 653 4376 iam
666 4315 736 4388 dixi,
748 4317 867 4375 maximi
920 4327 983 4374 tum
999 4313 1183 4392 significatur
1207 4323 1236 4372 et
1259 4314 1377 4388 plures:
1399 4317 1515 4394 dequo
1540 4314 1570 4374 in

215 4400 373 4472 momenti,
403 4417 465 4475 quo
487 4398 559 4458 huic
580 4398 666 4458 seriei
691 4398 866 4458 contionum
922 4397 1139 4456 Hebraicarum
1152 4396 1468 4472 Quaestionumlibro.
1481 4415 1570 4474 quem

215 4502 329 4544 nomen
343 4481 409 4557 ipse
423 4497 511 4538 suum
538 4479 743 4556 Hieronymus
769 4479 869 4538 inscri-
920 4478 951 4536 in
963 4476 1107 4539 Genesim
1124 4477 1305 4554 scripsimus,
1323 4478 1440 4554 plenius
1455 4479 1570 4540 dictum

216 4565 267 4625 bit.
287 4565 360 4624 Huc
374 4563 463 4622 etiarn
481 4562 557 4621 reler
570 4581 649 4638 quae
675 4563 813 4638 leguntur
838 4560 868 4620 in
920 4562 988 4620 est'.

216 4649 389 4709 Comment.
414 4641 482 4702 lsai.
498 4661 570 4719 54,1
588 4643 683 4703 :Sive
695 4655 868 4720 proneptem
