4202 5492
610 427 865 488 vaacravus
889 427 946 486 nn
969 426 1136 489 Psatuo
1159 428 1353 488 Lxxxuu.
1601 433 1656 514 93

298 643 400 706 rimus
415 641 459 705 de
473 641 620 720 historia,
645 651 762 724 postea
788 643 997 708 disseremus.
1027 643 1230 708 Benedixesti
1253 644 1396 709 Domine
1416 655 1538 711 terram
1554 657 1655 712 tnam.

299 745 376 810 Hoc
390 743 540 810 diximus
555 745 598 809 de
614 746 759 810 adventu
781 745 972 811 Salvatoris.
990 746 1093 812 Terra
1108 767 1194 830 quae
1216 758 1251 813 te
1265 747 1460 826 offenderat,
1475 770 1561 834 quae
1584 752 1653 816 ido·

298 849 400 913 latriis
412 849 519 913 luerat
536 849 754 933 inquinata‚te
769 851 925 914 veniente
941 850 1069 914 salvata
1085 860 1143 914 est.
1161 851 1363 919 Benediristi
1376 856 1518 918 Domine
1532 867 1655 920 terram

297 961 396 1018 tuam.
424 954 597 1037 Loquatur
626 963 791 1037 peccator,
822 961 855 1015 et
881 961 999 1035 postea
1028 955 1159 1016 veniam
1185 967 1414 1025 consecutus:
1445 959 1655 1026 Benedixisti

267 1079 280 1133 5
301 1061 444 1126 Domine
468 1072 590 1127 terram
607 1071 711 1128 tuam.
728 1061 823 1126 Licet
850 1061 990 1126 tribulos
1007 1062 1164 1126 adtulerit
1180 1073 1213 1126 et
1230 1062 1352 1144 spinas,
1367 1072 1481 1127 tamen
1505 1074 1656 1130 creatura

297 1174 354 1230 tua
370 1176 429 1242 est,
451 1175 485 1230 et
510 1167 587 1231 ideo
607 1167 738 1230 salvata
764 1174 824 1230 est.
851 1165 1017 1229 Avertisti
1038 1164 1259 1247 captivitatem
1274 1164 1392 1230 Iacob:
1413 1187 1527 1231 eorum
1540 1168 1597 1251 qui
1622 1168 1653 1232 in

298 1271 420 1353 Xpisto
435 1270 656 1336 crediderunt.
671 1269 838 1334 Avertisti
849 1269 1071 1351 captivitatem
1093 1269 1194 1334 Jacob.
1217 1267 1428 1352 Quicumque
1453 1271 1485 1334 in
1510 1271 1655 1354 peccatis

297 1383 355 1450 est,
371 1383 488 1456 captus
504 1384 643 1438 tenetur.
660 1372 835 1438 Remisisti
849 1371 1055 1455 iniquitatem
1064 1372 1170 1454 plebis
1188 1383 1269 1438 tuae.
1300 1372 1377 1438 Non
1406 1383 1540 1458 propter
1553 1394 1655 1458 opera

297 1495 420 1553 eorum,
434 1476 491 1540 sed
508 1488 644 1559 propter
660 1477 919 1541 misericordiam
937 1487 1030 1542 tuam
1046 1476 1180 1542 salvasti
1194 1479 1355 1561 populum
1369 1486 1472 1544 tuum.
1491 1479 1659 1560 Opernisti

251 1601 281 1640 ιο
296 1581 406 1644 omreia
423 1591 552 1662 peccata
567 1601 687 1658 eorum,
703 1592 736 1644 et
753 1599 857 1662 usque
873 1580 914 1643 ad
933 1579 1032 1644 finem
1057 1581 1100 1645 de
1126 1581 1273 1646 adventu
1300 1581 1483 1647 Salvatoris
1507 1581 1656 1665 psalmus

297 1693 355 1760 est,
371 1684 456 1749 sicut
477 1685 559 1748 dixi.
575 1682 807 1747 Misericordia
822 1693 853 1747 et
864 1684 994 1748 veritas.
1019 1683 1250 1749 Verumtamen
1267 1695 1365 1768 prope
1379 1685 1569 1750 timentibus
1583 1707 1655 1750 eurn

296 1788 442 1852 salutare
457 1787 567 1870 ipsius,
583 1797 621 1851 nt
635 1785 793 1850 inhabitet
802 1787 913 1869 gloria
939 1789 973 1852 in
998 1798 1086 1852 terra
1108 1796 1227 1852 nostra.
1244 1789 1334 1852 Vere
1349 1789 1438 1853 enim
1462 1789 1568 1872 gloria
1591 1791 1655 1855 Dei

297 1891 459 1956 habitavit
485 1894 518 1955 in
550 1903 637 1957 terra
662 1904 786 1970 nostra,
804 1903 838 1956 et
864 1893 985 1956 deinde
1002 1892 1133 1956 institia
1156 1892 1195 1956 de
1221 1893 1306 1955 caelo
1325 1893 1498 1974 prospexit.
1523 1893 1656 1958 Etenim

301 1997 462 2062 Dominus
485 1998 578 2062 dabit
604 1997 842 2080 benignitatem.
868 1997 979 2078 Quam
1007 1996 1277 2080 benignitatem?
1309 1997 1412 2062 Terra
1439 2008 1551 2062 nostra
1565 1997 1658 2062 dabit

253 2123 279 2174 ¹5
295 2102 442 2178 fructrrm
468 2123 572 2167 sverm.
600 2103 716 2178 Maria,
743 2112 828 2166 terra
856 2113 978 2176 nostra,
1005 2122 1082 2166 caro
1109 2112 1231 2177 nostra,
1257 2101 1351 2167 dedit
1382 2102 1526 2166 fructum
1551 2123 1657 2169 suum.

298 2208 436 2272 Iustitia
451 2220 525 2272 onte
540 2229 613 2272 enm
626 2206 814 2272 ambulabit.
834 2208 962 2270 lustum
977 2206 1119 2271 fructum
1138 2207 1230 2270 dedit
1247 2216 1332 2270 terra
1348 2207 1451 2288 virgo,

344 2314 420 2378 Hoc
443 2313 575 2377 interim
603 2311 752 2376 diximus
776 2312 959 2375 secundum
983 2309 1164 2375 hostoriam
1179 2333 1185 2375 :
1202 2329 1290 2374 nunc
1305 2311 1456 2375 dicamus
1473 2312 1656 2376 secundum

300 2416 556 2500 trophologiam.
572 2414 749 2479 Remisr'sti
758 2415 964 2497 iniquitatem
976 2414 1079 2495 plebis
1093 2425 1176 2480 tuae.
1193 2415 1304 2479 Nemo
1319 2414 1469 2492 dimittit,
1479 2415 1541 2479 nisi
1564 2416 1655 2499 quod

299 2519 445 2584 debetur.
465 2517 632 2600 Dormistr'
640 2518 750 2582 omnia
759 2527 888 2599 peccata
905 2539 1022 2582 eornm.
1040 2518 1229 2583 Virtutibus
1245 2519 1414 2602 operuisti,
1429 2529 1462 2584 et
1479 2529 1655 2603 propterea

248 2645 282 2682 ao
300 2633 435 2704 peecata
452 2643 518 2688 non
535 2633 662 2705 parent.
677 2623 781 2687 Verbi
798 2643 907 2700 causa,
923 2623 1134 2705 iniquitatem
1151 2625 1310 2705 operuisti
1339 2625 1475 2701 iustitia,
1491 2625 1653 2707 inpudici·

288 2729 379 2804 ,tiam
396 2727 554 2810 operuisti
571 2727 734 2801 castitate,
751 2727 956 2807 nigredinem
978 2727 1137 2808 operuisti
1165 2727 1318 2793 candore.
1341 2727 1518 2811 Mitrgasti
1530 2749 1655 2792 onerem

299 2833 384 2896 iram
394 2842 495 2908 tuam,
509 2830 664 2894 avertisti
675 2829 717 2893 ab
733 2830 785 2892 ira
803 2830 1039 2912 indignationis
1054 2841 1135 2895 trroe.
1151 2830 1305 2895 Converte
1320 2852 1385 2906 nos,
1401 2832 1491 2896 Dens
1509 2831 1655 2895 salutum

299 2945 492 2999 nostrarum.
506 2935 629 2998 Videte
645 2933 725 3014 quid
741 2934 838 2998 dicat.
857 2933 919 3008 Tu,
934 2935 1022 3016 quod
1041 2934 1074 2996 in
1086 2944 1118 2997 te
1135 2933 1340 3011 tuit,aversus
1350 2955 1386 2998 es
1402 2936 1445 3001 ab
1460 2937 1508 3000 ira
1519 2948 1656 3020 propter

298 3040 509 3104 clementiam
527 3049 628 3102 tuam.
648 3037 803 3104 Converte
818 3058 882 3114 nos,
898 3038 997 3101 Dens.
1014 3038 1066 3100 Tu
1094 3058 1228 3102 aversus
1244 3059 1279 3102 es
1295 3040 1339 3104 ab
1355 3039 1411 3116 ira,
1428 3059 1488 3105 nos
1504 3041 1653 3106 avertisti

247 3163 280 3218 ²5
299 3142 484 3224 apeccatis.
502 3141 655 3208 Converte
671 3162 735 3218 nos,
751 3142 842 3205 Deus
855 3142 1000 3205 salntem
1017 3152 1212 3207 nostrarum.
1228 3141 1341 3224 Quare
1354 3164 1420 3208 non
1436 3144 1655 3221 dixit,salutis

299 3254 440 3323 nostrae,
455 3245 523 3323 sed,
538 3246 683 3309 salutum
701 3251 913 3308 nostrarum?
931 3243 967 3309 Si
983 3244 1085 3308 semel
1103 3265 1324 3328 peccaremus,
1340 3267 1407 3310 una
1430 3248 1654 3333 indigeremus

298 3348 414 3414 salute.
430 3348 539 3412 Multa
555 3349 774 3432 peccavimus,
786 3357 963 3431 propterea
979 3350 1093 3414 multis
1109 3349 1298 3432 indigemus
1314 3352 1486 3418 salutibus.
1502 3353 1602 3433 Deus,
1617 3366 1654 3419 tn

297 3473 467 3517 corruersus
492 3451 674 3534 vivificabis
701 3471 765 3514 nos.
794 3451 964 3534 Quamdiu
992 3473 1071 3534 ergo
1095 3454 1138 3517 ad
1167 3472 1227 3517 nos
1250 3454 1417 3520 Dominus
1433 3467 1655 3536 convertatur,

299 3558 420 3622 mortui
436 3577 559 3621 sumus.
578 3556 715 3622 Ostende
731 3554 820 3619 nobr's
831 3557 1238 3622 Dominemisericordiam
1254 3569 1356 3637 tuam,
1368 3569 1399 3622 et
1406 3561 1552 3625 solutore
1563 3571 1656 3626 taum

247 3685 281 3738 30
297 3659 342 3724 da
357 3659 454 3725 nobis.
470 3660 570 3744 Quod
590 3659 745 3724 Salvator
760 3661 942 3739 descendit,
967 3663 1210 3727 misericordiae
1238 3664 1301 3727 Dei
1328 3675 1379 3729 est
1398 3689 1405 3730 :
1422 3685 1488 3730 non
1510 3667 1654 3730 venisset

299 3765 455 3842 medicus,
479 3765 540 3827 nisi
564 3774 777 3847 aegrotarent
804 3765 945 3847 plurimi.
971 3767 1139 3850 Quoniam
1165 3769 1387 3851 aegrotabant
1411 3769 1553 3852 plurimi,
1581 3792 1653 3852 pro·

297 3877 412 3950 pterea
427 3868 519 3932 veuit
531 3868 679 3933 medicus
693 3891 700 3932 :
716 3869 874 3951 quoniam
886 3870 1119 3952 indigebamus
1133 3872 1366 3951 misericordia,
1377 3885 1553 3957 propterea
1563 3875 1654 3938 venit

299 3973 459 4038 Salvator.

332 4153 341 4189 1
354 4141 513 4208 disseremus]
523 4141 631 4192 diceneus
644 4141 668 4210 β.
762 4159 778 4206 4
789 4147 939 4209 consecutus]
951 4145 971 4194 P
982 4145 1040 4195 add.
1053 4146 1128 4197 dicat.
1232 4160 1262 4198 ro
1277 4144 1310 4207 et]
1329 4165 1379 4198 om.
1395 4147 1411 4216 β
1422 4167 1430 4209 3
1448 4157 1566 4215 expunct.
1580 4149 1607 4200 in
1623 4149 1652 4204 P.

295 4223 593 4286 deodvennduesoc.
673 4225 1056 4294 rrdixiJPrm3drtritliCS,
1073 4227 1351 4292 Psup.lin;diximus
1363 4231 1395 4282 G.
1483 4232 1654 4295 r3etder'rrde]

295 4307 387 4357 atinde
398 4307 426 4358 S.
519 4319 548 4367 14
562 4307 654 4369 Quom]
667 4307 684 4357 S
698 4308 771 4357 inser.
782 4307 858 4357 datie.
930 4307 1077 4369 16iustvm]
1091 4315 1177 4359 mutat.
1189 4309 1215 4358 in
1227 4311 1304 4359 istum
1317 4324 1332 4359 2
1345 4327 1378 4360 m.
1392 4312 1412 4362 C
1423 4329 1430 4371 ;
1444 4313 1520 4362 istum
1533 4313 1654 4364 Brevisrii

294 4389 350 4438 cod.
366 4389 485 4438 Nsmurc.
557 4401 584 4450 ιγ
597 4389 722 4450 donimus]
742 4404 791 4437 om.
807 4391 835 4438 C.
941 4389 969 4438 18
980 4389 1059 4453 priori]
1079 4391 1123 4437 cni
1133 4391 1164 4439 G.
1267 4405 1294 4440 21
1310 4394 1477 4455 nigredinem]
1497 4395 1654 4457 nign'rir'nem

296 4469 318 4518 C
333 4481 342 4518 1
357 4485 380 4518 m
393 4487 400 4528 ;
418 4469 575 4533 mgridinem
588 4471 616 4520 P.
693 4484 724 4531 24
736 4471 863 4535 avertisti]
874 4471 1023 4520 avertestiC
1038 4484 1047 4519 1
1063 4487 1086 4519 m
1098 4489 1105 4529 ;
1117 4479 1200 4520 averte
1214 4473 1232 4520 P
1244 4490 1298 4538 sup.
1313 4475 1358 4524 lin.
1437 4472 1632 4544 27Mnlta1fill
1647 4495 1653 4536 ;

295 4551 403 4599 multum
418 4551 481 4601 PSG
492 4571 499 4610 ς
512 4553 600 4600 nerrltr's
612 4553 669 4602 AG.
770 4552 801 4601 28
813 4548 982 4612 convertatur]
993 4553 1059 4602 codd
1069 4571 1077 4613 ;
1089 4568 1138 4602 narr
1150 4557 1305 4604 rorrvertitnr
1317 4553 1341 4624 β.

337 4709 362 4770 5.
378 4699 407 4752 et
418 4689 530 4774 spinas]
545 4695 620 4754 Gen.
636 4713 663 4771 3,
683 4697 727 4755 18.
