4160 5500
472 413 556 516 388
856 435 883 492 s.
910 431 1163 492 ursaonrrur
1188 429 1453 490 tnesaurum

471 651 586 716 Verbo
598 651 736 714 Domini
748 648 831 712 caeli
848 647 969 713 firmati
986 657 1073 726 sunt,
1089 647 1240 711 nominat
1257 643 1364 739 Λόγον,
1381 644 1414 708 id
1431 654 1491 724 est,
1501 645 1651 712 Verbum
1665 648 1830 726 nominat,

471 777 504 830 et
521 765 716 842 Dominum,
736 765 869 829 Patrem
886 771 919 828 et
943 762 1082 828 Filium:
1099 781 1180 845 ergo
1202 761 1289 824 duae
1305 778 1469 842 personae
1484 762 1595 828 dictae
1611 774 1696 830 sunt.
1713 766 1829 832 Verbo

472 870 609 936 Domini
626 870 708 934 caeli
725 869 847 933 firmati
863 879 949 937 sunt.
961 868 1048 933 Aliis
1059 866 1166 931 verbis
1179 866 1243 930 hoc
1258 866 1369 931 dixit:
1386 865 1473 931 Filio
1484 867 1592 932 Patris
1607 869 1691 936 caeli
1705 870 1828 937 firmati

470 985 555 1040 sunt.
568 975 613 1038 Et
624 974 750 1057 Spiritu
768 975 833 1038 oris
851 975 922 1039 eius
938 973 1047 1039 omnis
1065 973 1169 1036 virtus
1185 989 1309 1034 eorum.
1327 970 1420 1053 Ergo
1436 971 1613 1038 manifeste
1625 973 1658 1038 in
1676 975 1740 1040 isto
1755 997 1828 1041 ver-

470 1079 574 1144 siculo
596 1081 844 1145 demonstratur
876 1079 966 1164 quod
996 1080 1095 1143 Pater
1114 1087 1148 1142 et
1175 1077 1280 1142 Filius
1296 1087 1330 1141 et
1352 1075 1498 1158 Spiritus
1512 1086 1647 1142 sanctus
1675 1079 1827 1144 omniurn
1871 1095 1887 1148 5

470 1195 635 1250 creatores
658 1192 743 1251 sunt.
772 1185 894 1250 Omnia
911 1196 975 1268 per
999 1183 1105 1266 ipsum
1122 1183 1322 1264 factasunt.
1349 1180 1385 1246 Si
1401 1200 1483 1264 ergo
1498 1181 1611 1246 omnia
1631 1202 1690 1264 per
1716 1183 1827 1267 ipsum

470 1288 661 1366 factasunt,
690 1309 770 1373 ergo
791 1289 948 1353 exclusus
972 1296 1023 1353 est
1041 1289 1148 1365 Pater,
1175 1285 1334 1350 exclusus
1349 1293 1400 1350 est
1416 1292 1449 1349 et
1466 1283 1610 1364 Spiritus
1626 1295 1771 1364 sanctus,
1793 1297 1828 1353 et

469 1392 558 1458 solus
575 1393 680 1457 Filius
695 1402 854 1477 operatus
867 1399 940 1457 est?
958 1389 1128 1474 Quoniam
1145 1410 1227 1474 ergo
1242 1389 1387 1467 dixerat,
1403 1390 1520 1454 omnia
1537 1410 1596 1472 per
1611 1389 1720 1473 ipsum
1737 1391 1828 1457 sacta

469 1505 556 1573 sunt,
573 1517 614 1560 ne
629 1497 777 1580 Spiritus
793 1498 899 1561 sancti
911 1506 944 1561 et
962 1495 1069 1560 Patris
1079 1495 1212 1559 tolleret
1222 1493 1436 1570 creationem,
1451 1493 1595 1558 adiecit:
1610 1491 1659 1556 Et
1672 1493 1743 1558 sine
1758 1494 1827 1577 ipso

460 1603 655 1682 factumest
678 1601 767 1665 nihil
785 1600 1011 1683 quodfactum
1038 1610 1093 1666 est.
1117 1599 1264 1682 Quando
1286 1598 1416 1676 dicitur,
1439 1596 1510 1662 sine
1535 1597 1608 1680 ipsu
1632 1597 1827 1666 factumest
1853 1619 1888 1657 ιο

471 1704 561 1783 nihil,
574 1706 760 1769 ostenditur
776 1706 865 1789 quod
883 1704 967 1769 alius
984 1704 1106 1783 lecerit,
1133 1703 1191 1767 sed
1209 1702 1298 1786 quod
1316 1702 1387 1768 sine
1403 1703 1468 1768 isto
1485 1703 1565 1768 nibil
1583 1703 1708 1769 fecerit.
1723 1704 1826 1768 Deni-

468 1829 534 1892 que
558 1817 593 1874 et
618 1809 782 1891 sapientia
808 1809 840 1872 in
864 1807 1049 1873 Proverbiis
1065 1808 1146 1892 quid
1163 1805 1446 1890 diciti‘Quando
1469 1811 1690 1890 praeparabat
1707 1809 1829 1888 caelos,

469 1913 604 1978 aderam
618 1913 625 1942 '
641 1923 674 1978 et
690 1923 809 1978 cetera.

512 2018 560 2083 Et
574 2019 644 2083 nr'ta
659 2029 731 2082 erat
744 2019 803 2083 lux
816 2017 994 2096 luminum,
1007 2027 1040 2080 rt
1052 2017 1113 2081 lux
1138 2017 1173 2080 in
1201 2015 1339 2080 tenebris
1353 2017 1443 2096 lucet,
1457 2025 1490 2080 et
1503 2016 1649 2081 tenebrae
1663 2037 1734 2082 eam
1765 2039 1828 2082 uon

467 2119 765 2202 conprehenderunt.
781 2120 988 2186 Generaliter
1014 2120 1151 2203 quidem
1168 2119 1212 2185 de
1229 2121 1401 2184 conditore
1428 2121 1550 2184 dicitur
1566 2121 1649 2196 Deo,
1665 2121 1826 2204 quoniam
1851 2143 1886 2195 rs

468 2241 601 2305 semper
615 2224 700 2288 inter
716 2226 843 2289 medias
860 2232 1026 2290 creaturas
1053 2243 1130 2288 suas
1146 2225 1209 2289 sit:
1225 2234 1258 2289 et
1275 2233 1387 2288 tamen
1411 2231 1560 2288 creatura
1577 2243 1643 2287 non
1662 2222 1826 2306 intellegit

469 2336 648 2392 creatorem
663 2349 768 2394 suum.
782 2328 978 2412 Specialiter
993 2338 1104 2394 autem
1118 2329 1238 2394 dicitur
1253 2329 1296 2394 de
1310 2326 1458 2392 Domino
1472 2325 1654 2403 Salvatore‚
1665 2327 1826 2409 quoniam

468 2429 532 2494 hoc
547 2431 706 2511 Verbum,
722 2434 779 2516 qui
804 2440 874 2496 erat
892 2432 993 2511 Deus,
1009 2441 1043 2496 et
1068 2441 1137 2496 erat
1165 2432 1197 2497 in
1224 2432 1307 2510 Deo,
1330 2440 1417 2495 esset
1441 2431 1542 2495 etiam
1568 2431 1600 2495 in
1627 2431 1762 2509 mundo,
1787 2441 1827 2497 ut

468 2529 592 2598 luceret
608 2531 641 2597 in
658 2535 803 2600 tenebris
823 2533 1020 2600 ludaeorum
1035 2555 1043 2600 :
1059 2545 1094 2600 et
1112 2536 1236 2612 ludaei,
1252 2535 1309 2619 qui
1326 2543 1402 2598 sunt
1419 2533 1586 2612 tenebrae,
1602 2553 1669 2598 non
1686 2553 1825 2617 conpre-

466 2635 652 2703 henderunt
668 2639 782 2704 lucem.
1846 2665 1885 2704 ιο

512 2741 593 2806 Fuit
606 2741 697 2807 homo
713 2743 832 2808 missus
846 2765 868 2807 a
880 2744 957 2810 Deo.
967 2743 1117 2808 Breviter
1132 2744 1173 2808 de
1184 2743 1323 2826 singulis
1339 2741 1489 2807 dicimus.
1500 2742 1578 2807 Fuit
1590 2741 1694 2806 homo
1704 2742 1825 2808 missus

467 2866 485 2908 a
504 2845 587 2913 Deo.
603 2848 727 2912 Videte
752 2847 1009 2932 significantiam
1035 2848 1323 2932 proprietatesque
1346 2847 1533 2913 verborum.
1561 2846 1614 2910 De
1643 2847 1718 2912 Deo
1741 2848 1824 2930 quid

465 2949 609 3016 dicitur?
624 2951 667 3015 de
684 2952 769 3016 Filio
786 2952 850 3016 Dei
866 2952 948 3035 quid
971 2952 1118 3016 dicitur?
1138 2952 1175 3015 ln
1195 2951 1358 3034 principio
1381 2961 1451 3016 erat
1468 2950 1627 3016 Verbum.
1647 2953 1736 3018 Erat.
1753 2952 1824 3037 Qui

466 3061 545 3131 erat,
560 3054 758 3136 principium
788 3075 854 3122 non
880 3054 981 3119 habet
996 3079 1003 3119 :
1020 3055 1076 3138 qui
1104 3065 1184 3133 erat,
1201 3075 1266 3119 non
1292 3055 1356 3120 luit
1382 3055 1517 3137 aliquod
1535 3067 1668 3138 tempus
1684 3058 1823 3141 quando

467 3167 627 3222 nouerat.
646 3158 698 3222 De
716 3158 867 3223 Iohanne
891 3179 977 3235 vero,
993 3158 1069 3224 licet
1095 3169 1229 3224 sanctus
1256 3159 1307 3238 sit,
1324 3160 1400 3224 licet
1416 3169 1449 3225 et
1465 3179 1658 3243 praecursor
1673 3162 1725 3240 sit,
1752 3182 1821 3228 non
1844 3187 1881 3240 ²5

465 3261 594 3339 dicitur,
610 3262 714 3326 Erat:
731 3282 797 3326 non
825 3263 914 3328 enim
942 3272 1013 3327 erat
1040 3273 1220 3346 antequam
1246 3273 1446 3340 nasceretur,
1461 3283 1528 3326 non
1545 3271 1615 3327 erat
1640 3274 1823 3348 antequam

466 3383 659 3447 praecursor
675 3363 776 3440 fieret,
792 3384 859 3430 non
876 3375 946 3431 erat
962 3375 1142 3449 antequam
1158 3365 1388 3447 conciperetur
1404 3367 1436 3430 in
1453 3376 1556 3432 utero.
1572 3365 1702 3432 Audiat
1718 3367 1770 3431 hic
1787 3379 1823 3434 et

465 3467 530 3533 alia
545 3468 698 3534 haeresis.
716 3468 793 3533 Non
819 3470 963 3534 mittitur
989 3470 1044 3534 ille
1068 3470 1125 3554 qul
1152 3478 1232 3547 erat,
1248 3470 1305 3534 sed
1324 3471 1466 3535 mittitur
1487 3479 1520 3535 et
1548 3468 1585 3534 fit
1601 3470 1656 3534 ille
1672 3471 1728 3554 qui
1754 3491 1823 3536 non

464 3579 543 3636 erat
561 3570 650 3655 Quid
668 3571 797 3651 dicitur,
812 3572 875 3638 luit
901 3572 1004 3638 homo
1030 3573 1150 3639 missus
1166 3595 1185 3637 a
1203 3573 1304 3637 Deo?
1321 3573 1443 3639 Videte
1469 3575 1688 3659 proprietates
1702 3577 1823 3641 verbo-

464 3694 545 3740 rum.
561 3675 603 3739 ln
611 3675 773 3759 principio
792 3686 863 3742 erat
885 3677 1033 3755 Verbum,
1048 3688 1079 3742 et
1106 3676 1246 3742 Verbum
1261 3687 1334 3741 erat
1357 3679 1450 3762 apud
1466 3679 1583 3758 Deum,
1597 3689 1630 3745 rt
1645 3680 1736 3745 Deus
1750 3691 1826 3746 erat
1844 3711 1882 3762 30

472 3778 619 3844 Verbum.
636 3781 709 3845 Hoc
721 3792 793 3846 erat
807 3782 842 3845 in
850 3781 1014 3865 principio
1028 3783 1120 3865 apud
1131 3781 1248 3846 Deum.
1261 3781 1419 3865 Legimus
1436 3791 1470 3846 et
1483 3781 1610 3847 litteras
1626 3784 1822 3864 saeculares,

464 3884 605 3967 legimus
622 3884 806 3965 Platonem,
822 3887 963 3969 legimus
990 3897 1117 3952 ceteros
1143 3885 1370 3970 philosophos.
1388 3887 1537 3952 Piscator
1564 3897 1677 3954 noster
1693 3889 1822 3956 invenit

464 3987 552 4069 quod
570 3988 789 4073 philosophus
806 4010 872 4055 non
897 3991 1032 4056 invenit.
1049 3990 1086 4056 Si
1102 3989 1254 4068 dixisset,
1274 3990 1311 4054 ln
1328 3989 1492 4074 principio
1508 4001 1579 4058 erat
1596 3992 1688 4059 Deus
1705 3993 1822 4074 Filius,

498 4185 686 4264 tAo'roulom.
702 4211 729 4262 χ.
831 4193 1009 4259 2Dominunr]
1026 4193 1099 4243 deun
1112 4209 1139 4260 χ.
1244 4206 1274 4242 10
1276 4191 1378 4258 facturn
1397 4200 1442 4262 est]
1453 4209 1503 4245 om.
1520 4211 1547 4264 χ.
1652 4209 1677 4246 11
1691 4198 1824 4262 quodsine

461 4277 516 4338 isto]
529 4279 550 4327 F
561 4293 610 4327 om.
625 4277 705 4342 quod3
724 4293 780 4327 curn
800 4278 829 4328 in
849 4278 895 4328 isto
916 4277 945 4326 L.
1050 4274 1149 4340 18qur']
1169 4275 1253 4334 eodd;
1271 4276 1338 4341 quod
1347 4292 1374 4344 χ.
1476 4291 1504 4327 21
1526 4277 1645 4341 dr'cr'mru]
1664 4279 1776 4330 diceneus
1789 4297 1821 4350 χ.

461 4373 492 4426 ²3
504 4359 581 4420 Erat]
593 4375 643 4410 non
656 4367 734 4426 repet.
750 4376 778 4428 χ.
848 4373 879 4421 24
888 4355 1027 4416 nonhabet]
1036 4373 1087 4406 nou
1097 4357 1194 4407 haberet
1204 4359 1233 4408 F.
1303 4367 1334 4422 ις
1346 4375 1411 4419 veru,
1422 4357 1487 4420 licet]
1496 4361 1552 4410 licet
1562 4376 1618 4410 uere
1627 4376 1654 4428 χ.
1723 4363 1822 4426 31Hoc

460 4438 623 4501 eradiant
636 4442 663 4491 F.

505 4638 548 4695 ¹3·
564 4615 696 4698 aderam]
713 4621 797 4677 Prov.
815 4620 840 4688 8,
859 4635 905 4693 27.
1166 4621 1173 4649 ‘
1189 4618 1339 4677 Iohannes
1354 4615 1490 4691 rusticus,
1506 4617 1643 4696 piscator,
1653 4617 1822 4682 indoctus?

501 4721 546 4777 33.
564 4720 621 4760 non
646 4695 767 4778 innem't]
796 4699 918 4759 Hieron.
946 4717 993 4776 ep.
1021 4716 1068 4776 53,
1092 4719 1110 4772 4
1165 4699 1203 4758 Et
1220 4699 1301 4761 unde
1315 4696 1364 4759 illa
1389 4718 1454 4774 vox,
1470 4699 1605 4775 obsecro,
1621 4703 1661 4761 Iu
1669 4703 1821 4780 priunbio
