4092 5502
466 437 547 520 292
856 436 883 494 S.
902 432 1157 494 HIERONYMI
1174 429 1437 490 PRESBYTERI

509 653 675 717 Dominus
688 649 787 734 erigit
812 650 932 715 allisos.
949 650 994 713 Et
1015 649 1041 712 si
1059 648 1201 724 iacebas,
1225 666 1359 712 securus
1375 655 1448 712 esto
1463 670 1470 710 :
1486 647 1654 713 Dominus
1681 649 1827 733 porrigit

467 775 613 821 manum.
629 753 794 818 Dominus
808 753 922 836 diligit
937 753 1046 816 iustos.
1064 753 1132 816 Res
1147 752 1230 814 duas
1250 752 1369 814 video:
1385 751 1505 833 diligit,
1521 761 1554 816 et
1570 754 1727 820 custodit.
1755 753 1826 837 Qui

466 861 586 943 diligit,
601 860 695 942 quasi
712 879 808 924 suum
825 857 934 940 diligit
950 881 956 922 :
972 857 1029 940 qui
1045 866 1158 920 autem
1176 855 1331 932 custodit,
1346 875 1422 920 eum
1440 857 1595 933 custodit,
1611 859 1667 940 qui
1685 858 1717 921 in
1736 859 1826 942 peri·

467 965 543 1028 culo
559 964 760 1028 constitutus
776 971 834 1025 est.
853 960 1019 1025 Dominus
1035 959 1146 1042 diligit
1162 957 1274 1022 iustos.
1289 957 1501 1041 Quicumque
1517 959 1623 1024 iustus
1635 971 1686 1024 est
1702 971 1736 1026 et
1751 983 1827 1044 per·

467 1068 582 1146 sectus,
597 1068 652 1132 ille
677 1067 826 1149 diligitur
840 1087 848 1144 ;
864 1065 1066 1149 quicumque
1082 1073 1192 1128 autern
1221 1063 1414 1146 peregrinus
1439 1072 1498 1141 est,
1514 1073 1547 1128 et
1571 1085 1638 1129 non
1664 1067 1756 1131 veuit
1782 1066 1826 1131 ad
1863 1081 1875 1133 5

468 1174 662 1238 servitutem
680 1171 827 1246 Domini,
844 1170 897 1233 ille
913 1179 1071 1233 servatur.

511 1276 676 1340 Dominus
699 1274 837 1338 custodit
850 1273 992 1336 odoenus
1003 1271 1186 1354 :pupillum
1202 1279 1233 1333 et
1248 1269 1384 1333 uiduam
1403 1269 1559 1353 suscipiet.
1576 1271 1621 1337 Et
1636 1274 1824 1338 secundum

469 1379 613 1445 litteram
630 1380 775 1462 prodest.
799 1361 968 1458 Pupillum¹
981 1385 1014 1440 et
1030 1376 1165 1439 viduam
1183 1375 1348 1458 suscipiet.
1366 1374 1396 1438 0
1415 1385 1548 1458 martyr,
1564 1377 1621 1458 qui
1638 1379 1761 1441 teneris
1788 1388 1826 1442 ut

469 1499 529 1562 pro
544 1499 598 1543 me
614 1479 733 1543 fundas
750 1477 955 1559 sanguinem,
969 1476 1036 1540 noli
1052 1477 1094 1540 de
1120 1477 1193 1542 filiis
1209 1499 1281 1542 esse
1297 1477 1467 1556 sollicitus,
1484 1479 1551 1544 noli
1567 1480 1609 1544 de
1626 1501 1753 1546 uxore:
1770 1503 1827 1546 me

469 1583 595 1648 habent
611 1592 722 1665 prote.
740 1582 901 1645 Dicamus
917 1589 951 1644 et
966 1581 1150 1647 secundum
1167 1584 1328 1665 spiritum.
1347 1583 1512 1666 Pupillum
1527 1593 1560 1648 et
1572 1585 1707 1649 viduam
1719 1587 1825 1650 susci·
1846 1605 1875 1642 10

469 1691 545 1774 piet.
564 1687 730 1770 Pupillum
759 1687 926 1768 suscipiet,
942 1686 999 1768 qui
1026 1697 1154 1770 patrem
1173 1687 1282 1750 Deum
1309 1687 1498 1769 perdiderat
1526 1707 1584 1769 per
1600 1698 1747 1770 peccata.
1780 1689 1826 1754 Et

468 1795 604 1859 viduam
631 1790 797 1874 suscipiet.
813 1791 972 1868 Viduam,
988 1791 1051 1854 hoc
1076 1803 1137 1869 est,
1153 1810 1225 1854 eam
1252 1790 1409 1868 animam,
1425 1809 1511 1874 quae
1528 1790 1687 1875 Xpistum
1714 1793 1823 1858 virum

468 1898 668 1981 perdiderat.
680 1896 747 1961 Sed
761 1896 836 1960 vide
849 1895 928 1978 quid
939 1895 1038 1960 dicat.
1052 1895 1216 1979 Pupillam
1230 1906 1264 1959 et
1276 1895 1413 1960 viduam
1429 1918 1437 1960 ε
1453 1914 1519 1961 ιιοιι
1533 1897 1631 1974 dixit,
1642 1899 1825 1966 custodiet:

469 2022 535 2066 non
553 2001 649 2078 dixit,
665 2000 807 2064 salvabit
823 2025 829 2064 :
845 1999 913 2077 sed,
929 2001 1096 2083 suscipiet,
1112 2001 1138 2063 si
1163 2009 1346 2063 revertatur
1373 2001 1416 2064 ad
1440 2008 1578 2082 patrem,
1594 2001 1621 2065 si
1648 2002 1765 2068 redeat
1781 2006 1822 2069 ad

470 2105 635 2170 maritum.
652 2105 699 2168 Et
714 2105 803 2169 viam
814 2114 1014 2187 peccatorum
1029 2105 1198 2187 disperdet.
1215 2105 1292 2168 Non
1310 2105 1407 2182 dixit,
1425 2114 1613 2187 peccatores
1630 2107 1824 2190 disperdet:
1845 2123 1872 2176 ¹5

471 2212 655 2276 secundum
680 2212 823 2292 primurn
853 2209 1021 2292 psalmum
1049 2215 1055 2241 ‘
1075 2210 1120 2273 Et
1145 2209 1206 2273 iter
1230 2208 1408 2289 impiorum
1434 2208 1554 2290 peribit
1570 2209 1585 2273 ’.
1603 2209 1639 2275 Si
1656 2210 1820 2278 iustorum

471 2317 525 2379 via
542 2315 683 2397 Xpistus
699 2323 759 2390 est,
774 2322 986 2395 peccatorum
1002 2312 1157 2377 diabolus
1173 2321 1232 2376 est.
1248 2312 1292 2375 Et
1308 2313 1396 2376 viam
1413 2323 1625 2395 peccatorum
1642 2315 1823 2398 disperdet.

470 2417 631 2484 Omnium
649 2437 729 2499 ergo
745 2427 957 2499 peccatorum
985 2417 1038 2479 via
1066 2415 1220 2480 diabolus
1246 2427 1305 2492 est,
1322 2416 1414 2480 illum
1431 2418 1569 2497 perdet:
1585 2429 1733 2483 ceterum
1762 2422 1829 2483 nos'

469 2521 621 2596 salvabit,
636 2521 691 2603 qui
708 2519 919 2583 ambulamus
936 2540 994 2600 per
1010 2539 1094 2597 eam,
1106 2529 1139 2582 et
1156 2519 1327 2583 ambulare
1342 2520 1529 2585 desuemus.

511 2623 676 2707 Regunbit
701 2623 865 2687 Dominus
890 2624 924 2685 in
948 2622 1081 2686 saecula.
1099 2621 1245 2704 Quando
1270 2622 1323 2684 via
1348 2633 1558 2704 peccatorum
1585 2625 1728 2708 perierit,
1744 2639 1822 2693 tunc
1840 2647 1871 2684 20

472 2729 624 2812 regnabit
652 2728 819 2792 Dominus
847 2729 879 2792 in
905 2728 1045 2790 saecula.
1064 2726 1140 2791 Non
1168 2727 1265 2804 dixit,
1283 2727 1315 2790 in
1341 2727 1530 2792 saeculum:
1547 2731 1616 2805 sed,
1632 2733 1664 2794 in
1682 2732 1824 2798 saecula.

470 2832 641 2916 Quamdiu
658 2833 712 2895 via
729 2851 794 2895 non
812 2832 906 2914 perit,
923 2831 1064 2913 Xpistus
1088 2851 1154 2894 non
1173 2839 1290 2914 regnat
1307 2832 1339 2894 in
1356 2832 1452 2895 nobis
1469 2858 1475 2898 :
1491 2836 1650 2917 quamdiu
1667 2837 1721 2899 via
1749 2857 1822 2920 pec·

468 2947 617 3002 catorum
635 2956 701 2999 non
719 2937 813 3018 perit,
830 2936 970 3018 Xpistus
995 2955 1062 2999 non
1090 2945 1206 3016 regnat
1230 2935 1263 2998 in
1281 2936 1384 2999 nobis.
1402 2935 1573 3018 Quamdiu
1590 2941 1691 3021 pedes
1720 2943 1822 3006 nostri

468 3040 643 3104 ambulant
660 3041 692 3102 in
710 3041 763 3103 via
779 3039 913 3116 diaboli,
930 3039 1071 3121 Xpistus
1088 3059 1153 3102 non
1173 3047 1289 3120 regnat
1305 3040 1337 3102 in
1367 3041 1470 3104 nobis.
1490 3042 1618 3106 Irascor
1633 3044 1705 3108 sine
1720 3065 1821 3110 causa

468 3143 561 3208 fratri
579 3163 654 3208 meo
667 3168 673 3208 :
687 3145 719 3206 in
745 3145 797 3208 via
821 3143 945 3208 diaboli
963 3142 1108 3220 ambulo,
1124 3142 1265 3224 Xpistus
1295 3164 1361 3206 non
1390 3155 1507 3228 regnat
1532 3145 1564 3209 in
1592 3167 1653 3212 me.
1672 3147 1821 3212 Detraho
1839 3167 1867 3220 ²5

468 3248 558 3314 fratri
577 3269 671 3312 meo:
688 3249 720 3310 in
739 3249 791 3312 via
807 3247 930 3312 diaboli
947 3245 1093 3322 ambulo,
1107 3247 1247 3327 Xpistus
1264 3267 1330 3311 non
1348 3257 1465 3329 regnat
1482 3250 1513 3312 in
1532 3269 1593 3315 me.
1609 3251 1646 3313 ln
1663 3271 1821 3334 quocum·

468 3372 533 3434 que
558 3362 696 3433 peccato
721 3351 944 3427 ambulavero,
961 3351 992 3413 in
1021 3350 1074 3413 via
1101 3350 1226 3414 diaboli
1252 3351 1397 3428 ambulo,
1415 3353 1556 3435 Xpistus
1573 3373 1637 3417 non
1655 3366 1773 3437 regnat
1789 3357 1819 3418 in

469 3476 529 3519 me.
548 3455 645 3518 Mens
663 3475 737 3519 mea
762 3475 848 3518 vana
864 3463 924 3530 est,
940 3465 973 3518 et
999 3453 1032 3517 in
1062 3453 1192 3516 diversa
1217 3454 1420 3520 distrahitur.
1440 3455 1476 3519 ln
1505 3477 1572 3525 uno
1600 3457 1672 3521 loco
1688 3479 1773 3536 sum,
1788 3471 1820 3524 et

470 3578 563 3622 mens
581 3578 655 3621 mea
672 3579 729 3642 per
742 3568 850 3622 totum
862 3559 976 3622 orbern
994 3567 1143 3640 vagatur.
1159 3557 1308 3638 Angelos
1321 3559 1352 3621 in
1368 3561 1495 3624 mundo
1510 3563 1608 3643 capit,
1620 3581 1713 3644 reges
1723 3563 1822 3645 capit,

469 3663 636 3726 exercitus
653 3664 750 3746 capit,
767 3665 929 3726 mundum
955 3664 1043 3744 capit
1060 3686 1067 3726 ε
1084 3661 1284 3726 monachum
1302 3682 1403 3726 unum
1423 3685 1489 3728 non
1506 3665 1603 3748 capit.
1623 3665 1698 3730 Hoc
1713 3676 1819 3732 totum
1838 3689 1867 3739 30

504 3873 513 3908 ι
527 3861 620 3924 allisos]
633 3861 653 3910 C
670 3873 678 3910 ι
696 3877 718 3908 ιιι
731 3876 738 3918 ;
751 3861 823 3908 nlisos
838 3861 967 3918 B3olisus
978 3861 1000 3908 G
1014 3877 1021 3919 ;
1034 3861 1102 3908 elisos
1116 3857 1139 3925 β,
1155 3859 1175 3908 C
1187 3876 1241 3924 sup.
1256 3859 1299 3908 lin.
1386 3871 1399 3923 5
1412 3859 1464 3923 ille]
1475 3862 1505 3910 ab
1516 3861 1560 3911 illo
1573 3860 1597 3928 β.
1681 3879 1732 3912 uon
1743 3863 1821 3925 uenr't]

467 3943 569 4008 negatio
581 3942 605 3992 in
621 3941 636 4009 β
648 3942 740 3992 omissa
751 3949 797 4002 est,
812 3942 838 3990 in
851 3943 862 3990 1
876 3951 1008 4007 expuncta.
1101 3951 1114 4002 7
1127 3939 1244 4000 advenas]
1255 3943 1377 3991 altuenum
1390 3943 1436 3992 GI.
1529 3942 1660 4008 8prodest]
1668 3945 1778 4009 prodeest
1788 3947 1819 3996 G.

468 4025 576 4089 rreortyr]
588 4041 629 4074 utu
639 4032 685 4072 tur
697 4026 730 4074 G.
823 4037 838 4084 9
846 4031 893 4087 pro
905 4025 1056 4088 rtresundns]
1065 4023 1205 4087 profundus
1218 4025 1249 4072 G.
1346 4035 1373 4070 12
1385 4022 1449 4082 enus]
1460 4039 1510 4073 om.
1526 4026 1558 4074 G.
1652 4037 1661 4073 ι
1666 4035 1680 4088 5
1691 4026 1822 4091 disperdet]

469 4107 484 4174 β
496 4108 570 4157 inser.
584 4107 630 4156 sed.
731 4117 759 4167 17
768 4102 931 4170 peccotormu]
945 4105 960 4171 β
974 4115 1050 4170 repet.
1065 4108 1116 4154 uio.
1216 4101 1345 4168 stipentur]
1356 4106 1477 4168 disperdet
1489 4107 1517 4156 C.
1617 4107 1822 4172 meminimus]

467 4189 531 4238 codd
545 4207 551 4245 ς
564 4189 752 4238 aurtutatamus
765 4187 788 4253 β.
889 4185 1027 4246 ιίιιιιιιιιιιιῖ
1041 4187 1060 4234 B
1073 4204 1079 4246 ς
1098 4186 1235 4234 deridemus
1248 4187 1267 4234 C
1285 4199 1294 4234 1
1310 4203 1350 4241 mr
1370 4188 1538 4235 desideramus
1551 4189 1571 4246 1,
1586 4188 1672 4253 Csup.
1688 4189 1742 4248 tin;
1761 4190 1821 4238 desi·

467 4271 550 4319 vimus
564 4269 587 4337 β.
673 4283 705 4319 20
719 4270 834 4331 Quando]
848 4269 1104 4332 13puoniarnceteri.
1198 4266 1472 4332 29Augelos'jaugrlus
1485 4270 1513 4318 Β.
1605 4271 1635 4319 in
1646 4267 1748 4329 ntumlo]
1761 4271 1822 4328 BC;

468 4353 577 4401 uturulus
590 4351 613 4406 u.
716 4365 748 4414 30
760 4351 882 4400 uerendum
894 4353 974 4415 rapit]
988 4352 1030 4402 BC
1044 4370 1050 4412 5
1062 4369 1112 4402 om.
1129 4353 1152 4420 β.

514 4521 557 4577 16.
568 4514 689 4598 peribit]
703 4519 747 4577 Ps.
768 4537 792 4590 r,
810 4521 836 4576 6.
1173 4521 1308 4578 irascitur
1315 4521 1419 4595 fratri
1430 4541 1480 4580 suo
1493 4523 1554 4582 sim
1569 4541 1664 4596 causo,
1685 4543 1750 4584 reus
1770 4526 1825 4584 erit

511 4596 1119 4680 24.simcaroso]Hieron.contraPelag.2,
1172 4603 1282 4661 iudr'cro.
1316 4602 1398 4662 Licet
1428 4603 1457 4662 in
1488 4604 1634 4681 plerisque
1668 4605 1822 4666 codicibus

440 4701 444 4709 ·
469 4700 484 4757 5
500 4685 507 4710 ⁴
521 4683 558 4740 Et
573 4680 603 4738 in
616 4683 723 4740 eodem
738 4680 892 4758 evangelio
904 4681 1045 4758 legimus:
1061 4681 1125 4758 Qui
1171 4682 1301 4761 antiquis
1311 4685 1372 4744 sine
1380 4703 1467 4745 eausa
1478 4684 1620 4748 additum
1628 4705 1687 4748 non
1699 4687 1736 4748 sit
1748 4689 1755 4715 '
1766 4698 1820 4749 etc.
