4202 5492
448 416 504 519 48
826 441 853 500 s
880 440 1134 501 nmnouviu
1158 439 1422 512 censurium

449 655 613 734 Quoniam
632 656 783 738 cogitatio
798 655 940 721 hominis
954 656 1159 741 confitebitur·
1176 656 1245 721 tibi.
1261 660 1268 686 ‘
1286 653 1407 718 Nullus
1431 639 1481 718 est
1497 656 1586 719 enim
1609 657 1753 721 mundus
1769 657 1800 719 in

443 770 625 842 conspectu
654 759 728 837 Dei,
743 780 804 824 nec
831 761 971 826 siunins
998 761 1133 844 quidem
1150 761 1216 824 diei
1244 759 1342 824 fuerit
1365 759 1432 824 vita
1457 759 1527 824 eius
1544 759 1560 826 ³.
1583 759 1710 825 ‘Astra
1734 781 1800 826 non

446 873 522 928 sunt
540 863 665 926 munda
689 863 722 926 in
738 873 918 948 conspectu
944 866 1009 929 Dei
1025 864 1042 943 ¹,
1066 870 1123 930 ‘et
1145 866 1320 930 adversum
1342 862 1480 946 angelos
1507 883 1585 927 suos
1610 883 1799 947 perversum

447 967 527 1050 quid
544 967 750 1048 excogitavit
766 966 782 1032 '.
810 966 885 1031 Hoc
901 977 1010 1032 toturn
1038 969 1257 1052 quaredico?
1283 965 1453 1049 Quoniam
1471 965 1497 1029 si
1525 975 1615 1030 astra
1631 985 1698 1032 non
1725 975 1802 1032 sunt

449 1071 582 1148 munda,
598 1079 631 1134 ct
647 1070 674 1133 si
691 1071 724 1133 in
741 1071 868 1154 angelis
885 1091 1074 1156 perversum
1092 1072 1268 1150 invenitur,
1282 1078 1410 1154 quanto
1427 1071 1534 1153 magis
1551 1071 1583 1134 in
1599 1069 1803 1153 cogitatione
1839 1097 1852 1150 5

448 1178 644 1242 hominum?
673 1177 740 1243 Ubi
757 1189 835 1242 sunt
851 1177 897 1242 illi
913 1178 969 1261 qui
986 1177 1123 1242 dicunt:
1140 1183 1147 1209 ‘
1165 1177 1298 1241 Recede
1313 1196 1333 1239 a
1350 1194 1404 1239 me
1425 1175 1504 1258 quia
1521 1174 1665 1239 mundus
1680 1194 1755 1240 sum
1771 1176 1804 1242 ‘i

449 1282 580 1347 Cotidie
607 1301 692 1364 quae
720 1283 874 1364 patimur,
898 1282 979 1365 quid
1004 1281 1047 1346 sit
1074 1279 1392 1363 incogitationibus
1423 1279 1554 1358 nostris,
1581 1279 1744 1358 novimus,
1770 1292 1804 1346 et

447 1385 674 1451 erubescimus
689 1387 808 1451 dicere.
823 1385 922 1451 Multi
938 1397 1016 1451 sunt
1032 1385 1088 1469 qui
1104 1405 1207 1469 opera
1223 1384 1311 1449 mala
1328 1404 1394 1448 non
1411 1383 1569 1461 iecerunt,
1581 1382 1637 1446 alii
1653 1392 1732 1448 sunt
1747 1387 1803 1468 qui

451 1509 510 1554 nec
527 1488 628 1552 locuti
644 1497 721 1553 suot
734 1512 742 1553 ι
757 1498 904 1554 ceterum
920 1489 976 1573 qui
994 1489 1027 1553 in
1043 1489 1247 1572 cogitatione
1264 1508 1330 1552 non
1342 1489 1561 1572 peccaverint,
1577 1487 1686 1552 nullus
1699 1488 1804 1556 homi-

450 1613 530 1658 num
547 1594 716 1676 reperitur.
733 1593 912 1676 Propterea
929 1615 1016 1660 nunc
1032 1595 1128 1659 dicit:
1145 1593 1314 1676 Quoniam
1331 1594 1492 1676 cogitatio
1508 1592 1654 1660 hominis
1669 1593 1805 1661 confite·
1827 1621 1856 1660 ro

450 1699 538 1764 bitur
551 1698 620 1762 tibi.

498 1801 662 1866 Terribili.
688 1801 777 1866 Cui?
804 1802 886 1866 Deo.
917 1799 966 1864 Et
989 1801 1021 1864 ei
1042 1801 1103 1884 qui
1129 1801 1244 1882 aufert
1267 1801 1421 1883 spiritum
1437 1803 1636 1886 principum.
1661 1804 1806 1888 Quando

450 1905 630 1970 viderimus
655 1905 784 1987 aliquos
809 1915 974 1989 potentes,
997 1905 1087 1970 verbi
1112 1924 1221 1982 causa,
1246 1906 1472 1988 imperatores,
1496 1907 1690 1989 praefectos,
1716 1918 1750 1971 et
1773 1907 1804 1971 in

451 2008 584 2074 saeculo
601 2009 665 2073 isto
682 2010 820 2074 nimium
837 2019 1000 2093 potentes,
1016 2010 1167 2073 dicamus
1182 2018 1216 2073 et
1233 2029 1293 2073 nos
1308 2011 1351 2074 ad
1367 2010 1491 2074 Deum:
1511 2007 1580 2087 Qui
1588 2011 1701 2090 aufert
1710 2009 1805 2092 spiri-

453 2115 728 2197 comprimorum.
751 2114 912 2197 Spiritum
928 2133 1106 2198 possumus
1130 2113 1221 2178 etde
1239 2115 1351 2178 anima
1376 2114 1494 2192 dicere,
1517 2133 1694 2196 possumus
1716 2116 1807 2179 etde
1828 2144 1857 2197 ις

452 2219 607 2302 superbia
622 2219 739 2283 dicere.
769 2217 1008 2301 Intellegamus
1023 2228 1057 2282 et
1082 2217 1188 2282 aliter.
1206 2216 1275 2296 Qui
1299 2220 1411 2299 aufert
1435 2219 1591 2302 spiritum
1609 2219 1805 2303 principum.

456 2325 625 2405 Principes
640 2323 694 2386 liic
720 2323 954 2406 intellegamus
969 2332 1110 2388 sanctos.
1128 2321 1230 2387 Verbi
1255 2343 1364 2401 causa,
1380 2323 1534 2407 princeps
1558 2323 1619 2388 suit
1636 2323 1806 2402 Salomon,

455 2427 621 2515 principes
637 2426 769 2491 luerunt
786 2436 819 2490 et
834 2428 933 2492 ceteri
950 2427 1066 2504 sancti,
1081 2427 1233 2510 princeps
1250 2426 1310 2492 fuit
1327 2429 1428 2493 etiam
1445 2438 1479 2494 et
1495 2429 1668 2512 apostolus
1686 2430 1806 2494 ludas:

454 2545 487 2598 et
512 2533 670 2615 quoniam
692 2541 922 2614 peccaverunt,
939 2530 1032 2594 Deus
1057 2531 1132 2595 tulit
1153 2531 1197 2595 ab
1224 2532 1272 2596 eis
1289 2533 1442 2615 spiritum
1469 2553 1577 2598 suum.
1594 2533 1705 2598 Nemo
1727 2555 1807 2617 ergo

453 2637 564 2701 dicat:
590 2635 665 2718 Ego
681 2635 857 2718 episcopus
881 2653 965 2712 sum,
981 2653 1045 2716 ego
1072 2633 1244 2718 presbyter
1260 2654 1333 2698 surn
1360 2646 1418 2700 aut
1434 2638 1594 2702 diaconus
1617 2648 1675 2702 aut
1692 2659 1804 2704 mona·
1825 2667 1858 2707 20

453 2741 544 2817 chus,
560 2759 623 2822 ego
646 2739 799 2822 princeps
814 2758 888 2804 sum
905 2739 937 2802 in
959 2739 1024 2801 isto
1039 2737 1172 2801 saeculo
1186 2761 1194 2802 ε
1210 2748 1329 2820 potens
1345 2752 1395 2805 est
1412 2741 1505 2806 Deus
1520 2741 1637 2805 tollere
1652 2741 1805 2824 spiritum

453 2845 649 2930 principum.
666 2844 820 2926 Denique
836 2855 873 2907 ut
901 2843 1014 2907 sciatis
1029 2842 1108 2925 quia
1123 2842 1210 2906 tollit
1234 2844 1328 2908 Deus
1343 2846 1505 2928 spiritum,
1522 2846 1656 2909 recessit
1672 2847 1807 2929 spiritus

453 2950 518 3012 Dei
545 2969 566 3010 a
581 2947 662 3012 Saul
690 2948 806 3026 bonus,
821 2958 855 3012 ct
879 2945 1067 3011 suffocabat
1092 2967 1169 3010 eum
1185 2947 1320 3029 spiritus
1337 2949 1513 3032 malignus.
1537 2947 1715 3031 Sequitur:
1737 2950 1807 3013 ‘Et

453 3051 639 3116 suffocabat
660 3070 737 3115 eum
753 3051 890 3134 spiritus
915 3051 1022 3115 malus
1046 3051 1110 3113 Dei
1126 3051 1133 3076 ¹
1150 3049 1213 3113 hoc
1229 3061 1289 3129 est,
1310 3072 1329 3115 a
1347 3053 1431 3117 Deo.
1448 3051 1539 3134 Ergo
1563 3050 1687 3113 malum
1705 3048 1807 3113 habet

441 3157 605 3239 ‚spiritum
623 3155 742 3218 Deus?
760 3155 1002 3238 Nequaquam:
1029 3156 1087 3219 sed
1105 3154 1181 3219 ideo
1197 3168 1376 3219 recesserat
1393 3156 1495 3230 Deus,
1519 3165 1556 3217 ut
1570 3163 1688 3235 postea
1702 3153 1806 3216 sulio·
1827 3181 1856 3232 ²3

452 3269 542 3324 caret
572 3259 706 3342 spiritus
739 3259 854 3324 malus.
890 3261 1070 3345 Propterea
1096 3259 1232 3342 spiritus
1265 3259 1329 3324 Dei
1360 3260 1480 3323 dicitur
1508 3256 1623 3320 malus.
1652 3256 1807 3340 Denique

452 3375 587 3428 sanctus
602 3364 724 3442 David,
750 3366 858 3428 sciens
873 3365 952 3447 quia
977 3364 1130 3446 spiritum
1148 3363 1280 3428 tolleret
1303 3364 1500 3447 principum,
1524 3368 1619 3444 rogat
1646 3361 1756 3426 Deum
1774 3373 1806 3428 et

452 3470 554 3534 dicit:
569 3479 576 3502 ⁸
593 3469 639 3533 Et
655 3470 808 3553 spiritum
825 3478 978 3533 sanctum
995 3477 1090 3532 tuum
1108 3487 1149 3532 ne
1165 3469 1295 3533 auferas
1311 3489 1330 3531 a
1347 3489 1401 3533 me
1417 3467 1435 3534 '.

501 3572 659 3638 Terribili
671 3575 762 3657 apud
774 3595 863 3658 reges
873 3583 986 3637 terrae.
1003 3572 1049 3635 Et
1064 3574 1247 3638 secundum
1265 3571 1409 3637 litteram
1423 3572 1634 3656 intellegitur.
1651 3571 1806 3637 Ceterum

452 3688 599 3762 praestet
615 3678 707 3742 Deus
723 3689 757 3744 et
772 3681 877 3758 nobis,
894 3690 930 3742 ut
947 3698 1040 3761 reges
1056 3689 1163 3742 terrae
1178 3679 1283 3741 simus
1296 3699 1304 3742 ι
1319 3697 1409 3761 reges
1423 3687 1539 3754 terrae,
1555 3687 1590 3742 ut
1606 3676 1807 3759 imperemus
1826 3703 1857 3756 30

453 3785 543 3848 carui
561 3794 705 3850 nostrae.
722 3783 822 3849 Unde
837 3783 918 3849 dicit
928 3791 963 3847 et
978 3782 1165 3866 apostolus:
1179 3786 1187 3813 ‘
1204 3782 1281 3846 Nou
1300 3792 1416 3866 regnet
1432 3791 1606 3865 peccatum
1624 3781 1656 3844 in
1675 3778 1806 3844 mortali

452 3902 562 3955 vestro
574 3910 712 3974 corpore
727 3890 743 3954 ³.
761 3890 807 3953 Et
824 3889 857 3951 in
875 3889 940 3953 alio
957 3889 1031 3952 loco
1046 3887 1207 3969 scriptum
1229 3896 1298 3951 est:
1314 3891 1321 3917 ‘
1338 3884 1405 3950 Cor
1420 3887 1507 3968 regis
1524 3887 1555 3950 in
1583 3905 1682 3950 manu
1710 3885 1774 3949 Dei
1791 3883 1808 3948 '.

485 4135 555 4172 auec
573 4118 610 4179 si]
630 4123 684 4172 nisi
704 4123 813 4182 beorr.;
832 4123 852 4172 C
871 4138 922 4172 orn.
935 4137 986 4171 nec.
1081 4119 1170 4182 adico]
1184 4121 1244 4179 [ὓς
1263 4121 1322 4170 dixi
1333 4122 1365 4178 Si
1385 4135 1435 4170 orn.
1451 4116 1522 4184 βΒΟ.
1626 4128 1656 4164 10
1674 4110 1808 4180 reperim]

453 4207 596 4271 repperitur
608 4207 660 4256 BC.
764 4217 791 4268 17
805 4202 986 4274 intellegamus]
1003 4207 1169 4270 intellegimus
1181 4203 1228 4274 lib.
1330 4216 1358 4253 21
1365 4210 1453 4268 potens
1464 4196 1509 4259 est]
1520 4205 1600 4266 potest
1612 4199 1642 4252 C.
1743 4202 1809 4262 soei

450 4285 531 4347 nobis]
542 4291 570 4340 in
583 4291 651 4340 nobo
664 4292 691 4342 B.

494 4501 520 4539 c.
536 4481 597 4539 nito
611 4477 684 4561 eries]
698 4480 754 4541 lob
770 4501 813 4554 14,
831 4503 857 4556 4.
872 4501 898 4560 5.
1197 4498 1241 4551 24.
1259 4473 1335 4556 Dei]
1354 4495 1365 4532 1
1386 4477 1459 4551 Reg.
1481 4476 1524 4547 16.
1541 4491 1585 4545 14·
1599 4491 1643 4552 15.

493 4580 520 4636 3.
536 4562 567 4620 iu
582 4561 811 4644 conspectuDoi]
824 4564 893 4625 ibid.
915 4581 959 4642 15,
977 4581 1019 4642 ις.
1199 4563 1243 4618 28.
1261 4579 1279 4617 n
1295 4554 1350 4638 me]
1369 4559 1412 4616 Ps·
1431 4574 1480 4633 50,
1499 4573 1542 4630 ¹3·

492 4662 519 4715 4.
536 4641 717 4726 excogitauit]
728 4645 798 4706 ibid.
815 4666 843 4720 4,
863 4649 905 4708 18.
1198 4663 1242 4719 3²·
1261 4635 1385 4718 corpore]
1401 4641 1491 4702 Rom.
1508 4641 1535 4712 6,
1555 4661 1598 4700 η.

494 4729 520 4784 6.
536 4727 662 4786 oriundus
675 4725 751 4808 sum]
769 4729 807 4790 Is.
831 4733 878 4807 65,
903 4747 918 4808 5
936 4749 994 4791 sec.
1011 4741 1082 4787 Lxx.
1261 4718 1338 4801 Dei]
1357 4723 1439 4781 Prov.
1458 4739 1504 4794 αι,
1525 4743 1549 4781 1.
