4160 5500
558 401 579 464 ii
1099 400 1352 462 PRAEFATIO.

609 574 651 654 4⁰
678 558 809 635 Altera
836 558 951 633 series
977 557 1221 632 Tractatuum
1250 581 1318 631 xtv
1332 558 1368 631 in
1385 557 1553 632 Psalmos
1569 559 1606 632 in
1624 559 1813 635 codicibus
1839 560 1898 634 ita-

557 677 637 754 licis
657 677 898 776 postmodum
918 676 1071 751 inventa
1090 693 1127 750 et
1147 701 1195 750 ex
1215 695 1295 753 toto
1313 676 1436 750 adbuc
1456 677 1608 753 inedita.

611 811 652 891 5⁰
682 797 726 870 ln
761 795 896 869 isaiam
923 795 1122 869 Tractatus
1151 819 1179 866 11
1207 793 1254 867 ab
1282 792 1364 869 aliis
1390 795 1462 869 iam
1494 796 1670 896 evulgati,
1691 821 1789 871 nunc
1817 821 1901 870 vero

561 916 668 990 novis
688 915 784 988 curis
802 914 991 988 emendati
1011 931 1049 988 et
1069 911 1266 989 inlustrati.

609 1040 651 1108 60
681 1034 857 1130 Denique
869 1058 986 1129 pauca
1004 1033 1190 1129 quaedam
1208 1059 1254 1106 ex
1269 1033 1415 1131 graecis
1431 1033 1466 1105 in
1486 1031 1655 1106 Psalmos
1674 1031 1900 1130 fragmentis,

558 1154 696 1250 quibus
720 1151 948 1248 Hieronymi
968 1176 1105 1225 nornen
1124 1151 1342 1247 inscriptum
1362 1168 1431 1225 est.

610 1271 758 1370 Quibus
789 1269 947 1344 testibus
980 1267 1210 1367 singularum
1238 1270 1398 1365 partium
1418 1269 1596 1342 innitatur
1626 1269 1838 1354 auctoritas,
1865 1294 1904 1340 ac

559 1400 718 1489 quorum
747 1387 918 1462 codicum
950 1412 1024 1482 ope
1053 1387 1177 1460 editae
1205 1413 1270 1462 seu
1297 1387 1513 1486 recognitae
1539 1387 1624 1472 sint,
1646 1387 1811 1462 breviter
1837 1386 1903 1459 iam

559 1509 745 1608 explicare
764 1505 895 1604 placet.

640 1849 643 1855 Ι
676 1789 801 1838 Eorum
822 1789 1003 1840 auotoritas
1024 1789 1152 1840 interno
1172 1789 1360 1838 charactere
1379 1788 1573 1850 idoneisque
1591 1788 1791 1840 testimoniis

1121 1887 1344 1946 comprobata.

614 2052 663 2123 ii.
694 2047 808 2146 Quod
857 2051 1008 2147 quidem
1036 2051 1084 2123 ad
1118 2073 1226 2146 Lvrrrt
1264 2051 1407 2147 priores
1439 2054 1486 2124 de
1521 2049 1678 2125 Psalmis
1707 2048 1904 2124 Tractatus

559 2168 711 2254 adtinet,
734 2168 757 2240 ii
777 2168 944 2263 proiecto
961 2167 1033 2242 hoc
1051 2169 1133 2264 ipso
1152 2170 1199 2243 ab
1219 2186 1415 2243 emunctae
1432 2169 1529 2242 naris
1543 2166 1756 2242 hominibus
1776 2167 1901 2266 genui·

558 2311 627 2360 nus
668 2285 891 2383 Hieronymi
929 2286 1024 2361 setus
1061 2287 1141 2360 sine
1161 2313 1298 2386 magno
1333 2287 1462 2361 labore
1506 2303 1770 2384 agnoscentur,
1810 2283 1903 2384 quod

559 2405 722 2479 universi
742 2407 777 2478 in
806 2406 869 2479 diu
898 2404 1069 2505 neglecta
1097 2407 1265 2480 codicum
1293 2406 1429 2480 familia
1449 2405 1498 2506 (Ι)
1527 2407 1661 2504 reperti
1691 2425 1791 2490 sunt,
1813 2428 1904 2502 quae

559 2522 621 2596 iiia
652 2525 778 2597 omnia
810 2544 848 2597 et
876 2524 956 2598 sola
984 2552 1030 2599 ex
1061 2525 1279 2623 apocrypho
1312 2525 1505 2600 Breviario
1533 2524 1842 2622 comprehendat,
1871 2523 1902 2592 in

558 2642 694 2739 quibus
714 2643 864 2740 propria
887 2642 1174 2740 Hieronymiani
1194 2642 1335 2741 ingenii
1356 2669 1453 2734 vena
1473 2643 1545 2716 iam
1565 2642 1653 2716 oiim
1680 2638 1903 2716 doctissimis

557 2759 737 2834 viris'vel
769 2761 866 2834 inter
895 2776 954 2833 tot
982 2781 1281 2835 assumentorum
1314 2787 1458 2856 pannos
1478 2751 1580 2834 vvere
1605 2781 1643 2834 et
1669 2779 1802 2856 aperte
1826 2782 1903 2830 sese

553 2878 770 2952 ostenderat
789 2875 845 2976 (²).
880 2873 968 2972 Quo
993 2877 1092 2952 enim
1119 2878 1191 2953 aiio
1223 2896 1333 2975 pacto
1361 2903 1419 2952 res
1467 2879 1635 2977 expediri
1665 2878 1795 2974 possit,
1814 2874 1903 2950 haud

555 2995 666 3090 plane
711 2995 851 3069 video:
894 2997 1112 3092 praesertim
1157 3023 1241 3070 curn
1284 3019 1327 3070 et‘
1363 2997 1505 3094 antiqui
1552 2995 1690 3071 librarii
1735 2995 1903 3092 pleniori·

556 3114 626 3187 bus
651 3114 686 3185 in
713 3130 832 3186 totum
859 3112 1089 3187 Psalterium
1121 3114 1411 3189 Commentariis
1443 3115 1679 3212 potissimum
1708 3113 1899 3196 inhiarent,

557 3250 594 3330 et
626 3255 721 3327 quae
752 3257 774 3302 a
800 3231 1130 3330 pseudepigrapho
1152 3232 1345 3307 Breviario
1367 3233 1490 3307 aliena
1515 3233 1552 3307 in
1574 3233 1781 3332 praedictis
1800 3255 1901 3308 nvrrn

557 3348 797 3423 Tractatibus
815 3347 1000 3447 leguntur,
1022 3375 1077 3433 ea,
1106 3351 1158 3424 uti
1186 3351 1383 3424 evidenter
1410 3352 1622 3426 ostendisse
1642 3351 1805 3438 confido,
1826 3377 1900 3426 eant

556 3465 720 3564 speciem
753 3465 926 3552 reserant,
947 3493 1044 3564 quae
1073 3470 1271 3542 manifeste
1307 3468 1596 3566 Hieronymum,
1631 3489 1669 3543 et
1699 3471 1802 3546 hunc
1836 3472 1900 3549 tin

556 3603 744 3658 conventu
774 3583 966 3663 fratrum»
994 3585 1306 3660 Bethlehemitico
1333 3586 1381 3661 de
1408 3587 1611 3683 Scripturis
1641 3589 1902 3686 disputantem.

556 3723 698 3801 arguat.

544 3846 549 3872 t
607 3815 785 3895 Ceterum
806 3837 921 3892 testes
941 3818 1122 3892 habemus
1141 3821 1295 3893 ornnino
1315 3821 1481 3910 idoneos,
1499 3825 1631 3898 saltem
1647 3850 1714 3923 pro
1733 3842 1902 3923 quattuor
2014 3917 2015 3922 ἵ

555 3938 741 4037 prioribus
760 3963 803 4011 ac
823 3937 1030 4033 praecipuis
1051 3956 1275 4011 tractatuum
1295 3940 1489 4015 ordinibus
1507 3969 1514 4028 ;
1534 3941 1851 4042 quorumsinguli
1871 3941 1902 4011 in

556 4059 720 4132 medium
740 4076 828 4129 sunt
847 4055 1080 4151 producendi
1101 4056 1164 4152 (3).
1737 4083 1739 4088 ·

590 4327 611 4402 i.
632 4352 792 4415 Quamquam
805 4351 855 4399 iam
872 4349 933 4398 oiim
953 4348 1062 4398 librariis
1077 4357 1139 4398 nota
1156 4357 1219 4410 erat,
1242 4359 1267 4400 et
1284 4352 1416 4416 evulgato
1433 4351 1459 4404 in
1478 4352 1627 4403 Psnlterium
1645 4351 1772 4416 integrum
1785 4347 1904 4400 breviario

555 4425 635 4491 probe
647 4424 769 4476 distincta
779 4443 787 4484 ;
799 4423 867 4488 quod
880 4424 983 4487 pianum
996 4422 1090 4472 iaciunt
1106 4424 1220 4487 Catairgr'
1231 4424 1436 4478 bibliothecarum
1448 4428 1554 4491 antr'qrtr'
1563 4443 1605 4491 tp.
1623 4427 1655 4478 G.
1667 4425 1773 4486 Becker,
1785 4427 1811 4485 ὁ,
1821 4437 1902 4488 73-74;

555 4498 980 4636 8'i⁶*i:i.3ii‹›312t1iniii,rie{d9ro1um
994 4579 1012 4630 t,
1027 4571 1084 4636 ΠΙ,Ι
1096 4583 1117 4630 t,
1133 4573 1240 4630 Praeiat.
1256 4589 1280 4632 ι).
1298 4587 1308 4624 t
1322 4590 1378 4638 sqq.

593 4660 615 4711 3.
631 4647 732 4698 Omitto
743 4647 890 4706 Aicuinum,
904 4646 1006 4694 Fiorurn
1020 4643 1223 4708 Lugdunensem,
1237 4664 1267 4700 nc
1278 4657 1375 4700 ceteros
1388 4658 1472 4702 aetate
1486 4649 1625 4704 interiores.
