4202 5492
459 387 515 470 88
835 411 862 469 s.
889 410 1142 471 urunouvur
1166 409 1430 470 PRESBYTERI

497 629 629 692 Etenim
639 637 756 710 passer
780 627 906 690 invertit
920 627 985 691 sibi
999 626 1142 704 domum,
1156 637 1188 690 et
1203 637 1317 691 turtur
1330 626 1445 691 aidum
1460 627 1526 691 sibi
1542 627 1599 692 ubi
1607 629 1819 710 ponatpullos

457 754 538 798 suos.
567 732 705 797 Interim
734 731 929 813 simpliciter
956 731 1219 814 interpretemur.
1248 731 1372 795 Videte
1402 728 1482 813 quid
1513 730 1613 796 dicat.
1645 730 1818 809 Desidero,

461 837 615 914 Domine,
635 847 771 900 aeterna
787 836 1001 900 tabernacula
1017 847 1094 901 tua:
1122 837 1327 918 concupiscit
1354 845 1387 900 et
1411 833 1522 898 delicit
1545 835 1657 898 anima
1686 855 1760 900 mea
1784 837 1815 899 in

460 943 543 1005 atria
560 939 720 1005 Domini:
738 940 849 1004 sedern
878 939 1023 1023 aliquam
1049 951 1082 1003 et
1110 939 1261 1003 nidulum
1289 939 1421 1002 animae
1438 957 1531 1002 meae
1547 950 1581 1003 et
1596 941 1724 1021 corpori
1743 961 1817 1003 meo

461 1046 582 1109 habere
605 1044 764 1108 desidero.
782 1043 874 1107 Aves
891 1065 977 1126 quae
993 1044 1094 1108 libere
1110 1043 1174 1106 huc
1191 1054 1291 1125 atque
1308 1042 1384 1106 illuc
1402 1051 1574 1124 vagantur,
1591 1052 1704 1106 tamen
1729 1052 1816 1124 post·
1854 1059 1867 1114 5

460 1170 560 1232 quam
578 1147 770 1226 volaverint,
782 1148 908 1212 habent
925 1149 1033 1212 locurn
1051 1159 1084 1211 et
1106 1147 1237 1211 nidulos
1254 1148 1310 1211 ubi
1321 1148 1530 1230 requiescant
1546 1173 1553 1212 :
1567 1158 1695 1230 quanto
1714 1147 1817 1228 magis

461 1256 575 1318 anima
590 1263 624 1317 et
640 1273 717 1316 caro
735 1272 808 1314 mea
825 1253 925 1316 debet
941 1253 1002 1315 sibi
1031 1253 1140 1315 locum
1166 1271 1375 1335 praeparare,
1390 1251 1445 1314 ubi
1464 1235 1568 1332 possit
1586 1252 1789 1335 requiescere
1805 1257 1818 1314 i

466 1359 564 1422 Nunc
581 1356 705 1440 aliquid
731 1356 830 1420 altius
855 1358 1084 1420 ascendamus.
1101 1361 1107 1388 ‘
1128 1357 1166 1418 ln
1186 1355 1334 1419 Domino
1349 1355 1484 1418 conlido
1499 1380 1506 1420 :
1522 1359 1693 1438 quomodo
1709 1357 1818 1421 dicitis

462 1463 593 1525 animae
622 1480 725 1538 meae,
740 1459 957 1542 Transmigra
978 1459 1010 1522 in
1037 1468 1168 1523 montes
1194 1459 1280 1522 sicut
1305 1459 1463 1540 passer?'
1482 1460 1602 1524 Videte
1627 1479 1716 1542 ergo,
1741 1455 1818 1542 quia

464 1585 563 1629 nemo
577 1565 794 1645 transmigrat
810 1563 842 1626 in
872 1555 1012 1639 montes,
1029 1562 1090 1626 nisi
1114 1564 1171 1645 qui
1189 1581 1302 1644 passer
1324 1572 1383 1628 est.
1411 1562 1458 1625 Et
1478 1571 1591 1624 turtur
1608 1561 1723 1625 nidum
1747 1561 1818 1624 sibi.
1841 1584 1871 1621 ro

464 1666 534 1731 Ista
549 1677 600 1730 est
616 1675 733 1744 turtur,
749 1667 791 1730 de
808 1687 872 1749 qua
888 1667 968 1730 dicit
981 1668 1012 1728 in
1031 1665 1172 1730 Cantico
1189 1667 1395 1730 canticorum
1413 1691 1420 1730 :
1435 1664 1537 1728 ‘Vox
1551 1661 1687 1728 turturis
1704 1665 1818 1728 audita

462 1771 561 1835 estin
589 1779 676 1834 terra
696 1779 809 1834 nostra
821 1770 836 1833 '.
856 1770 887 1833 T
884 1781 984 1834 artur
1010 1771 1124 1834 irritam
1139 1772 1212 1836 sibi.
1227 1771 1352 1836 Turtur
1371 1771 1495 1835 animal
1517 1771 1692 1847 castitatis,
1712 1780 1818 1836 turtur

463 1897 530 1942 non
543 1875 717 1941 habitatin
734 1876 984 1954 humilibus‚sed
998 1897 1129 1959 semper
1146 1876 1225 1940 iacit
1242 1877 1337 1940 nidos
1350 1876 1412 1938 sibi
1428 1876 1460 1938 in
1477 1873 1620 1938 excelsis
1637 1875 1819 1938 arboribus.

465 1983 559 2048 Sicut
575 2003 655 2066 ergo
678 2001 791 2064 passer
806 1991 840 2047 et
855 1991 963 2046 turtur
987 2001 1065 2045 aves
1088 1981 1295 2045 castissimae
1312 1981 1408 2044 nidos
1429 1979 1490 2042 sibi
1513 1980 1545 2042 in
1573 1978 1820 2043 sublimioribus

466 2088 599 2167 iaciunt,
615 2087 661 2150 sic
678 2107 757 2169 ergo
773 2087 987 2151 tabernacula
1004 2097 1038 2150 et
1054 2087 1138 2150 atria
1158 2096 1192 2150 et
1213 2087 1334 2150 domus
1358 2107 1422 2152 non
1450 2100 1527 2152 sunt
1553 2090 1584 2152 in
1611 2089 1728 2153 humili
1758 2091 1819 2153 ista
1843 2105 1870 2159 ις

466 2201 562 2270 terra,
578 2191 634 2254 sed
653 2191 685 2254 in
703 2190 846 2267 excelso,
862 2189 925 2253 lroc
950 2199 1000 2252 est
1026 2191 1058 2252 in
1084 2189 1194 2272 regnis
1219 2190 1396 2254 caelorum.
1424 2192 1577 2275 Denique
1605 2193 1714 2257 videte
1741 2193 1820 2275 quid

465 2297 562 2361 dicat.
579 2295 677 2359 Beati
689 2295 750 2378 qui
761 2293 914 2358 habitant
928 2293 962 2356 in
978 2294 1069 2358 darno
1085 2304 1151 2358 tua.
1169 2295 1207 2357 In
1226 2295 1440 2359 tabernaculo
1456 2316 1522 2360 nou
1540 2297 1739 2374 habitamus,
1761 2297 1819 2361 sed

465 2401 719 2483 peregrinamur.
739 2399 783 2462 Et
799 2399 832 2460 in
848 2398 933 2462 atrio
948 2399 1108 2479 quamdiu
1125 2417 1248 2475 sumus,
1265 2419 1330 2461 non
1347 2399 1546 2476 habitamus,
1559 2400 1616 2464 sed
1634 2401 1821 2483 peregrina·

465 2524 561 2568 mur:
587 2505 630 2568 de
657 2503 748 2566 atriis
765 2503 854 2566 enirn
883 2501 1061 2565 transimus
1089 2503 1120 2563 in
1146 2502 1296 2566 domurn.
1322 2503 1406 2568 Cum
1436 2513 1546 2566 autern
1576 2504 1763 2566 venerimus
1786 2504 1818 2567 in

463 2608 611 2684 domum,
628 2607 707 2691 quid
724 2607 870 2670 dicitur?
886 2605 984 2668 Beati
996 2606 1056 2686 qai
1067 2605 1219 2668 habitant
1234 2606 1268 2669 in
1281 2607 1373 2670 domo
1389 2617 1456 2672 trra.
1474 2608 1613 2685 Domus,
1624 2627 1709 2690 quae
1720 2608 1819 2672 habet
1840 2627 1873 2664 20

466 2713 720 2777 lundamentum
738 2736 743 2776 :
759 2711 917 2794 quoniam
930 2711 973 2772 de
989 2710 1092 2773 domo
1107 2709 1203 2773 nobis
1220 2711 1312 2774 exire
1329 2732 1394 2775 non
1413 2711 1499 2788 licet,
1516 2713 1557 2774 de
1575 2711 1667 2774 atriis
1683 2711 1768 2775 licet.

507 2818 629 2882 Beatus
643 2817 701 2880 vir
712 2815 805 2879 cuius
813 2823 861 2878 est
874 2814 1039 2878 araxilium
1054 2815 1112 2879 abs
1123 2824 1160 2877 te.
1175 2815 1246 2877 Nos
1262 2815 1397 2898 quidem
1422 2814 1650 2879 desideramus
1668 2814 1820 2880 taberna-

464 2922 539 2986 cula
554 2931 588 2986 et
604 2923 688 2986 atria
704 2931 737 2984 et
753 2921 890 2984 domum
908 2927 1016 2983 tuam:
1033 2922 1090 2983 sed
1108 2919 1172 2982 hoc
1188 2919 1296 3000 ipsum
1312 2931 1346 2982 ut
1364 2939 1481 3001 capere
1499 2919 1675 3001 possimus,
1688 2939 1754 2981 non
1771 2926 1821 2982 est

465 3026 595 3091 virtutis
611 3034 752 3098 nostrae,
768 3024 825 3086 sed
852 3021 968 3085 auxilii
995 3023 1052 3085 tui.
1079 3022 1288 3085 Ascensiones
1314 3022 1348 3084 in
1373 3023 1464 3085 corde
1487 3043 1544 3084 suo
1566 3021 1731 3103 disposuit.
1755 3021 1819 3103 Qui

464 3131 629 3212 disposuit
659 3127 869 3192 ascensiones
900 3126 931 3187 in
964 3126 1064 3189 corde
1094 3127 1181 3189 suo?
1212 3126 1335 3189 Beatus
1362 3127 1411 3190 vir
1435 3127 1528 3189 cuius
1555 3137 1604 3190 est
1621 3125 1871 3208 auxiliuma23

466 3234 635 3298 Domino:
650 3232 704 3296 ille
720 3232 884 3315 disposuit
902 3231 1112 3294 ascensiones
1129 3231 1162 3293 in
1179 3233 1279 3294 corde
1295 3250 1365 3296 suo.
1383 3231 1595 3314 Quicumque
1610 3241 1745 3294 sanctus
1762 3239 1822 3306 est,

465 3337 587 3402 cotidie
603 3337 636 3399 in
648 3338 757 3418 priora
773 3337 1013 3412 extenditur,et
1030 3336 1281 3418 praeteritorum
1298 3335 1509 3401 obliviscitur.
1519 3338 1695 3420 Propterea
1708 3337 1822 3400 dicun·

465 3452 519 3506 tur
538 3451 572 3506 ct
597 3441 641 3503 in
657 3441 818 3504 Psalterio
843 3440 961 3522 psalmi
986 3441 1149 3522 graduum
1177 3439 1378 3521 quindecim,
1395 3449 1428 3502 et
1454 3443 1579 3521 primus
1604 3441 1726 3504 dicitur
1747 3440 1820 3502 ‘Ad

467 3546 651 3609 Dominum
676 3565 751 3608 cum
780 3544 954 3608 tribularer
979 3545 1120 3608 clamavi
1132 3545 1147 3608 ’.
1167 3545 1211 3608 Et
1227 3545 1260 3606 in
1277 3545 1424 3607 secundo
1439 3549 1447 3576 ‘
1462 3545 1586 3609 Levavi
1599 3544 1713 3608 oculos
1731 3565 1821 3609 meos

465 3650 507 3712 ad
525 3658 666 3726 montes,
682 3648 770 3711 unde
787 3649 895 3711 veniet
912 3649 1074 3712 auxilium
1093 3649 1172 3711 mihi
1189 3649 1205 3714 ¹.
1221 3650 1263 3712 Et
1280 3650 1312 3712 iu
1331 3649 1447 3713 tertio‘
1461 3649 1621 3713 Laetatus
1634 3669 1707 3712 sum
1725 3649 1757 3712 in
1772 3649 1821 3711 his
1840 3678 1872 3728 30

502 3832 511 3870 ι
525 3819 584 3880 sibi]
596 3835 646 3869 om.
660 3819 693 3869 G.
758 3819 847 3883 portat]
866 3827 969 3883 reponat
982 3819 1041 3887 lll’z
1055 3836 1087 3869 rn.
1102 3821 1134 3872 G.
1208 3822 1370 3884 stridulum]
1381 3822 1481 3872 nidulos
1494 3823 1511 3872 S
1523 3840 1530 3880 ;
1543 3821 1648 3870 aridolus
1659 3821 1692 3871 G.
1765 3833 1781 3883 9
1793 3821 1822 3868 in

466 3901 569 3964 orontes]
578 3901 607 3950 irs
617 3907 697 3963 suante
707 3901 757 3952 SG.
830 3914 860 3950 ιο
867 3901 930 3962 stat]
941 3917 991 3951 orn.
1003 3891 1044 3960 G';
1055 3904 1072 3953 S
1082 3903 1140 3952 add.
1152 3905 1264 3953 conlocat.
1337 3916 1362 3952 ιι
1373 3904 1477 3964 cantico]
1488 3902 1525 3970 βΡ
1535 3922 1542 3963 ;
1554 3904 1651 3954 cantica
1665 3903 1690 3952 H
1701 3921 1709 3963 ;
1720 3903 1823 3952 conticis

466 3983 541 4044 Clcl.
555 3999 630 4048 supra
642 3999 667 4050 p.
681 3983 721 4044 87,
736 3984 751 4033 l.
770 3985 817 4044 11).
900 3983 929 4032 16
940 3984 1039 4046 excelso]
1050 3987 1143 4034 excelsa
1156 3986 1181 4035 S.
1262 3999 1361 4051 22·pag.
1376 4001 1427 4051 seq.
1443 3987 1459 4036 l.
1475 3997 1488 4047 7
1503 3987 1532 4036 Iu
1544 3986 1661 4036 omnibus
1673 3986 1747 4036 codd.
1762 3985 1822 4034 haec

466 4063 542 4114 verba
551 4071 607 4128 post
619 4063 758 4128 expositam
771 4064 874 4112 alteram
887 4063 1002 4114 versiculi
1014 4073 1109 4128 partem
1120 4065 1159 4124 (iu
1169 4065 1234 4115 valle
1278 4068 1375 4130 posuit)
1392 4068 1536 4128 reiciuntur,
1550 4069 1695 4133 perturbato
1706 4067 1823 4119 videlicet

466 4147 553 4197 ordine
563 4145 686 4196 sciderum
699 4145 725 4194 in
735 4146 879 4210 archetypo.
971 4159 1001 4210 ²3
1015 4143 1056 4210 ut]¹
1064 4149 1130 4211 quod
1139 4148 1170 4196 G.
1258 4149 1532 4214 possiruus]possumus
1545 4152 1579 4201 G.
1670 4164 1701 4212 24
1713 4138 1823 4199 auxilii]

466 4229 558 4279 ausilii
569 4229 599 4280 C.
699 4229 764 4290 Qui]
776 4230 834 4293 quis
846 4225 870 4294 β.
967 4239 997 4292 25
1010 4230 1091 4291 cuius]
1103 4231 1146 4278 cui
1156 4231 1211 4280 AC.
1308 4231 1339 4282 28
1352 4233 1495 4297 reprimas]
1515 4242 1538 4282 rt
1549 4235 1578 4283 in
1585 4233 1671 4298 primo
1683 4247 1697 4282 2
1710 4249 1743 4282 m.
1757 4248 1820 4283 corr.

466 4327 496 4360 ex
508 4311 634 4375 erprr'mr's
646 4309 676 4359 C.
778 4321 810 4372 3ο
820 4311 866 4372 at]
879 4311 907 4359 in
922 4307 965 4378 βὸ.
1066 4312 1158 4374 vear'rt]
1170 4314 1256 4362 veniat
1268 4313 1299 4364 G.

507 4441 658 4524 9-passer]
674 4445 720 4503 Ps.
738 4463 782 4515 10,
801 4465 826 4502 2.
1170 4445 1371 4522 pudicissima,
1387 4465 1503 4525 semper
1518 4445 1654 4507 habitans
1679 4445 1709 4508 in
1736 4445 1822 4506 subli-

513 4545 554 4584 η.
573 4520 683 4605 nostra]
700 4527 785 4586 Oant.
805 4545 830 4596 a,
849 4545 892 4584 12.
1169 4527 1267 4588 mibus
1282 4531 1295 4588 ⁵,

575 4607 692 4665 Turtur
702 4607 820 4665 animal
827 4607 967 4665 castitatis
976 4603 1046 4688 etc]
1061 4609 1118 4667 Ad·
1212 4629 1256 4685 29.
1273 4606 1415 4690 clamavi]
1432 4613 1477 4670 Ps.
1498 4629 1562 4686 119,
1582 4629 1604 4668 r.

468 4707 540 4748 vers.
569 4687 663 4748 lovin.
690 4689 708 4748 l.
728 4707 752 4760 1,
780 4707 806 4747 n.
835 4707 873 4764 30
900 4689 1032 4748 ‘Turtur
1057 4689 1118 4748 avis
1212 4711 1258 4767 30.
1275 4687 1364 4771 arr'tri]
1384 4693 1427 4751 Ps.
1448 4711 1512 4765 120,
1534 4711 1556 4751 r.
1624 4725 1630 4732 ·
