4112 5496
203 425 301 508 xxvn]
537 428 908 492 COMMENTARIOLI
939 432 985 491 IN
1017 432 1214 493 PSALMOS.
1503 431 1556 516 37

204 643 454 753 parentibus
469 656 757 757 contemptus
772 674 798 729 a
812 647 1006 731 Domino
1026 647 1186 732 electus
1205 661 1272 733 est
1287 673 1361 759 per
1376 649 1559 733 Samue-

202 783 296 867 lem.
322 784 375 866 In
396 809 627 869 commune
660 813 774 889 ver0‚
813 797 1040 897 parentum
1062 785 1105 870 in
1128 786 1241 872 filios
1270 812 1392 870 arnor
1422 797 1558 870 morte

202 919 374 1005 finitur:
414 921 494 1006 Dei
528 951 652 1008 amor
685 923 835 1009 crescit
869 924 913 1008 in
947 937 1148 1038 tempore.
1172 928 1241 1009 Et
1276 925 1462 1009 mentita
1493 929 1560 1010 est

202 1057 417 1170 turnultus
447 1060 540 1147 sibi.
565 1064 718 1148 Testes
757 1057 961 1178 flagitiosi
982 1065 1027 1148 in
1048 1091 1110 1166 e0‚
1133 1064 1250 1178 quod
1272 1077 1419 1149 contra
1448 1063 1557 1150 alios

169 1199 481 1306 mentiuntur,
505 1203 586 1287 sibi
619 1205 899 1306 mentiuntur,
937 1202 1042 1288 dum
1065 1204 1109 1288 in
1131 1233 1178 1290 se
1198 1205 1409 1316 supplicia
1438 1234 1557 1318 prae-

199 1350 361 1450 parant,
386 1352 587 1453 putantes
610 1343 754 1427 Deum
776 1371 863 1428 non
885 1343 1102 1427 vindicare
1124 1343 1355 1429 mendacin

781 1655 977 1738 XXVII.

251 1938 323 2020 Et
342 1935 628 2020 adsimilabor
644 1935 994 2020 descendentibus
1012 1935 1058 2020 in
1079 1937 1233 2021 lacum.
1260 1937 1401 2022 Lacus
1422 1933 1559 2047 signi-

195 2077 296 2162 ficat
328 2076 557 2176 infernum,
581 2074 723 2160 locum
758 2068 955 2160 videlicet
989 2099 1139 2160 eorum
1161 2077 1235 2187 qui
1259 2075 1340 2160 sub
1360 2074 1559 2162 custodia

152 2258 179 2296 ιο
194 2217 448 2302 retinentur.
474 2214 535 2298 Et
555 2213 658 2298 alibi
680 2213 904 2300 scribitur:
929 2220 937 2253 ‘
963 2214 1118 2325 Usque
1133 2215 1188 2298 ad
1205 2215 1431 2325 captivam,
1448 2241 1557 2326 quae

193 2367 285 2441 erat
308 2354 353 2439 in
375 2355 468 2439 lacu
491 2353 511 2438 ’.
535 2356 611 2436 Do
631 2353 722 2437 illis
740 2352 974 2438 secundum
992 2358 1123 2463 opera
1143 2381 1234 2438 sua.
1260 2355 1376 2462 Quia
1401 2365 1442 2438 te
1470 2381 1556 2444 non

194 2493 456 2607 intellegunt
488 2521 563 2604 per
601 2493 818 2596 beneficia,
841 2493 1093 2605 intellegant
1126 2521 1200 2605 per
1231 2495 1456 2580 cruciatus,
1489 2496 1559 2584 Et

194 2634 397 2744 refloruit
430 2659 532 2718 caro
563 2661 668 2718 neca.
697 2634 782 2717 Pro
814 2655 955 2734 carne·
975 2632 1249 2718 Theodotion
1274 2642 1282 2674 ‘
1304 2661 1377 2718 cor
1397 2634 1405 2664 ’
1428 2635 1557 2722 interss·

193 2784 391 2886 prelatus
422 2784 499 2857 est.
534 2773 698 2858 Aliter:
732 2773 892 2884 quippe
926 2772 1276 2856 consurreximus
1309 2773 1482 2883 Xpisto‚
1515 2785 1557 2886 et

150 2949 176 3001 rs
192 2909 247 2994 de
269 2911 581 2995 resurrectione
601 2910 781 2996 dicitur:
806 2919 815 2952 ⁴
834 2913 949 2996 Ossa
960 2921 1164 2993 vestraut
1178 2909 1309 2994 herba
1324 2909 1518 2995 orientur
1534 2912 1552 2994 '.

191 3051 262 3134 Et
271 3055 501 3161 protector
531 3049 801 3134 salutarium
829 3048 974 3159 xpc'sti
1004 3046 1078 3132 sui
1094 3053 1168 3132 est.
1204 3047 1480 3160 Quicumque
1511 3048 1555 3131 in

192 3189 360 3302 Xpisto
379 3188 625 3301 baptizatus
644 3201 721 3290 est,
740 3201 781 3271 et
802 3188 894 3298 ipse
913 3186 1084 3298 xpistus
1104 3197 1300 3270 vocatur.'
1319 3183 1555 3272 Sciendum

191 3342 355 3431 autem,
391 3327 508 3439 quod
543 3339 586 3411 et
622 3327 704 3411 iste
738 3326 945 3438 psalmus,
982 3337 1158 3437 excepta
1192 3351 1279 3408 una
1315 3325 1468 3426 littera,
1511 3325 1555 3408 in

192 3467 393 3553 hebraeis
431 3464 731 3551 voluminibus
766 3464 951 3576 scriptus
992 3465 1049 3548 sit
1089 3463 1329 3548 secundum
1360 3464 1556 3548 ordinem

147 3606 450 3692 alitterarum.

223 3815 519 3886 fiuindr'cmfflrlllffi
551 3815 742 3866 cincinnorum
755 3815 784 3866 C.
853 3812 1243 3882 9r'nsernum]E(2m.lAMll;
1277 3813 1555 3876 inserunrllltrn.)C.

192 3917 220 3954 tt
237 3903 322 3966 Quen]
336 3902 390 3963 Qui
400 3897 426 3968 β.
528 3911 557 3948 12
569 3899 726 3962 r'ntellegant]
745 3898 766 3949 C
782 3899 842 3950 edd.
855 3905 885 3948 te.
990 3910 1020 3959 14
1029 3897 1129 3962 quippe]
1147 3905 1203 3962 post
1220 3897 1424 3946 consumsimus
1441 3897 1511 3948 reicit
1524 3897 1554 3950 C.

232 4065 261 4124 8.
272 4055 689 4140 Lacussrgnnficatr'njernnm]
701 4058 846 4136 Hierony·
899 4056 1041 4119 memoria
1064 4055 1172 4117 fallitur
1195 4057 1408 4132 Hieronymus,
1436 4066 1487 4116 aut
1513 4056 1552 4130 id,

191 4163 259 4204 mus
274 4141 307 4203 in
325 4143 433 4204 Erech.
449 4161 474 4202 c.
492 4161 529 4218 3²
545 4140 664 4220 (Migne
688 4158 735 4218 25,
755 4143 847 4220 329):
899 4141 982 4217 quod
1007 4140 1045 4199 de
1068 4139 1184 4216 psalmo
1199 4155 1276 4196 xxiv
1290 4137 1455 4199 dicendum
1482 4147 1552 4210 erat,

193 4223 314 4302 ‘Quod
334 4234 435 4285 autern
457 4224 539 4284 lacus
560 4231 684 4282 vocetur
705 4219 847 4294 internus,
899 4222 938 4281 ad
966 4219 1141 4280 vicesimum
1173 4218 1335 4296 septimum
1367 4217 1553 4280 librariorum

191 4304 354 4384 perspicue
379 4306 510 4382 psalmus
532 4303 581 4365 ille
601 4304 795 4376 demonstrat,
818 4301 847 4363 in
900 4319 997 4362 errore
1011 4301 1192 4361 subductum
1204 4312 1256 4360 est.
1270 4301 1411 4362 Celerum
1424 4297 1551 4360 nonsibi

192 4407 255 4464 quo
284 4386 442 4464 paenitens
470 4385 626 4462 loquitur:
654 4383 850 4444 Adsrirrr'latus
900 4381 963 4461 ipse
978 4381 1047 4442 satis
1062 4392 1179 4442 constat
1193 4384 1221 4442 S.
1241 4384 1362 4454 Doctor‚
1379 4382 1452 4440 dum
1478 4381 1552 4457 psal·

192 4488 256 4528 sum
270 4487 336 4527 cum
351 4468 398 4528 tis
410 4468 465 4544 qui
474 4466 646 4528 descendunt
668 4466 699 4526 ἐκ
723 4467 818 4526 lacum
831 4468 846 4525 '.
901 4483 974 4538 mos,
991 4482 1067 4541 quos
1082 4475 1189 4523 vocant
1200 4461 1392 4534 acrostichos,
1406 4472 1551 4524 recenset.

238 4569 284 4610 ro.
308 4546 396 4630 alibi]
414 4550 508 4609 Exod.
530 4569 573 4620 η,
592 4568 639 4624 29.
900 4547 946 4609 Cl.
954 4556 1015 4606 not.
1027 4543 1177 4608 editorum
1188 4564 1233 4622 ap.
1249 4541 1353 4620 Migne
1364 4545 1410 4616 28,
1422 4543 1479 4602 col.
1491 4545 1550 4619 596

237 4649 284 4708 ¹5·
307 4626 428 4710 dicitnr]
445 4632 547 4699 1266,
567 4649 611 4702 14·
900 4640 929 4689 et
942 4631 1027 4702 1206,
1034 4645 1152 4689 necnon
1161 4624 1549 4702 ipsummetHieronymum

238 4733 284 4789 ¹9·
297 4711 451 4771 secundum
459 4711 588 4771 ordinem
596 4706 777 4790 litterarum]
789 4713 849 4772 Aut
900 4709 975 4770 inira
988 4709 1019 4770 in
1035 4706 1291 4772 Commentariolo
1306 4704 1411 4783 psalmi
1425 4721 1474 4766 cx.
