4092 5502
577 417 832 500 tractatus
856 415 913 492 uu
934 431 1103 493 assumo
1124 417 1302 494 cxxxnt.
1538 423 1617 524 ²55

264 661 446 744 Quomodo
467 658 584 723 victuri
600 675 715 722 sumus
739 652 772 717 in
789 652 853 729 die,
868 650 931 714 hoc
948 659 998 716 est
1014 649 1048 714 in
1064 647 1176 715 futuro
1191 652 1334 731 saeculo,
1360 654 1406 717 sic
1424 674 1510 720 nunc
1528 658 1617 722 viva-

264 785 347 828 mus
364 763 405 827 Ire
431 762 575 827 noctr'bus
588 759 727 826 extollite
741 776 860 840 marrus
885 763 1013 818 vertras
1039 753 1074 818 in
1100 765 1221 822 sancta.
1237 755 1389 821 Velimus
1414 758 1568 839 nolimus,
1583 762 1617 825 in

266 867 419 932 noctibus
435 886 570 930 sumus:
585 862 745 948 quamdiu
762 861 795 924 in
812 860 877 924 isto
892 857 1025 922 saeculo
1040 877 1165 938 sumus,
1181 859 1213 923 in
1231 861 1384 925 noctibus
1400 881 1523 928 sumus.
1535 865 1617 928 Nox

264 973 419 1037 tenebras
433 969 549 1035 habet:
561 978 676 1033 noctes
692 975 804 1031 autem
816 963 952 1028 istarum
964 962 1174 1028 tenebrarum
1193 973 1330 1047 peccata
1345 975 1423 1030 sunt
1434 967 1618 1034 hominum.

227 1103 241 1153 5
264 1075 388 1141 Videte
403 1095 484 1158 ergo
508 1075 588 1157 quid
615 1070 776 1149 dicatio
805 1066 959 1132 noctibus
986 1066 1139 1132 extollite
1157 1087 1275 1133 manus
1300 1079 1426 1135 vestras
1442 1071 1475 1136 in
1493 1083 1616 1139 sancta.

266 1179 368 1257 Dum,
382 1179 499 1263 inquit,
513 1178 593 1243 estis
608 1177 642 1240 in
659 1177 724 1241 isto
749 1171 882 1237 saeculo
897 1181 931 1235 et
946 1170 1025 1234 estis
1046 1171 1078 1235 in
1107 1172 1270 1249 noctibus,
1286 1173 1392 1240 levate
1418 1195 1537 1241 manus
1562 1199 1616 1242 ve-

265 1294 359 1348 stras.
370 1283 483 1346 Nolite
495 1282 682 1358 demittere,
691 1280 748 1343 sed
763 1278 870 1341 levate
885 1301 891 1340 ι
908 1275 1015 1340 levate
1025 1295 1100 1340 cum
1113 1276 1241 1361 Moyse.
1252 1278 1288 1343 Si
1299 1277 1486 1344 levaveritis
1499 1302 1618 1347 manus

265 1400 400 1465 vestras,
414 1386 556 1452 vincitur
571 1381 737 1450 Amalech
753 1381 802 1446 :si
825 1387 938 1442 autem
961 1379 1169 1458 demiseritis,
1185 1391 1359 1466 superatur
1376 1383 1477 1450 Iesus.
1494 1385 1615 1452 Simul-

265 1512 330 1577 que
344 1490 552 1556 considerate
577 1487 783 1572 mysterium.
799 1483 835 1550 Si
853 1503 913 1548 nos
930 1483 1078 1549 levamus
1095 1503 1222 1564 manus,
1238 1486 1341 1553 vincit
1357 1489 1459 1552 Iesus.
1476 1490 1512 1555 Si
1530 1490 1616 1556 leva·

210 1631 244 1668 ro
264 1598 409 1660 verimus
425 1613 544 1658 manus
560 1603 690 1658 nostras
705 1591 738 1656 in
756 1589 852 1654 bonis
867 1588 1031 1672 operibus,
1048 1609 1106 1672 per
1121 1589 1210 1655 bona
1226 1610 1328 1674 opera
1346 1605 1458 1658 nostra
1475 1594 1616 1679 Xpistus

264 1709 399 1784 superat
413 1696 596 1764 diabolum.
613 1696 734 1760 Manus
751 1703 862 1760 autem
880 1693 1139 1776 interpretantur
1155 1695 1187 1758 in
1204 1695 1368 1778 operibus.
1387 1698 1489 1763 Unde
1505 1701 1616 1766 scribi-

265 1813 340 1869 tur:
358 1803 480 1867 Factus
500 1811 552 1865 est
567 1820 676 1864 sermo
693 1797 831 1862 Domini
847 1797 880 1860 in
908 1814 1010 1860 manu
1027 1795 1168 1879 Aggaei,
1185 1796 1303 1862 Sermo
1319 1799 1376 1882 qui
1393 1798 1501 1865 factus
1516 1811 1567 1868 est
1584 1803 1615 1866 in

265 1927 365 1972 manu
384 1905 575 1970 Hieremiae
601 1902 791 1987 prophetae.
810 1901 936 1984 Utique
960 1919 1068 1964 sermo
1085 1901 1223 1965 Domini
1244 1921 1310 1966 non
1328 1901 1364 1967 fit
1381 1905 1414 1967 in
1432 1925 1542 1985 manu,
1558 1908 1616 1973 sed

265 2013 298 2077 in
315 2031 371 2075 ore
388 2010 432 2074 fit.
450 2007 518 2074 Sed
534 2008 645 2072 videte
661 2007 842 2089 scripturae
862 2003 1030 2087 mysteria.
1047 2003 1141 2069 Deus
1169 2024 1234 2069 non
1252 2005 1343 2072 venit
1358 2007 1402 2071 ad
1419 2029 1618 2090 sermonem,

210 2149 243 2201 ¹5
265 2116 327 2180 nisi
343 2115 386 2180 ad
402 2133 503 2196 opera
519 2111 616 2176 bona.
629 2109 785 2176 Ceterum
796 2120 830 2174 et
841 2107 1010 2173 homicida
1025 2107 1185 2192 Xpistum
1202 2108 1388 2190 confitetur,
1399 2123 1433 2176 et
1446 2132 1512 2178 non
1525 2118 1616 2182 venit

264 2221 306 2284 ad
324 2219 416 2283 illum
434 2217 611 2293 Dominus,
626 2215 703 2298 quia
732 2234 850 2278 manus
874 2212 976 2296 ipsius
993 2212 1131 2276 Domini
1148 2212 1329 2278 adventum
1356 2235 1423 2280 non
1441 2228 1617 2288 merentur.

264 2324 369 2390 Unda
383 2322 544 2405 scripturn
572 2327 623 2384 est
638 2319 672 2382 in
688 2318 754 2382 alio
770 2317 844 2382 loco
859 2343 866 2382 ε
882 2322 889 2348 ·
909 2317 947 2382 lu
977 2335 1078 2381 manu
1103 2317 1237 2400 linguae
1254 2339 1343 2390 mors
1358 2329 1392 2384 et
1408 2320 1476 2386 vita
1492 2321 1508 2386 ’.
1526 2323 1617 2408 Ergo

264 2427 378 2510 lingua
394 2443 513 2490 manus
528 2423 656 2486 habet?
672 2421 793 2500 Dicite,
806 2440 909 2504 quare
924 2419 1105 2497 dicitur,1n
1120 2442 1220 2486 manu
1238 2422 1370 2506 linguae
1387 2444 1476 2490 mors
1486 2436 1520 2491 et
1531 2429 1618 2494 vita?

263 2531 387 2596 Videte
413 2528 493 2612 quid
521 2528 619 2593 dicat.
636 2526 729 2590 Deus
753 2545 820 2589 non
837 2525 931 2590 audit
957 2523 1117 2607 linguam,
1132 2545 1198 2589 non
1226 2527 1335 2604 verba,
1350 2530 1407 2593 sed
1435 2550 1556 2613 opera:
1582 2544 1618 2598 ut

205 2677 244 2714 ,ο
262 2635 466 2720 quicumque
481 2631 606 2714 aliquid
623 2630 777 2714 loquitur,
787 2639 821 2696 et
836 2629 945 2696 iaciat.
962 2629 1166 2712 Praecipitur
1182 2650 1262 2714 ergo
1277 2632 1373 2696 nobis
1390 2633 1618 2704 innovissimo

263 2741 395 2826 psalmo
409 2738 585 2823 graduum,
603 2737 641 2802 In
663 2737 816 2802 noctibus
845 2735 998 2802 extollite
1015 2754 1133 2800 manus
1148 2747 1276 2802 vestras
1292 2737 1325 2801 in
1341 2750 1465 2804 sancta.
1483 2741 1618 2822 Levate,

263 2846 382 2929 inquit,
398 2863 516 2910 manus
542 2851 675 2920 vestras,
691 2843 769 2924 quia
789 2851 823 2906 et
842 2841 935 2905 lesus
961 2860 1018 2904 eas
1042 2839 1164 2905 levavit
1180 2841 1213 2906 in
1230 2861 1335 2910 cruce.
1350 2842 1392 2906 In
1409 2844 1551 2909 noctibus
1565 2867 1617 2910 er-

264 2952 366 3017 tollite
380 2969 498 3014 manus
519 2956 644 3012 vestras
659 2945 693 3010 in
708 2956 830 3012 sancta.
847 2946 959 3030 Quare
975 2945 1080 3010 voluit
1094 2947 1226 3023 addere,
1242 2955 1276 3011 et
1291 2947 1409 3027 dicere,
1427 2949 1465 3014 In
1481 2957 1617 3016 sancta?

263 3057 311 3121 Et
327 3055 483 3121 haeretici
499 3054 654 3118 videntur
670 3052 778 3117 levare
796 3071 923 3129 manus,
938 3061 972 3114 et
987 3050 1130 3134 gentiles
1146 3051 1301 3117 videntur
1316 3053 1424 3118 levare
1441 3073 1568 3134 manus,
1583 3068 1618 3122 ct

206 3201 243 3255 ²5
265 3161 383 3228 Iudaei
399 3159 553 3223 videntur
568 3159 678 3223 levare
698 3176 824 3221 manus.
842 3156 983 3221 Faciunt
998 3156 1088 3219 enim
1105 3167 1138 3221 et
1155 3158 1217 3240 ipsi
1233 3158 1432 3225 elemosinas
1448 3185 1455 3226 :
1471 3163 1499 3225 si
1526 3164 1616 3229 vide-

263 3273 331 3336 rint
345 3285 537 3351 pauperem,
553 3282 688 3330 manum
712 3263 893 3346 porrigunt
910 3261 1057 3345 Quando
1074 3262 1218 3327 Iudaeus
1244 3264 1373 3330 dederit
1388 3265 1616 3350 elemosinam,

264 3393 376 3442 nonne
391 3371 452 3436 tibi
468 3371 600 3435 videtur
615 3369 724 3433 levare
745 3367 905 3432 manum?
923 3367 1029 3430 Levat
1044 3367 1180 3450 quidem
1197 3388 1343 3447 manum,
1359 3372 1417 3436 sed
1445 3391 1510 3436 non
1528 3373 1617 3438 levat

267 3482 301 3546 iu
318 3487 444 3564 sancta,
468 3475 547 3559 quia
562 3472 723 3557 Xpistum
751 3493 817 3538 nou
845 3469 1031 3536 confitetur.
1051 3473 1121 3538 Vos
1147 3485 1260 3538 autem
1286 3477 1342 3558 qui
1368 3477 1448 3540 estis
1464 3475 1497 3542 in
1514 3479 1617 3544 domo

265 3583 415 3659 Domini,
429 3582 487 3664 qui
503 3579 599 3644 statis
615 3578 648 3641 in
665 3580 768 3642 domo
785 3575 933 3655 Domini,
948 3577 981 3639 in
998 3577 1090 3640 atriis
1105 3578 1225 3642 domus
1242 3579 1306 3642 Dei
1324 3579 1449 3644 nostri:
1469 3582 1526 3664 qui
1538 3583 1618 3646 estis

299 3772 309 3808 t
323 3755 368 3816 ric]
379 3755 404 3803 si
414 3753 443 3802 C.
520 3745 647 3807 vivamus]
660 3750 680 3798 B
691 3749 749 3798 add.
764 3750 793 3798 in
805 3756 871 3798 nocte
881 3765 889 3808 5
901 3748 922 3798 C
934 3748 992 3798 add.
1007 3749 1147 3797 insaecula.
1225 3763 1239 3798 2
1255 3751 1364 3799 Velr'mus
1374 3751 1494 3817 ttulimus]
1507 3753 1620 3802 volumus

263 3841 394 3890 noluemus
404 3835 438 3885 G.
538 3833 554 3882 6
565 3839 588 3881 et
598 3832 656 3880 estis
668 3831 708 3891 in]
724 3838 748 3879 et
760 3833 788 3880 in
801 3830 856 3880 istis
869 3829 893 3898 β.
994 3829 1145 3888 8vinritur5
1161 3831 1276 3879 virilitur
1289 3832 1309 3880 B
1320 3848 1327 3892 5
1344 3833 1492 3884 vinceturC
1505 3850 1558 3899 sup.
1573 3835 1617 3884 lin.

262 3919 408 3988 superatur]
427 3916 554 3982 ruperailr'
563 3929 618 3979 sup.
634 3914 736 3974 lin.)tur
747 3915 776 3964 C.
872 3925 897 3962 tt
919 3909 1057 3972 diabolum]
1075 3914 1200 3962 diatutom
1213 3915 1234 3963 C
1245 3929 1308 3964 corr.
1409 3917 1619 3981 interpretantur]

264 4007 447 4068 interpretatur
457 3999 490 4049 G.
589 4009 617 4046 12
628 3994 684 4062 qui]
692 4013 742 4046 om.
764 3995 788 4064 β.
886 4006 914 4059 15
927 3997 979 4046 nisi
990 3997 1103 4061 adoperta
1114 3998 1186 4059 bona]
1199 3998 1243 4047 BG
1254 4015 1261 4056 5
1273 3999 1387 4048 sedada.
1399 4000 1420 4049 b.
1435 4001 1456 4050 C
1468 4018 1475 4059 5
1487 4001 1541 4050 siue
1551 4009 1620 4068 opere

264 4089 324 4138 bono
334 4085 358 4153 β
462 4094 491 4144 19
502 4088 532 4130 ut
542 4075 701 4146 quicumque]
713 4087 844 4143 utrumque
856 4080 876 4129 C
888 4095 951 4129 corr.

309 4239 353 4299 15
370 4217 508 4294 adoperti
529 4209 616 4294 iona]
643 4211 792 4272 Hieron'
786 4231 815 4272 tn
841 4215 914 4305 Agg.
968 4233 1025 4291 gne
1050 4235 1096 4292 23,
1129 4235 1204 4292 1099
1228 4215 1302 4294 A)‘
1318 4217 1543 4280 Manuscrebro
1566 4236 1619 4294 pro

269 4325 292 4377 1,
312 4324 324 4362 1
338 4299 405 4360 ‘Fit
429 4308 529 4358 autem
554 4309 676 4356 veroum
700 4293 862 4354 Domini..
886 4295 916 4354 in
968 4296 1108 4374 operibus
1123 4310 1318 4374 accipiuntur
1334 4297 1409 4357 sicut
1425 4296 1476 4358 ibi:
1499 4299 1618 4357 Verbum

266 4403 356 4445 manu
371 4379 483 4458 aggaei
498 4378 669 4470 prophetae,
698 4375 751 4454 qui
774 4375 853 4436 bona
870 4377 917 4436 ha·
969 4379 1096 4438 Douri'm
1103 4379 1180 4456 quod
1178 4378 1294 4454 sactum
1302 4381 1368 4438 est
1353 4399 1385 4438 m
1395 4399 1484 4438 uranu
1498 4381 1617 4457 Aggaei,

266 4467 354 4528 bebat
369 4480 469 4540 opera,
484 4471 513 4520 et
535 4460 566 4518 in
591 4459 677 4518 cuius
701 4457 786 4519 factis
801 4469 917 4536 poterat
969 4460 1112 4522 siveillius
1123 4463 1167 4520 vel
1180 4460 1538 4555 huiusprophetae,quod
1549 4461 1619 4521 talia

270 4550 325 4610 Dei
341 4562 439 4606 sermo
453 4543 647 4620 requiescere.
670 4543 764 4601 Porro
789 4539 839 4601 ubi
857 4560 917 4601 ma·
968 4560 1059 4618 opera
1079 4541 1209 4620 gesserit,
1227 4554 1258 4602 ut
1279 4541 1388 4620 dignus
1410 4543 1571 4618 exsisteret,
1586 4541 1617 4603 in

266 4649 323 4690 nus
350 4623 494 4704 sanguine
521 4625 628 4701 plenae
656 4637 772 4695 sunt...
791 4621 831 4682 ibi
855 4641 915 4684 non
967 4641 1052 4684 curus
1062 4641 1154 4702 opere
1168 4623 1250 4684 fieret
1272 4641 1370 4686 sermo
1384 4624 1534 4688 Domini'.

267 4701 1413 4788 firsermoDeret05inEccte.4‚5(Mi-15ervsra]1>rov18,21.
