4158 5492
618 431 873 496 sancturus
896 433 953 492 nn
978 435 1144 498 rsntuo
1169 435 1296 496 rrxvn.
1412 391 1415 398 ’
1579 409 1628 514 4'1

277 653 386 734 guina
398 651 566 735 Quoniam
584 671 642 734 pes
659 650 762 734 ipsius
778 651 937 715 intinctus
950 653 1043 717 estin
1056 655 1218 736 sauguine
1230 673 1298 717 suo.
1315 655 1322 682 ‘
1337 649 1495 714 Torcular
1510 647 1636 714 calcavi

283 754 380 830 solus,
396 762 430 818 et
445 753 489 817 de
504 753 660 834 gentibus
676 753 725 816 vir
741 773 807 818 non
825 753 886 819 suit
903 776 1033 820 mecum
1050 757 1067 823 '.
1084 758 1130 822 Et
1146 738 1264 822 iterum
1280 782 1286 821 :
1301 761 1309 790 ⁶
1326 755 1410 838 Quis
1425 763 1476 817 est
1492 755 1563 831 iste,
1579 754 1636 837 qui

283 857 432 922 ascendit
448 877 493 919 ex
511 856 649 920 Edom?
676 856 800 921 fulvida
820 860 1019 925 vestimenta
1035 860 1106 944 eJ'us
1123 883 1167 926 ex
1184 862 1289 942 Bosor
1305 859 1320 923 '.
1338 857 1449 922 Edom
1477 857 1636 940 interpre-

284 972 372 1026 tatur
387 961 533 1044 sanguis,
558 961 664 1025 Bosor
680 961 780 1027 c'aro:
807 963 916 1046 ipsum
933 965 1099 1048 significat
1128 967 1311 1032 Dominum
1339 973 1489 1028 nostruin
1510 961 1635 1026 crucifi·
1689 995 1692 1002 .

242 1083 267 1136 -5
285 1087 376 1131 xum.
385 1066 520 1148 Lingua
534 1085 651 1128 carerem
668 1074 798 1128 tuorum
809 1087 850 1128 ex
863 1049 1008 1133 ine'rru'cis
1022 1070 1063 1134 ab
1079 1071 1153 1154 ipso.
1167 1071 1275 1136 Canes
1288 1069 1369 1132 dicit
1381 1067 1472 1152 ipsos
1484 1066 1638 1142 Iudaeos,

286 1172 340 1255 qui
356 1171 606 1234 clamaverunt:
630 1173 637 1201 ⁸
654 1168 828 1251 Crucifige,
843 1170 998 1255 crucifige
1014 1173 1138 1240 talem:
1165 1196 1225 1239 nos
1250 1193 1316 1237 non
1335 1171 1498 1236 habemus
1515 1191 1637 1254 regem,

286 1276 346 1340 nisi
365 1274 542 1340 Caesarem
558 1273 575 1338 ’.
590 1272 647 1336 Ex
661 1271 806 1337 inimicis
820 1284 932 1338 autern
948 1299 955 1337 :
972 1277 1127 1343 submissi
1143 1301 1163 1344 a
1179 1277 1399 1346 daemonibus
1416 1296 1537 1360 negare
1564 1274 1636 1341 Sal·

287 1390 444 1458 vatotem,
459 1387 492 1443 et
508 1376 740 1459 blasphemare
756 1396 840 1441 eum.
857 1377 986 1446 Aliter:
1002 1383 1160 1466 quoniam
1174 1383 1245 1466 ipse
1258 1392 1315 1446 tua
1331 1380 1504 1446 voluntate
1517 1379 1637 1444 venisti

286 1494 318 1546 et
334 1500 451 1565 passus
466 1501 511 1558 es,
527 1489 560 1544 et
573 1491 630 1545 tua
647 1479 818 1546 voluntate
833 1480 1012 1548 crucifixus
1028 1506 1062 1549 es
1079 1507 1098 1550 a
1116 1487 1256 1551 ludaeis.

241 1611 269 1646 ro
336 1583 498 1652 Viderunt
513 1584 681 1668 ingressus
705 1584 759 1647 tui
772 1582 864 1648 Deus
875 1607 887 1649 :
911 1587 1070 1670 quoniam
1086 1587 1277 1654 videntibus
1302 1587 1495 1672 quingentis
1512 1585 1588 1651 viris
1605 1595 1637 1650 et

285 1691 440 1758 omnibus
455 1690 616 1773 apostolis
632 1697 665 1752 et
676 1688 846 1753 cherubim
864 1700 896 1754 et
912 1693 1062 1757 omniunt
1080 1694 1274 1778 angelorum
1291 1691 1470 1756 ascendisti
1483 1693 1514 1755 in
1528 1691 1636 1754 caelis.

284 1797 455 1879 Ingressus
470 1794 537 1858 Dei
551 1794 622 1872 mei,
647 1792 733 1875 regis
756 1791 820 1854 mei
840 1793 900 1874 qui
911 1804 959 1858 est
982 1795 1016 1858 in
1031 1809 1150 1863 sancto.
1167 1798 1336 1882 Quoniam
1353 1798 1409 1880 qui
1427 1795 1577 1859 omnium
1603 1815 1637 1858 es

286 1903 377 1964 Deus
393 1912 426 1963 et
443 1897 611 1963 Dominus
626 1897 872 1961 dominantium
889 1907 923 1962 et
941 1900 1016 1964 Rex
1034 1922 1158 1984 regum,
1174 1901 1361 1986 specialiter
1378 1921 1471 1964 meus
1487 1920 1522 1963 es
1537 1899 1638 1974 Deus,

283 2007 367 2068 sicut
379 2014 413 2066 et
427 2003 520 2065 Deus
531 2000 704 2066 Abraham
718 2007 752 2062 et
766 2000 858 2063 Deus
870 2001 965 2068 Isaac
978 2013 1010 2067 et
1024 2005 1116 2068 Deus
1129 2006 1232 2069 iacob
1243 2017 1277 2069 et
1290 2005 1381 2068 Deus
1397 2004 1636 2067 Hebraeorum.

239 2131 266 2186 ¹5
325 2107 575 2170 Praevenerunt
594 2103 755 2186 principes
775 2103 937 2168 coniuncti
956 2108 1178 2188 psallentibus.
1196 2109 1264 2192 ipsi
1290 2106 1434 2190 apostoli
1459 2125 1637 2188 praevene-

285 2222 369 2291 runt,
393 2221 427 2276 et
442 2211 547 2275 secuti
574 2219 651 2273 sunt
667 2207 724 2292 qui
749 2227 808 2291 per
826 2227 884 2272 eos
903 2212 1137 2278 crediderunt:
1162 2223 1220 2278 aut
1244 2221 1334 2277 certe
1361 2209 1524 2275 ecclesias.
1556 2210 1637 2274 ldeo
1665 2263 1667 2266 .

284 2327 395 2382 autem
412 2313 728 2398 tympanistriarum,
743 2314 901 2396 quoniam
919 2326 1086 2381 mortuum
1113 2329 1163 2383 est
1179 2338 1298 2401 corpus
1317 2317 1464 2400 ipsorum
1491 2323 1637 2397 peccato.

286 2423 329 2486 Et
347 2421 455 2486 Maria
469 2441 563 2484 soror
580 2419 691 2502 Moysi
707 2424 741 2479 et
757 2416 872 2480 Aaron
889 2426 1006 2483 tenens
1022 2429 1221 2505 tympanum
1239 2424 1271 2486 in
1283 2420 1407 2484 Exodo
1418 2416 1638 2482 antecedebat

284 2527 472 2611 psallentes,
484 2535 517 2588 et
528 2523 676 2588 dicebat:
686 2527 693 2553 ‘
705 2521 888 2587 Cantemus
901 2523 1059 2603 Domino,
1068 2528 1211 2609 gloriose
1222 2526 1310 2615 enirn
1321 2521 1558 2588 honorificatus
1567 2522 1637 2584 est'.

235 2657 267 2694 20
326 2630 368 2694 ln
383 2627 520 2693 ecclesiis
540 2625 711 2691 bemdr'cite
735 2625 901 2691 Deum.O
926 2647 985 2690 vos
1008 2631 1065 2712 qui
1093 2632 1125 2695 in
1152 2629 1355 2696 abstinentia
1381 2627 1580 2710 gloriamini,
1605 2625 1637 2688 in

284 2733 429 2798 ecclesiis
456 2732 519 2796 hoc
544 2729 651 2807 tacite,
677 2738 711 2794 et
738 2729 841 2792 nolite
865 2731 1112 2814 vobismetipsis
1138 2734 1316 2799 defendere
1343 2733 1514 2797 haeresim.
1543 2733 1637 2795 Haec

284 2848 424 2921 possunt
439 2835 504 2900 dici
521 2835 564 2899 ad
586 2833 776 2910 Tanarum,
792 2833 849 2916 qui
872 2835 1024 2917 princeps
1042 2847 1092 2900 est
1120 2839 1376 2903 Encratitarum.
1404 2835 1585 2899 Dominum
1601 2835 1639 2898 de

276 2940 428 3020 fontibus
443 2937 577 3004 Israhel.
595 2937 812 3002 Manichacus
828 2956 894 3000 non
912 2948 1023 3019 potest
1043 2939 1238 3004 benedicere
1259 2941 1453 3017 Dominum,
1469 2939 1547 3022 quia
1572 2960 1637 3003 nou

285 3048 326 3110 de
344 3042 490 3108 tontibus
515 3040 641 3106 Israhel
658 3041 847 3104 benedicit:
873 3039 937 3104 hoc
951 3051 1012 3120 est,
1027 3045 1186 3125 quoniam
1212 3065 1277 3108 uon
1294 3043 1411 3129 recipit
1428 3056 1522 3107 vetus
1538 3053 1638 3108 testa·

320 3253 329 3289 t
343 3240 388 3301 est]
398 3255 448 3288 om.
459 3239 489 3288 C.
561 3233 586 3284 11
598 3235 755 3299 angulorum]
764 3237 827 3286 Cod.
839 3237 860 3286 C
872 3254 935 3288 uuus
946 3239 1004 3288 add.
1018 3256 1073 3304 sup.
1088 3240 1131 3290 lin.
1145 3242 1232 3292 chorri.
1248 3241 1365 3292 Genetivi
1376 3241 1484 3292 absoluti
1496 3241 1640 3308 imperfecta

286 3321 423 3371 translatio.
439 3320 588 3384 Exemplum
601 3319 678 3367 babes
698 3318 805 3382 duplicis
824 3319 897 3370 huius
908 3322 1099 3372 constructionis
1111 3323 1136 3371 in
1149 3324 1262 3374 versione
1274 3324 1352 3373 latina
1368 3323 1490 3385 epistulae
1502 3324 1640 3373 Clementis

286 3421 310 3470 p.
323 3419 364 3466 40,
375 3405 392 3455 l.
405 3417 449 3466 14:
463 3406 469 3429 ¹
481 3403 535 3454 zelo
547 3401 668 3452 incidenti
679 3401 711 3450 de
722 3401 881 3463 sacerdotali,
894 3411 919 3452 et
931 3403 1138 3454 contendentium
1148 3406 1286 3456 tribuum...
1302 3405 1307 3426 ¹
1322 3408 1351 3455 ln
1363 3407 1421 3456 cod.
1436 3405 1459 3453 Α
1472 3406 1602 3470 genetivus
1614 3405 1639 3453 in

286 3489 422 3538 ablativum
435 3501 449 3536 2
461 3503 495 3536 m.
509 3493 618 3535 mutatus
629 3494 675 3536 est.
750 3485 872 3546 inruetis]
885 3485 988 3545 BLSG;
1001 3487 1029 3535 in
1040 3488 1115 3537 caelos
1121 3489 1150 3539 C.
1229 3490 1257 3540 16
1266 3489 1383 3551 ecclesias]
1393 3491 1413 3539 C
1424 3506 1487 3539 unus
1498 3490 1587 3538 iterum
1600 3488 1640 3539 hic

286 3573 344 3623 add.
358 3589 412 3637 sup.
427 3571 471 3621 lin.
485 3571 560 3630 dicit3
578 3568 661 3634 potius
675 3584 735 3617 vero
749 3567 948 3617 subaudiendum
961 3571 1064 3620 verbum
1074 3579 1269 3634 praevenermrl.
1368 3572 1641 3637 17-181ympam'slrrh·

287 3669 375 3704 ruris...
385 3651 544 3718 perparum]
553 3651 646 3715 tyrrrplr.
657 3651 689 3700 G.
758 3662 791 3698 20
798 3651 893 3712 Deum]
901 3649 987 3716 scripsi
991 3669 998 3711 ;
1008 3652 1060 3700 Deo
1069 3653 1172 3712 emam
1183 3655 1281 3705 ABSG.
1351 3667 1382 3704 22
1391 3657 1416 3704 E
1418 3657 1562 3704 »irrutilant
1567 3650 1600 3711 rur]
1609 3657 1640 3712 S;

287 3737 469 3802 iugratitarum
482 3735 503 3785 C
516 3745 573 3798 post
584 3749 661 3793 ουτω
679 3733 864 3796 iugracr'turum
877 3733 932 3783 BG.
1001 3735 1152 3798 Dominum]
1173 3739 1282 3788 Durniuo
1295 3739 1325 3789 C.
1350 3773 1353 3780 ‚

329 3905 353 3946 2.
370 3881 489 3964 nircum]
501 3885 539 3944 Is.
556 3885 604 3960 63,
618 3903 643 3960 3.
993 3885 1109 3944 Deuset
1119 3905 1169 3944 rex
1177 3886 1639 3965 est,suusspecialiterDeusiiat’.

328 3987 353 4044 3.
369 3987 405 4026 ex
415 3963 605 4046 Bosor]ibid.
622 3987 645 4024 r.
1035 3968 1078 4024 18.
1096 3969 1127 4025 in
1139 3965 1256 4050 Exodo]
1273 3987 1315 4046 15,
1335 3990 1382 4028 21.

329 4070 355 4126 7.
375 4044 539 4128 caesarem]
556 4049 599 4108 lo.
620 4067 664 4124 19,
682 4051 769 4124 6.15.
1033 4067 1078 4107 22.
1097 4051 1282 4128 princepsa!
1302 4047 1543 4131 Encralriarum]
1569 4049 1641 4111 Hie·

331 4125 619 4208 reingressurus]
646 4129 771 4190 Hieron.
796 4147 842 4207 ep.
873 4131 937 4202 106,
992 4146 1053 4188 ron.
1075 4148 1121 4208 ep.
1146 4134 1195 4205 48,
1222 4152 1249 4192 n.
1269 4153 1304 4193 2:
1325 4137 1332 4166 ⁶
1355 4131 1472 4192 Tatiani
1500 4132 1640 4209 principis

288 4234 315 4275 n.
329 4233 382 4287 41:
398 4210 567 4290 ‘scriptoris
581 4211 685 4270 vitium
698 4211 938 4288 relinquendum,
992 4212 1211 4272 Encratitarum
1236 4223 1332 4274 errore
1364 4213 1484 4291 decepti
1506 4216 1513 4242 '
1528 4235 1538 4289 ,¹
1566 4213 1637 4275 ibid.

287 4297 339 4374 qui
354 4293 569 4356 nominativum
578 4293 678 4370 posuit
691 4312 743 4370 pro
754 4292 938 4353 accusativo:
990 4311 1018 4352 n.
1035 4311 1068 4368 9:
1085 4297 1092 4325 ⁸
1111 4294 1271 4356 Titianum
1295 4297 1512 4357 Encratitatum
1535 4295 1639 4373 princi-

287 4379 355 4439 licet
369 4389 398 4438 et
407 4375 438 4436 in
452 4375 646 4456 Septuaginta
660 4387 690 4435 et
704 4375 735 4433 in
749 4373 885 4441 Ἑξαπλοῑς
898 4376 938 4432 ita
990 4393 1059 4452 pem
1074 4377 1081 4404 '
1094 4398 1102 4450 ;
1117 4375 1148 4435 in
1170 4380 1264 4437 Amos
1281 4398 1306 4451 2,
1326 4398 1360 4436 12
1373 4398 1380 4437 ε
1397 4382 1404 4409 ‘
1421 4379 1468 4438 De
1489 4379 1547 4438 hoc
1571 4378 1639 4437 loco

287 4459 444 4539 repererim
456 4459 605 4534 ἐθεώρησαν
617 4459 812 4533 αἱπορεῑαίσου
825 4457 936 4521 ὁθεός’.
990 4458 1132 4517 haeresim
1157 4477 1241 4519 suam
1259 4461 1403 4521 Tatianus
1422 4459 1637 4520 Encratitatum

330 4561 374 4619 1³·
385 4543 544 4620 specialiter
557 4536 774 4621 meusesDeus]
788 4540 864 4600 Ibid.
880 4546 937 4598 ‘se-
990 4537 1127 4617 princeps
1138 4552 1249 4602 struere
1265 4541 1365 4602 nititur
1375 4546 1397 4616 ’ς
1412 4545 1441 4603 in
1455 4541 1527 4600 Ioel.
1546 4561 1568 4614 r,
1587 4561 1638 4614 14:

287 4633 388 4686 cundo
401 4624 482 4684 euim
498 4621 618 4700 ponitur
631 4634 661 4682 et
675 4622 739 4681 Dei
753 4625 809 4682 urei
820 4636 850 4683 et
866 4623 939 4698 regis
991 4620 1189 4695 ’Encratitae
1202 4643 1330 4701 quorum
1342 4625 1479 4702 princeps
1494 4624 1638 4684 Tatianus

287 4710 342 4767 mei
355 4705 535 4768 blandientis
549 4704 675 4764 aliectu:
690 4718 721 4764 ut
736 4707 787 4783 qui
802 4704 937 4765 omnium
989 4715 1033 4762 est
1047 4703 1054 4729 '
1068 4716 1124 4764 etc.

338 4849 662 4898 natantianatantia
673 4863 691 4890 ι.
1577 4837 1588 4876 ⁶
