4092 5502
549 408 803 470 succussus
829 409 885 468 nn
908 408 1076 470 Psalmo
1098 407 1276 472 cxxxnr.
1506 400 1588 491 259

226 629 371 724 pereant
385 639 429 704 de
444 631 540 705 terra.
564 641 757 706 ‘Dominus
777 651 889 706 autem
910 639 1124 706 caelosfecit
1142 641 1156 704 ’.
1176 641 1251 704 Hoc
1277 642 1318 703 ad
1337 640 1584 704 distinctionem

226 745 313 809 dicit
329 743 504 809 idolorum.
519 744 595 808 Hoc
606 743 738 809 interim
754 747 938 812 seeundum
956 747 1109 810 litteram.
1120 745 1278 812 Ceterum
1294 746 1476 810 secundum
1491 743 1585 808 intel-

227 845 414 928 legentiam
431 846 614 930 spiritalem
640 851 814 932 quomodo
839 851 959 916 dicitur
974 850 1138 933 peccatori
1157 854 1164 880 ‘
1181 841 1286 914 Terra
1301 869 1337 914 es
1362 863 1393 914 et
1413 851 1444 914 in
1463 856 1583 913 terram

227 951 296 1014 ibis
311 951 328 1028 ',
343 951 390 1015 sic
406 961 440 1016 et
454 962 572 1016 sancto
588 953 718 1030 dicitur,
731 953 869 1018 Caelum
886 976 921 1018 es
936 965 969 1018 et
987 955 1020 1018 in
1035 953 1165 1020 caelum
1182 953 1254 1018 ibis.
1266 953 1342 1018 Hoc
1359 963 1467 1018 totum
1484 974 1587 1036 quare

191 1071 214 1126 ς
226 1055 304 1120 dixi
317 1059 332 1119 l
347 1055 398 1119 Ut
412 1063 548 1120 sanctos
562 1055 692 1122 caelum
710 1059 911 1140 probarem‘
925 1059 1017 1124 Caeli
1033 1067 1190 1122 enarrant
1204 1057 1344 1140 gloriam
1356 1059 1430 1134 Dei,
1442 1068 1474 1122 et
1485 1079 1586 1142 opera

228 1177 394 1224 rnanuurn
419 1157 491 1222 eius
506 1161 685 1226 adnuntiat
708 1161 956 1228 firmamentum
974 1161 990 1226 ¹.
1011 1167 1018 1193 ‘
1037 1161 1081 1224 Et
1107 1181 1214 1246 aquae
1238 1183 1325 1246 quae
1351 1185 1451 1246 super
1477 1163 1586 1228 caelos

227 1275 320 1342 sunt,
334 1259 471 1327 laudent
488 1284 610 1329 nomen
629 1266 766 1330 Domini
783 1267 798 1330 ’.
815 1273 823 1300 ⁴
839 1266 932 1333 Caeli
960 1269 1126 1332 caelorum
1145 1267 1294 1332 Domitio
1310 1269 1325 1331 '.
1347 1266 1415 1346 Qui
1420 1267 1505 1348 fecit
1518 1289 1585 1331 cne-

226 1368 302 1432 luns
315 1377 348 1431 et
360 1377 492 1432 terrm
509 1368 604 1434 Licet
621 1370 741 1434 terreni
768 1372 883 1448 simus,
900 1373 975 1437 licet
990 1372 1201 1436 ambulemus
1217 1371 1252 1436 iu
1267 1381 1364 1448 terra
1378 1382 1492 1436 nmen
1506 1391 1584 1436 con-

228 1473 377 1538 versatio
393 1481 506 1542 metm
532 1473 567 1538 in
590 1473 692 1538 caelis
707 1483 779 1540 est:
796 1476 842 1540 ibi
868 1478 1033 1542 habemns
1057 1475 1337 1558 municipatim
1362 1487 1502 1542 nostras.
1517 1474 1585 1562 Qui

176 1595 210 1633 ιο
228 1575 310 1640 fecit
324 1575 455 1640 caelum
471 1586 506 1640 et
517 1586 648 1642 terram.
665 1577 761 1643 Licet
777 1591 932 1662 peccator
946 1601 992 1658 es,
1004 1579 1073 1644 noli
1087 1581 1266 1662 desperare
1277 1603 1289 1644 ε
1302 1579 1469 1644 Dominus
1478 1581 1584 1644 omni·

228 1691 353 1770 potens
376 1689 436 1745 est
453 1681 554 1746 Multi
580 1683 625 1746 de
647 1692 734 1747 terra
760 1684 844 1748 caeli
868 1683 1011 1762 hustet
1038 1684 1133 1748 multi
1159 1684 1202 1748 de
1228 1683 1324 1748 caelo
1349 1693 1444 1748 terra.
1463 1683 1586 1748 Infelix

230 1787 335 1852 ludas
350 1786 480 1850 caelum
497 1786 568 1862 fuit,
583 1796 618 1850 et
642 1795 730 1852 terra
757 1787 865 1853 factus
880 1799 940 1854 est.
959 1790 1082 1854 Paulus
1097 1788 1270 1871 apostolus
1286 1809 1328 1852 eo
1343 1799 1504 1869 tempore,
1517 1809 1585 1872 quo

228 1891 491 1974 persequebatur
506 1890 691 1967 ecelesiam,
707 1901 793 1956 terra
818 1904 888 1956 erat
901 1917 908 1957 :
923 1893 1096 1958 confessus
1111 1903 1172 1970 est,
1188 1902 1221 1956 et
1246 1891 1374 1978 caelum
1393 1889 1499 1956 factm
1525 1901 1585 1956 est.

229 1993 304 2060 Nec
320 1994 375 2078 qui
392 1994 520 2059 caelum
536 2005 597 2072 est,
612 1995 713 2060 debet
735 2017 807 2060 esse
823 2017 977 2075 securus;
995 2019 1054 2062 nec
1077 1997 1134 2080 qui
1160 2007 1247 2062 terra
1273 2006 1335 2073 est,
1350 1996 1451 2061 debet
1466 1995 1581 2084 despe-

178 2115 208 2169 15
229 2119 302 2163 rare
317 2099 359 2164 de
376 2100 453 2164 vita.
470 2099 573 2164 lacob
596 2119 637 2164 eo
662 2109 823 2182 tempore,
839 2103 975 2184 quando
1003 2102 1153 2184 fugiebat
1170 2101 1201 2164 in
1219 2100 1503 2182 Mesopotamiam
1519 2100 1583 2164 ira·

229 2213 316 2288 trem
331 2222 439 2280 suum,
453 2204 544 2266 venit
559 2203 602 2268 ad
625 2203 752 2269 Luzam
767 2229 774 2269 :
789 2215 823 2270 et
839 2205 895 2280 ibi,
911 2206 1027 2294 inquit,
1043 2205 1154 2289 posuit
1170 2203 1233 2298 sibi
1251 2204 1396 2288 lapidem
1414 2203 1456 2268 ad
1472 2213 1582 2287 caput.

231 2306 304 2374 Sub
319 2305 430 2392 cupite
444 2305 548 2388 ipsius
571 2306 657 2389 lapis
671 2318 744 2372 erat
760 2308 911 2392 Xpistus.
928 2309 1122 2392 Numquam
1149 2307 1211 2370 sibi
1240 2305 1352 2388 posuit
1376 2305 1523 2388 lapidem
1540 2307 1581 2370 ad

228 2422 340 2497 caput,
350 2413 413 2476 nisi
423 2431 465 2476 eo
474 2423 633 2494 ternpore,
643 2411 779 2494 quando
790 2423 1036 2496 persecutorem
1049 2411 1293 2495 fugitQuando
1303 2411 1425 2474 mansit
1436 2411 1468 2473 in
1479 2411 1582 2492 domo

230 2517 335 2602 patris
350 2517 411 2595 sui,
424 2517 586 2600 quamdiu
596 2525 668 2580 erat
684 2515 717 2578 iu
739 2516 844 2580 domo
860 2519 963 2600 patris
980 2517 1041 2594 sui,
1055 2505 1099 2580 et
1112 2515 1258 2580 habebat
1275 2513 1442 2598 refrigeria
1466 2515 1583 2602 carnis,

176 2639 210 2676 ω
229 2621 378 2702 lapidem
393 2639 460 2684 non
476 2617 623 2683 habebat
638 2619 681 2684 ad
698 2628 809 2701 caput.
825 2620 977 2684 Recessit
1001 2621 1044 2684 de
1070 2620 1173 2684 domo
1189 2640 1248 2684 sua
1265 2620 1383 2696 nudus,
1399 2619 1532 2684 recessit
1549 2619 1581 2682 in

228 2725 343 2808 uirga;
360 2733 394 2788 et
409 2722 523 2787 statim
541 2723 572 2784 in
591 2723 662 2805 ipsa
681 2733 780 2788 nocte
795 2725 923 2789 invenit
939 2724 1094 2806 lapidem,
1110 2733 1143 2788 et
1160 2723 1270 2804 posuit
1285 2724 1328 2791 ad
1353 2731 1453 2805 caput
1476 2743 1583 2787 suum.

230 2829 320 2912 Quia
338 2829 440 2894 talem
457 2826 602 2892 habebat
618 2825 792 2912 pulvillum
810 2829 926 2912 inquo
950 2827 1174 2911 refrigerabat,
1191 2826 1300 2892 videte
1315 2825 1477 2889 visionem
1503 2825 1582 2889 eius.

228 2940 237 2968 ¹
253 2933 361 3009 Vidit,
375 2930 495 3014 inquit,
508 2931 631 2996 scalam
649 2931 691 2996 de
707 2940 794 2996 terra
810 2932 1054 3014 pertingentem
1073 2931 1114 2996 ad
1142 2930 1271 2995 caelum
1286 2950 1294 3009 ;
1309 2939 1343 2994 et
1358 2930 1450 3007 vidit,
1466 2931 1582 3014 inquit,

229 3036 368 3120 angelos
382 3035 625 3100 descendentes
641 3044 674 3099 et
690 3034 908 3098 ascendentes
925 3035 940 3098 ’.
956 3035 1052 3099 Vidit
1079 3033 1216 3126 angelos
1233 3035 1274 3098 de
1300 3033 1393 3098 caelo
1409 3033 1520 3116 uenire
1536 3034 1579 3098 ad

177 3159 209 3213 ss
229 3149 361 3218 terram,
380 3149 414 3204 et
434 3138 576 3204 aliosde
594 3149 682 3204 terra
697 3139 741 3202 ad
767 3138 877 3205 caelus
893 3139 1079 3204 ascendere.
1095 3138 1209 3202 Vultis
1224 3139 1306 3201 scire
1323 3137 1401 3221 quia
1413 3123 1501 3221 ¹lapis
1518 3137 1581 3216 ille,

229 3244 284 3327 qui
300 3254 370 3308 erat
380 3243 423 3307 ad
436 3251 537 3324 caput
549 3243 660 3320 Iacob,
674 3241 815 3326 Xpistus
831 3252 901 3306 erat
917 3241 1002 3326 lapis
1017 3242 1185 3325 angularis
1197 3245 1227 3303 Ρ·
1240 3241 1342 3324 Lapis
1358 3261 1457 3324 quem
1472 3260 1582 3323 repro·

228 3346 390 3413 baverunt
402 3345 616 3412 aedificantes
628 3345 681 3410 hic
692 3345 799 3410 factus
810 3355 860 3409 est
874 3347 905 3409 in
919 3355 1019 3428 caput
1030 3328 1167 3430 anguli'.
1181 3346 1282 3429 Lapis
1296 3345 1359 3424 ille,
1371 3346 1427 3427 qui
1439 3333 1580 3427 scriptus

226 3451 318 3516 estin
338 3451 532 3534 Regnorum
548 3450 641 3526 libro,
656 3450 842 3516 Abenezer.
855 3450 957 3533 Lapis
974 3449 1036 3513 iste
1048 3450 1189 3532 Xpistus
1201 3459 1261 3515 est.
1275 3449 1450 3514 Abenezer
1466 3457 1578 3514 autem

229 3554 463 3638 interpretatur
478 3554 563 3636 lapis
578 3553 741 3618 adiutorii.
758 3559 766 3587 ‘
782 3553 1011 3630 Consurrexit,
1028 3555 1145 3636 inquit,
1169 3555 1270 3618 lacob
1286 3574 1385 3617 mane
1403 3552 1418 3617 '.
1438 3555 1483 3616 Et
1499 3553 1578 3636 quid

258 3739 275 3788 9
294 3725 512 3790 nrunicipotr‘ones]
533 3723 593 3792 βΑ;
612 3726 819 3790 municipacsonis
833 3726 869 3783 B;
890 3726 1120 3790 neureicapitacioms
1133 3726 1161 3774 C.
1268 3739 1297 3774 ιο
1307 3725 1444 3790 desperare]
1463 3725 1527 3789 disp.
1543 3727 1580 3784 83

226 3825 275 3858 om.
290 3809 319 3859 C.
387 3809 540 3872 omnipotens
550 3807 594 3868 est]
607 3808 637 3868 B,
649 3809 734 3856 onun'a
744 3815 769 3871 p.
778 3824 798 3856 e.
813 3807 948 3866 C;onmia
954 3815 1032 3872 polest
1045 3806 1068 3874 β
1142 3807 1170 3855 16
1180 3807 1238 3868 sibu]
1250 3823 1299 3856 om.
1314 3805 1360 3874 βΒ.
1433 3806 1461 3856 18
1476 3807 1581 3867 Quando

227 3891 319 3940 mansit
330 3891 349 3939 i.
362 3890 386 3939 d.
398 3898 423 3954 p.
438 3889 490 3950 sur]
502 3905 551 3938 om.
567 3887 583 3954 β
596 3895 696 3952 propter
714 3888 941 3939 homoeoteleuton.
1043 3903 1075 3939 ao
1085 3890 1143 3951 sno]
1154 3906 1203 3940 om.
1220 3888 1244 3958 β.
1345 3902 1377 3938 22
1391 3889 1470 3951 Quia]
1489 3891 1543 3950 Qui
1554 3887 1578 3956 β.

225 3985 258 4034 29
267 3968 402 4030 adiulon'i]
411 3972 514 4021 Mirator
525 3973 554 4022 C.

270 4103 373 4180 used!
399 4108 446 4165 Ps.
460 4123 508 4182 95,
526 4121 551 4182 5.
973 4127 1017 4182 27.
1034 4097 1210 4188 nngulr']Ps.
1233 4125 1296 4182 117,
1316 4129 1362 4166 22.

266 4208 293 4260 4.
310 4187 362 4247 ibis
391 4189 572 4263 Gen.3,19.
972 4191 1016 4250 28.
1033 4191 1065 4250 in
1090 4191 1256 4266 Regnorum
1281 4190 1355 4248 fibro
1379 4186 1533 4269 Abenezer]
1564 4209 1574 4246 r

266 4265 534 4350 hfinnomentnm]
551 4270 597 4328 Ps.
624 4272 668 4339 18,
687 4289 711 4328 a.
929 4273 1143 4348 Reg.4,1.-
1165 4269 1248 4330 Hier.
1276 4290 1322 4348 ep.
1348 4289 1393 4346 73,
1420 4289 1512 4329 mans.
1543 4289 1574 4328 rr

268 4368 293 4426 7.
309 4349 439 4410 Domini
467 4353 512 4410 Ps.
535 4353 598 4423 148,
616 4375 633 4423 4
649 4371 690 4427 sq.
929 4353 1038 4413 ‘Sedet
1051 4353 1172 4430 Moyses
1183 4370 1272 4429 super
1287 4351 1417 4428 lapidem
1430 4351 1544 4412 dictum
1560 4371 1577 4410 a

309 4431 439 4490 Domino
475 4433 521 4491 Ps.
542 4453 574 4491 rr
580 4453 606 4508 3,
628 4435 669 4491 16.
927 4433 1076 4505 Zacharia,
1087 4433 1263 4510 quiseptem
1279 4433 1407 4493 hahebat
1422 4433 1535 4504 oculos,
1548 4445 1577 4491 et

267 4534 292 4589 9.
309 4513 342 4572 fn
355 4513 439 4573 coelis
452 4509 506 4594 est]
521 4514 596 4573 Phil.
616 4534 641 4589 3,
660 4533 705 4575 20.
926 4513 956 4572 in
972 4513 1118 4575 Samuelis
1133 4513 1285 4574 uolumine
1300 4515 1465 4591 appellatur
1479 4513 1577 4572 Aben-

271 4597 313 4653 16.
325 4591 470 4675 adcoput]
485 4597 563 4656 Gen.
581 4598 628 4668 28,
647 4615 690 4654 ιι.
927 4615 1001 4668 ezer,
1016 4595 1046 4656 id
1062 4607 1107 4656 est
1121 4595 1373 4672 laprsadiuton'i’.

268 4694 312 4746 ²4-
329 4673 516 4757 ascendentes]
533 4675 609 4736 lbid
628 4695 672 4734 12.
972 4698 1008 4754 29
1024 4697 1087 4754 sqq.
1106 4679 1213 4736 Genes.
1233 4679 1278 4751 28,
1297 4680 1389 4736 rora.
