4160 5500
497 407 580 489 420
780 410 1050 470 FRAGMENTA
1073 413 1130 470 DE
1151 410 1284 471 LIBRO
1306 411 1607 475 NUMERORUM.

500 626 611 692 Video
628 630 716 692 enim
733 631 821 711 quod
839 639 1050 711 peccatorum
1068 630 1101 691 in
1125 628 1188 692 hoc
1205 631 1289 694 ratio
1306 630 1599 712 comprehenditur
1615 642 1648 696 et
1664 653 1860 716 poenarum.

503 729 539 794 Si
556 733 644 794 enirn
663 734 839 817 unicuique
855 736 1020 818 peccatori
1037 755 1143 799 annus
1159 735 1366 800 adscribatur
1381 735 1423 799 ad
1441 756 1584 818 poenam
1606 758 1665 818 pro
1681 739 1778 802 unius
1791 739 1860 802 diei

501 846 650 916 peccatu,
666 847 698 902 et
714 840 898 902 secundum
910 839 1071 903 rationem
1088 839 1226 914 dierum,
1238 840 1358 921 quibus
1374 848 1520 920 peccata,
1538 861 1702 908 annorum
1715 843 1858 908 totidem
1894 829 1896 831 ¹

503 959 663 1004 numerus
679 943 711 1006 in
729 945 900 1027 suppliciis
916 944 1161 1008 consumendus
1178 954 1237 1022 est,
1257 964 1371 1007 vereor
1384 964 1426 1007 ne
1442 943 1525 1007 iorte
1542 946 1647 1020 nobis,
1662 947 1718 1028 qui
1735 947 1861 1011 cotidie

502 1064 689 1126 peccamus,
704 1056 737 1111 et
754 1048 880 1112 nullum
892 1048 976 1112 sorte
987 1049 1075 1112 diern
1092 1047 1180 1112 vitae
1193 1058 1325 1112 nostrae
1337 1048 1463 1130 absque
1476 1062 1614 1129 peccato
1627 1051 1862 1132 transegimus
1898 1070 1909 1123 5

504 1166 564 1210 nec
582 1149 653 1230 ipsa
672 1148 755 1215 forte
776 1151 908 1216 saecula
932 1161 989 1215 aut
1014 1151 1114 1214 etiam
1132 1151 1264 1214 saecula
1280 1151 1488 1215 saeculorum
1505 1151 1654 1216 sufficere
1670 1153 1800 1235 possint
1817 1157 1861 1218 ad

507 1272 631 1332 poenas
649 1253 795 1320 luendas.
815 1257 851 1318 ln
869 1277 909 1318 eo
925 1256 1014 1319 enim
1039 1255 1127 1337 quod
1157 1254 1298 1337 populus
1316 1255 1370 1318 ille
1388 1256 1477 1337 prior
1491 1256 1713 1338 quadraginta
1729 1259 1862 1322 dierum

504 1357 626 1420 delicto
644 1359 709 1422 XL
732 1361 827 1423 annis
843 1361 1007 1424 cruciatur
1034 1361 1066 1422 in
1093 1361 1234 1435 desert0,
1254 1379 1314 1421 nec
1341 1369 1462 1422 terram
1490 1360 1625 1424 introire
1649 1363 1864 1440 permittitur,

504 1460 691 1526 similitudo
708 1467 871 1546 quaedam
891 1465 990 1528 iuturi
1019 1464 1129 1527 iudicii
1158 1463 1286 1526 videtur
1303 1462 1446 1540 ostendi,
1472 1464 1527 1528 ubi
1546 1475 1757 1546 peccatorum
1774 1470 1864 1532 ratio

506 1565 737 1632 discutienda:
754 1570 815 1632 nisi
833 1569 923 1633 fieret
939 1570 1050 1652 aliqua
1068 1569 1205 1632 sortasse
1221 1571 1321 1632 etiam
1339 1569 1502 1632 bonorum
1519 1590 1658 1650 operum
1675 1592 1863 1655 conpensa-
1885 1595 1911 1630 10

506 1668 566 1746 tio,
582 1670 632 1732 vel
650 1672 750 1734 etiarn
767 1693 880 1737 eorum
897 1693 984 1756 quae
1000 1673 1031 1735 in
1049 1673 1116 1735 vita
1133 1693 1192 1735 sua
1208 1674 1435 1756 unusquisque
1453 1674 1541 1737 mala
1557 1674 1682 1758 recipit,
1699 1685 1735 1739 ut
1752 1677 1864 1740 Abra-

509 1769 587 1834 ham
605 1774 646 1836 de
665 1775 791 1839 Lazaro
806 1778 927 1841 docuit.

554 1875 674 1941 ITEM
691 1880 820 1945 ALIA.
837 1883 884 1946 Et
895 1883 1028 1963 facturn
1043 1891 1090 1944 est
1104 1902 1174 1943 cnm
1206 1880 1350 1943 inrueret
1374 1902 1536 1964 synagoga
1557 1893 1654 1962 super
1677 1881 1813 1963 Moysen
1835 1895 1868 1948 at

509 1978 633 2056 Aaron,
649 1983 683 2046 in
701 1984 818 2066 impetn
831 1986 1011 2068 J‘ngiernnt
1024 1985 1072 2046 ad
1083 1984 1323 2048 tabernaculum
1350 1985 1535 2049 testimonii.
1561 1984 1637 2048 Illis
1657 2007 1730 2048 nero
1745 1987 1866 2054 obtexit

508 2083 612 2158 nubes,
630 2097 661 2149 et
674 2091 828 2171 apparuit
842 2092 995 2154 maiestas
1015 2089 1159 2153 Domini.
1183 2087 1341 2152 Introivit
1357 2088 1484 2170 Moyses
1498 2100 1529 2152 et
1549 2089 1665 2152 Aaron
1681 2089 1864 2171 adfaciem
1885 2115 1910 2166 ις

509 2186 712 2256 tabernaculi
725 2194 908 2257 testimonii.
926 2195 1002 2256 Non
1021 2193 1161 2274 legimus
1177 2200 1275 2255 antea
1292 2193 1381 2274 quod
1404 2193 1573 2256 obtexerit
1590 2194 1694 2257 nubes
1710 2195 1865 2260 taberna·

509 2292 629 2372 culum,
644 2306 677 2359 et
698 2299 889 2378 apparuerit
906 2299 1061 2362 maiestas
1080 2297 1225 2374 Domini,
1246 2304 1279 2359 et
1296 2296 1455 2378 receperit
1477 2297 1561 2360 intra
1580 2297 1701 2361 nubem
1720 2298 1863 2381 Moysen

511 2404 544 2458 et
559 2397 689 2478 Aaron,
706 2402 767 2464 nisi
784 2423 871 2466 nunc
888 2422 962 2466 cum
981 2401 1213 2465 insurrexisset
1229 2401 1261 2463 in
1278 2420 1335 2463 eos
1352 2399 1504 2482 populus,
1519 2409 1552 2462 et
1569 2398 1718 2481 lapidare
1733 2421 1791 2464 eos
1808 2423 1864 2465 vo·

510 2501 579 2566 luit.
597 2504 776 2569 Disca'mus
791 2525 835 2569 ex
865 2509 928 2571 hoc
952 2517 1078 2590 quanta
1105 2505 1148 2568 sit
1173 2503 1298 2568 utilitas
1315 2504 1346 2567 in
1365 2504 1650 2586 persecutionibus
1667 2505 1865 2588 Xpistianis,

508 2619 670 2689 quantum
687 2613 814 2695 gratiae
837 2612 1035 2688 conseratur,
1061 2610 1232 2692 quomodo
1257 2619 1486 2691 propugnator
1510 2606 1569 2672 fiat
1594 2610 1640 2672 eis
1658 2610 1759 2686 Deus,
1782 2631 1864 2693 quo·
1883 2638 1912 2673 20

508 2714 609 2776 modo
624 2713 859 2780 habundanter
874 2727 1008 2779 sanctus
1027 2713 1170 2796 Spiritus
1188 2713 1390 2776 infundatur.
1403 2712 1499 2775 Tunc
1515 2713 1604 2777 enim
1623 2715 1772 2780 maxime
1788 2737 1864 2798 gra-

506 2817 551 2880 tia
563 2819 701 2884 Domini
714 2822 819 2899 adest,
829 2841 905 2884 cum
922 2819 1095 2882 hominurn
1113 2817 1250 2880 saevitia
1266 2817 1464 2895 concitatur;
1475 2825 1554 2880 tunc
1566 2837 1682 2898 pacem
1699 2817 1863 2882 habemus

504 2924 591 3004 apud
611 2923 732 3002 Deum,
747 2945 823 2988 curn
844 2933 978 3007 propter
1001 2922 1161 2986 iustitiam
1186 2920 1274 2985 bella
1290 2921 1502 3003 perpetimur.
1518 2924 1525 2952 ‘
1543 2921 1614 2985 Ubi
1629 2923 1717 2986 enim
1734 2920 1863 2986 habun-

504 3024 631 3090 daverit
659 3039 842 3110 peccatum,
864 3026 1172 3110 superhabundavit
1198 3026 1304 3106 gratia
1315 3025 1332 3089 '.
1357 3024 1547 3107 Adoperuit
1570 3044 1648 3108 ergo
1676 3046 1732 3089 eos
1758 3027 1864 3090 nubes

505 3128 709 3194 tabernaculi
736 3133 927 3209 testimonii,
954 3141 987 3194 et
1019 3130 1119 3192 inruit
1145 3148 1318 3210 synagoga
1339 3149 1438 3210 super
1466 3129 1618 3209 Moysen,
1644 3138 1677 3191 et
1709 3130 1863 3210 apparuit
1881 3148 1908 3198 23

505 3233 610 3314 gloria
628 3234 944 3318 DominiQuamvis
962 3255 1104 3317 magnus
1116 3234 1158 3295 sit
1171 3233 1258 3295 vitae
1273 3233 1391 3296 merito
1410 3232 1545 3313 Moyses
1558 3242 1591 3295 ct
1609 3231 1861 3315 Aaron,quam-

505 3336 554 3398 vis
570 3338 672 3400 animi
687 3338 864 3402 virtutibus
879 3339 1037 3421 polleant,
1053 3356 1214 3420 apparere
1231 3347 1343 3400 tamen
1359 3337 1406 3399 eis
1423 3335 1528 3417 gloria
1540 3356 1606 3398 non
1621 3335 1862 3419 potuisset,nisi

504 3442 537 3505 in
555 3444 848 3525 persecutionibus,
876 3445 907 3506 in
937 3441 1215 3516 tribulationibus,
1244 3441 1275 3503 in
1301 3440 1463 3522 periculis,
1490 3449 1591 3522 atque
1608 3440 1640 3502 in
1665 3440 1737 3523 ipsa
1754 3458 1861 3522 paene

505 3555 611 3611 morte
628 3548 694 3612 iam
711 3548 838 3632 positis.
946 3597 950 3604 .

536 3730 550 3766 2
561 3723 674 3786 menam]
685 3719 802 3770 litteram
814 3733 884 3767 erasa
896 3733 949 3767 esse
961 3715 1068 3765 videtur.
1152 3713 1368 3780 aronsnnrenrius]
1379 3714 1586 3762 consnnrmcndns
1599 3714 1618 3762 1.
1699 3713 1714 3762 8
1725 3713 1865 3774 cruciatur]

503 3801 664 3850 cmtiaturl.
743 3815 770 3851 11
785 3799 914 3850 Abraham
926 3800 954 3848 de
966 3799 1072 3864 Lucano]
1084 3797 1223 3846 habraham
1235 3798 1264 3846 de
1275 3799 1355 3846 lazaro
1370 3797 1390 3844 l.
1469 3795 1862 3860 t6quailscripsi;qnnmcod.

505 3883 633 3948 obtexerit]
652 3885 774 3933 obtexerat
793 3885 804 3933 Ι
823 3891 910 3948 postea
929 3898 993 3932 corr.
1097 3891 1125 3942 17
1147 3881 1273 3944 receperit]
1293 3879 1409 3943 reciperit
1422 3879 1442 3926 l.
1547 3891 1576 3939 19
1595 3879 1739 3939 Disrarnns]
1759 3879 1864 3942 scripsi;

504 3965 617 4014 dicamne
629 3966 649 4015 l.
719 3981 748 4015 21
763 3965 930 4031 infundatur]
943 3981 961 4012 n
974 3971 1061 4028 postea
1073 3979 1127 4026 sup.
1137 3979 1153 4012 a
1165 3961 1253 4011 addita
1265 3969 1312 4021 est,
1321 3969 1348 4010 ut
1360 3961 1484 4024 legeretur
1497 3961 1681 4024 infundantur.
1749 3973 1781 4023 23
1794 3961 1866 4008 insti·

506 4047 579 4108 trani]
593 4063 616 4095 rn
629 4047 699 4097 deest
712 4047 737 4096 in
752 4047 772 4096 l.
875 4047 1087 4113 noannoeane
1101 4046 1123 4095 1.

543 4200 571 4251 4.
596 4181 695 4239 cotidie
715 4177 875 4260 peccamus]
906 4179 1031 4239 Hieron.
1054 4189 1157 4239 contra
1209 4198 1234 4238 e.
1260 4195 1385 4253 corpora
1410 4177 1494 4254 quasi
1520 4176 1665 4252 superbus
1697 4173 1864 4235 ascenderit

504 4263 607 4320 lohan.
634 4263 784 4322 Hierosol.
802 4283 829 4320 n.
857 4283 872 4319 2
891 4260 1035 4324 ‘Cotidie
1054 4279 1156 4337 pecca·
1209 4269 1299 4335 atque
1316 4257 1531 4334 depresserit...
1551 4268 1623 4317 tunc
1639 4253 1749 4319 Christi
1765 4275 1859 4332 pax...

504 4361 570 4401 mus
584 4361 690 4404 omnes
702 4355 731 4403 et
743 4343 778 4400 in'
788 4341 889 4418 aliquo
901 4342 1027 4402 labimur
1039 4343 1052 4401 ’.
1208 4341 1261 4400 erit
1274 4339 1303 4398 in
1314 4339 1436 4400 nohis...
1454 4342 1490 4398 Et
1508 4338 1767 4415 ideoimplebatur
1779 4355 1860 4412 pace.

548 4427 590 4483 16.
604 4422 770 4504 testimonii]
788 4427 878 4484 Num.
896 4428 939 4495 16,
950 4444 988 4496 42
1001 4444 1044 4500 sq.
1208 4423 1277 4498 quia
1293 4421 1431 4497 impletus
1456 4422 1550 4480 luerat
1573 4419 1763 4481 contumeliis
1775 4420 1790 4478 '.
1814 4419 1858 4478 Ci.

546 4525 590 4563 22.
607 4513 675 4564 tnnc
685 4517 783 4582 pacem
793 4508 927 4565 nubemus
941 4501 1011 4585 ete]
1030 4503 1152 4563 Hieron.
1207 4523 1294 4578 supra
1306 4521 1351 4578 35,
1371 4523 1385 4560 2
1390 4519 1405 4576 5
1423 4523 1466 4579 sq.

505 4586 534 4644 in
555 4587 646 4646 Mich.
663 4605 689 4664 5,
714 4605 729 4663 5
759 4589 909 4662 ‘Quando
925 4586 1036 4648 venerit
1055 4585 1156 4645 diabo·
1250 4606 1294 4658 ²4·
1303 4580 1415 4664 grana]
1434 4605 1442 4642 r
1461 4583 1539 4642 Tim.
1557 4604 1580 4656 1,
1601 4603 1644 4656 14.

504 4669 588 4730 lus...
607 4679 635 4732 et
651 4671 758 4730 domos
772 4667 938 4729 animarum
955 4679 1120 4728 nostrarum
1136 4666 1151 4727 i.
