4060 5498
489 398 745 459 TRACTATUS
777 398 832 458 DE
860 397 1030 484 PSALMO
1060 399 1267 459 LXXXVIII.
1507 411 1560 496 55

206 607 261 663 vet
285 600 317 662 in
341 602 466 665 terris?
492 601 576 665 Rem
594 621 715 664 novam
740 600 839 663 video
857 621 864 662 ε
893 601 925 662 in
950 599 1045 664 caelo
1061 601 1175 665 anima
1192 603 1354 682 peccavit,
1369 612 1404 665 et
1419 604 1556 667 detrusa

206 704 237 766 in
255 715 376 768 terram
393 714 453 782 est,
470 715 506 768 ut
530 706 619 787 quod
648 706 680 768 in
709 705 803 769 caelo
831 703 984 784 perdidit,
1010 705 1042 766 in
1071 705 1167 768 terris
1191 707 1350 771 inveniat.
1377 706 1458 772 Sine
1483 729 1554 770 cor·

205 829 285 890 pore
312 811 486 892 peccavit:
510 810 683 892 quomodo
710 830 784 872 esse
811 818 932 891 potest,
959 819 995 872 ut
1022 829 1098 873 cum
1126 830 1264 891 corpore
1292 812 1402 874 Deum
1427 811 1557 876 facilius

205 915 394 978 mereatur?
412 914 588 998 Siquidem
605 917 701 978 ‘caro
717 913 924 994 concupiscit
934 915 1094 976 adversus
1110 914 1276 995 spiritum,
1286 915 1422 996 spiritus
1441 929 1556 980 autem

172 1030 185 1080 5
204 1017 363 1082 adversus
380 1019 537 1084 carnem'.

246 1123 405 1205 Disposui
413 1133 640 1187 testamentum
655 1121 760 1186 electis
778 1123 866 1187 meis.
883 1122 995 1185 Vultis
1012 1123 1096 1185 scire
1121 1124 1291 1205 quomodo
1320 1143 1424 1206 usque
1450 1124 1553 1189 hodie

202 1229 359 1311 disponat
390 1228 557 1292 Dominus
582 1237 821 1292 testamentum
847 1233 970 1291 suum?
998 1227 1087 1290 Bene
1115 1245 1265 1306 agamus,
1290 1238 1323 1288 et
1352 1229 1553 1292 merebimur

202 1334 421 1414 dispositione
453 1333 591 1396 Domini
622 1332 802 1396 electorum
829 1351 901 1395 esse
938 1332 1124 1413 partlcipes.
1160 1330 1281 1393 laraoi
1318 1331 1436 1394 David
1459 1353 1553 1396 servo

202 1459 277 1502 meo.
294 1436 479 1500 Videamus
495 1437 575 1518 quid
600 1438 652 1513 sit,
676 1437 766 1519 quod
796 1437 915 1499 iuravit
937 1436 1109 1498 Dominus.
1139 1434 1214 1498 Hoc
1241 1435 1356 1517 utique
1384 1437 1474 1518 quod
1503 1457 1554 1500 se-

154 1544 322 1623 requitur.
361 1540 468 1622 Usque
506 1541 540 1603 in
574 1551 743 1603 aeternnm
777 1538 976 1622 praeparabo
1001 1559 1108 1601 semen
1136 1548 1238 1602 tarem.
1265 1539 1414 1602 Subveni
1446 1541 1556 1619 nobis,

201 1646 365 1727 apostole,
380 1655 414 1708 et
429 1645 518 1707 hunc
535 1645 751 1728 Interpretare
777 1644 984 1706 versiculum.
1012 1642 1102 1724 Quid
1129 1643 1218 1704 enim
1245 1643 1326 1704 dicit
1353 1647 1553 1724 apostolus?

200 1749 297 1811 ‘Non
314 1750 403 1811 dixit
430 1750 463 1811 iu
489 1749 682 1824 seminibus,
708 1749 767 1812 sed
795 1749 827 1809 iu
856 1748 983 1809 semine
1008 1747 1098 1828 qnod
1124 1756 1175 1808 est
1198 1745 1380 1810 Christus'
1407 1747 1483 1810 Hoc
1502 1759 1554 1811 est

200 1855 289 1935 quod
321 1855 353 1915 in
386 1853 596 1935 Apocalypsi
620 1853 780 1915 Iohannis
796 1849 1040 1933 diciturr‘Qni
1057 1849 1159 1914 habet
1185 1849 1313 1913 clavem
1344 1850 1467 1929 David,
1494 1853 1551 1934 qui

199 1956 324 2020 claudit
340 1967 373 2019 et
390 1976 489 2019 nemo
504 1957 622 2038 aperit,
648 1958 754 2038 aperit
770 1964 803 2018 et
821 1974 921 2017 nemo
937 1954 1061 2016 claudit
1072 1952 1088 2016 '.
1108 1953 1207 2016 Hanc
1223 1953 1351 2016 clavem
1370 1955 1498 2018 scribae
1520 1967 1553 2019 et

150 2079 181 2131 ις
199 2061 362 2140 pharisaei
380 2071 560 2124 tenuerunt
576 2062 609 2124 in
627 2060 709 2142 lege,
725 2061 846 2142 quibus
872 2059 904 2122 in
931 2057 1107 2138 evangelio
1126 2057 1291 2120 Dominus
1318 2057 1423 2121 dicit:
1440 2062 1448 2090 ‘
1477 2058 1550 2122 Vae

199 2164 441 2241 vobisscribae,
457 2165 514 2246 qui
531 2165 790 2228 tenetlsclavem
807 2163 898 2244 regni
915 2160 1082 2225 caelorum
1098 2159 1105 2187 ’
1119 2170 1151 2224 et
1168 2160 1352 2243 reliqua.O
1372 2162 1552 2242 pharisaei,

198 2268 253 2348 qui
269 2269 363 2350 regni
376 2270 485 2333 claves
502 2270 633 2345 tenetis,
649 2279 682 2330 et
699 2269 731 2329 in
750 2267 894 2344 Christo,
910 2266 966 2348 qui
982 2274 1033 2328 est
1049 2266 1173 2329 ostium
1191 2267 1284 2347 regni
1302 2276 1335 2328 et
1352 2265 1461 2342 ianua,
1479 2286 1546 2330 non

197 2373 352 2436 creditis:
384 2374 479 2436 vobis
495 2374 630 2455 quidem
648 2371 899 2453 repromittitur,
921 2370 978 2432 sed
1008 2369 1103 2432 nobis
1132 2370 1303 2432 redditur:
1331 2389 1390 2431 vos
1416 2369 1547 2434 habetis

197 2493 342 2553 carnem,
359 2477 417 2540 sed
435 2496 496 2539 nos
512 2477 665 2558 spiritum
682 2475 806 2539 :immo
822 2473 901 2556 quia
916 2474 1070 2554 spiritum
1088 2474 1244 2551 negastis.
1261 2492 1394 2536 carnem
1411 2493 1548 2555 quoque

145 2599 179 2636 20
196 2597 271 2642 cum
285 2582 403 2662 spiritu
421 2580 623 2662 perdidistis.

239 2681 471 2766 Etaedificabo
493 2685 641 2766 usquein
662 2684 904 2766 generationem
933 2692 966 2745 et
982 2681 1222 2763 generationem
1243 2681 1348 2744 sedem
1372 2691 1474 2746 taam.
1506 2683 1546 2745 ln

195 2787 326 2850 duabus
337 2789 619 2870 generationibus,
635 2799 671 2851 ut
687 2789 847 2862 diximus,
862 2786 959 2849 sedes
982 2787 1045 2848 Dei
1064 2785 1208 2866 ponitur,
1236 2786 1269 2846 in
1296 2785 1549 2848 circumcisione

194 2891 320 2954 scilicet
336 2901 370 2955 et
387 2893 419 2954 in
433 2893 599 2974 gentibus.

238 2993 285 3056 Et
296 2995 530 3076 confitebantur
543 2996 624 3059 caeli
634 2995 803 3059 mirabilia
815 3005 873 3058 tna
890 2994 1037 3058 Domine.
1052 2993 1127 3055 Hoc
1138 3003 1189 3055 est
1206 2992 1295 3074 quod
1309 2994 1341 3055 ln
1359 3002 1479 3055 octavo
1489 2992 1548 3054 de·

141 3120 174 3170 25
194 3100 282 3160 cimo
300 3100 430 3181 psalmo
445 3101 565 3164 dicitur
580 3123 587 3161 :
602 3107 609 3132 ⁴
623 3099 715 3164 Caeli
731 3110 887 3162 enarrant
904 3099 1046 3180 gloriam
1066 3097 1129 3158 Dei
1141 3097 1157 3160 ’.
1175 3095 1370 3161 Secundum
1388 3096 1549 3177 mysticos

194 3202 570 3286 intellectus,apostolos
582 3203 693 3267 caelos
703 3204 859 3286 appellat.
871 3203 905 3268 Si
920 3202 1137 3266 enimdicitur
1147 3200 1189 3263 ad
1203 3201 1429 3280 peccatorem‘
1444 3199 1548 3263 Terra

226 3405 562 3468 raideo]L;audioMOV.
663 3409 719 3456 ain
729 3407 835 3467 terram]
847 3408 875 3456 in
887 3413 956 3455 terra
969 3398 1010 3454 M.
1105 3403 1297 3468 3erselMOV;
1314 3419 1364 3453 om.
1389 3403 1420 3462 L,
1441 3411 1465 3453 et
1484 3403 1544 3468 legit

188 3491 307 3556 qnorrrodo
319 3497 401 3554 porat
418 3498 477 3541 ut...
497 3491 536 3540 Ci.
557 3490 677 3554 loquendi
698 3490 801 3540 modum
819 3491 887 3554 apud
906 3505 952 3538 nos
972 3488 1109 3536 usitatum:
1131 3485 1285 3536 ‘Commeat
1304 3501 1331 3536 se
1343 3483 1434 3550 peut·il
1446 3483 1546 3549 que...’

188 3573 274 3621 Deum
283 3571 397 3634 facilius]
411 3573 461 3622 LM
473 3573 559 3636 3pacil.
573 3573 658 3621 Deum
671 3573 727 3622 OV.
830 3582 843 3632 7
856 3569 940 3631 rarior]
952 3586 1002 3618 orn.
1019 3569 1047 3617 L.
1149 3565 1311 3627 rnerehinrur]
1323 3566 1459 3615 arereiritur
1471 3564 1502 3623 L,
1517 3573 1543 3614 ut

187 3671 264 3720 supra
273 3653 314 3715 48,
327 3668 357 3703 to
367 3655 483 3704 habebam
495 3670 541 3720 pro
551 3654 660 3704 habebat.
764 3666 792 3716 13
804 3656 833 3702 in
846 3647 1002 3716 Apocalypsi]
1014 3652 1043 3700 in
1053 3651 1206 3714 apocalipsin
1226 3649 1255 3698 L.
1361 3647 1547 3710 rstenaerunt]

190 3737 457 3796 L3treiernntMOV.
558 3737 809 3801 Dominus]L;om.
827 3735 913 3785 MOV.
1017 3732 1161 3796 rodonem]
1171 3733 1253 3780 clover
1262 3731 1298 3780 M.
1404 3728 1543 3789 nostiam]

187 3805 298 3869 hortium
319 3819 405 3869 MOV.
509 3818 538 3869 18
556 3819 752 3883 repromittitur]
773 3819 810 3877 L;
831 3824 910 3882 prom.
927 3817 1013 3867 MOV.
1115 3827 1146 3862 22
1171 3811 1230 3873 Der]
1253 3811 1293 3870 L;
1319 3810 1426 3859 Dorniai
1450 3808 1537 3859 MOV.

188 3914 222 3962 24
242 3911 279 3951 ert
299 3899 374 3966 quoi]
396 3903 436 3960 L;
458 3909 484 3950 et
505 3902 550 3959 M;
572 3917 622 3950 om.
649 3900 705 3950 OV.
807 3899 838 3948 26
860 3901 895 3948 ai
911 3893 1069 3962 peccatorem]
1092 3905 1180 3960 postea
1205 3901 1295 3944 mutat.
1322 3893 1347 3941 in
1364 3891 1486 3957 peccatori
1510 3891 1540 3942 L.

236 4145 256 4182 r.
275 4124 352 4182 Rem
378 4138 482 4178 nonam
504 4116 597 4199 rrroleo]
626 4121 706 4195 Lege
728 4117 767 4176 sis
790 4120 840 4176 ad·
891 4117 1001 4175 XIIII.
1021 4135 1068 4191 31,
1085 4117 1102 4172 8
1121 4111 1185 4172 ‘Illi
1212 4107 1358 4188 promisit,
1375 4107 1544 4169 nobisred-

190 4219 251 4268 not.
265 4207 312 4268 ad.
329 4218 348 4264 t.
367 4202 429 4262 111²
442 4220 511 4274 414.
530 4223 553 4261 2.
892 4198 1008 4258 diturus
1024 4208 1076 4256 est.
1094 4196 1101 4224 ’

232 4305 256 4365 5.
269 4282 397 4365 carnem]
413 4286 469 4344 Gal
487 4299 513 4358 5,
534 4303 578 4359 17·
934 4301 979 4338 20.
993 4273 1174 4356 perdr'o'istis]
1193 4272 1307 4335 Confer
1320 4290 1419 4347 supra,
1436 4273 1472 4330 ln
1494 4270 1544 4331 die

236 4389 279 4428 ra.
294 4361 443 4445 Christus]
460 4364 526 4424 Gal.
545 4386 570 4441 3,
594 4367 635 4422 16.
892 4360 1046 4421 dominica
1065 4359 1166 4418 Pasch.
1181 4371 1240 4431 417
1268 4373 1305 4412 2ο
1320 4371 1384 4428 sqq.

237 4470 279 4522 14.
293 4444 417 4526 claudit]
433 4450 527 4521 apoc.
545 4468 571 4524 3,
590 4464 615 4520 7-
766 4507 767 4510 ,
935 4463 979 4502 22,
998 4451 1032 4502 at
1043 4436 1186 4519 deerimus]
1203 4436 1295 4514 paulo
1309 4445 1388 4506 ante,
1405 4452 1432 4510 p.
1450 4450 1498 4510 53,
1512 4451 1537 4511 5.

236 4535 278 4591 16.
295 4525 450 4608 caelorum]
465 4529 512 4590 Cr.
531 4531 602 4586 Luc.
622 4547 666 4600 rr,
683 4544 730 4604 52.
936 4541 981 4601 25.
994 4519 1067 4602 Dei]
1085 4527 1130 4581 Ps.
1151 4523 1194 4590 18,
1214 4539 1238 4578 2.

237 4618 280 4673 18.
295 4615 344 4672 sed
362 4613 440 4671 nobis
462 4607 606 4691 redditur]
629 4611 728 4669 Tract.
742 4609 781 4668 de
797 4629 839 4686 ps.
