4154 5494
445 364 522 446 186
819 389 848 448 s,
873 388 1127 450 arenosum
1150 391 1414 452 cassaturum

436 604 525 670 salus
541 605 621 672 eius.
638 602 830 684 Non'dixit,
844 619 937 671 ‘vana
952 606 1042 672 salus
1061 605 1207 672 hominis
1223 608 1311 673 illius
1326 609 1359 672 in
1382 627 1481 692 quem
1498 616 1618 692 sperat,
1634 608 1692 672 sed
1710 607 1799 672 salus

437 710 507 775 eius
523 709 580 794 qui
597 719 709 793 sperat
726 709 758 774 in
775 707 920 776 homine.

478 815 521 880 In
537 814 607 880 Deo
612 814 785 895 faciemus
799 814 962 880 virtutem.
987 814 1063 880 Non
1085 816 1268 882 habeamus
1290 835 1394 900 spem,
1419 817 1481 881 nisi
1503 817 1542 881 in
1562 816 1638 882 Deo
1657 825 1799 882 tanturn.

438 917 515 983 Non
532 918 697 983 dicamus:
719 919 756 984 Si
772 917 852 983 illud
877 918 958 983 mihi
977 921 1119 998 eveniat,
1142 930 1199 985 aut
1221 921 1312 1000 illud,
1336 921 1424 986 unde
1443 921 1553 986 babeo
1572 921 1707 986 vivere?
1734 921 1799 984 Re·

436 1021 588 1104 spondeo
599 1021 672 1086 tibi:
685 1022 773 1105 quod
789 1022 895 1086 maius
908 1025 1003 1100 est,si
1017 1025 1204 1107 persecutio
1216 1023 1281 1102 liat,
1293 1025 1382 1090 unde
1397 1025 1500 1090 habes
1516 1027 1646 1092 vivere?
1660 1026 1801 1108 Semper
1837 1040 1852 1093 5

438 1125 618 1210 Xpistiano
634 1127 820 1208 persecutio
835 1136 894 1205 est,
910 1147 1041 1210 semper
1056 1129 1190 1192 nuditas
1208 1129 1380 1213 proposita
1395 1140 1453 1194 est.
1472 1130 1582 1195 Nemo
1605 1149 1685 1213 ergo
1700 1127 1800 1194 debet

431 1211 480 1294 'de
495 1229 564 1294 vita
580 1231 643 1293 ista
656 1229 842 1312 disponere,
858 1251 957 1296 nemo
973 1231 1100 1310 timeat,
1116 1253 1216 1298 nemo
1230 1234 1331 1299 debet
1346 1233 1471 1298 dicere:
1493 1232 1529 1298 Si
1546 1253 1696 1314 senuero,
1712 1234 1801 1298 unde

438 1335 546 1400 habeo
572 1334 705 1401 vivere?
726 1335 754 1400 si
777 1334 927 1400 infirmus
948 1334 1054 1400 lactus
1080 1335 1182 1413 luero,
1209 1337 1298 1401 unde
1325 1337 1425 1402 vivo?
1446 1337 1605 1419 Xpistum
1629 1336 1742 1413 habes,
1768 1345 1801 1400 et

438 1439 560 1506 times?
577 1439 613 1505 Si
629 1438 783 1514 volatilia¹
793 1438 875 1504 caeli
892 1441 1007 1522 pascit,
1023 1438 1159 1505 dubitas
1174 1439 1266 1523 quod
1291 1439 1396 1523 possit
1412 1448 1444 1503 te
1461 1443 1618 1522 pascere?
1635 1438 1800 1503 Diabolus

440 1544 546 1627 pascit
561 1563 639 1609 suos
655 1542 818 1622 homines,
839 1552 872 1607 et
889 1543 1031 1626 Xpistus
1055 1564 1121 1607 non
1146 1554 1260 1626 pascet
1284 1561 1396 1608 servos
1416 1547 1517 1607 suos?
1535 1541 1699 1608 Diabolus
1725 1541 1802 1607 iacit
1825 1562 1857 1602 ro

440 1649 565 1713 iudices
584 1646 682 1712 huius
705 1647 819 1714 mundi
841 1655 875 1711 et
893 1648 1023 1726 divites,
1043 1658 1076 1712 et
1098 1649 1240 1730 Xpistus
1261 1667 1327 1712 non
1351 1657 1461 1731 potest
1483 1657 1517 1712 te
1541 1646 1649 1734 lacere
1674 1656 1711 1711 ut
1736 1666 1802 1710 non

442 1751 634 1816 mendices?
651 1751 815 1816 Diabolus
830 1751 889 1815 dat
905 1770 1023 1816 aurum
1040 1760 1075 1816 et
1090 1771 1252 1834 gemmas,
1264 1762 1297 1816 et
1314 1751 1456 1834 Xpistus
1469 1770 1591 1834 panem
1610 1771 1676 1816 non
1693 1758 1804 1833 potest

441 1858 545 1922 dare?
563 1857 634 1920 Nos
649 1871 784 1920 omnem
801 1854 1058 1920 sollicitudinem
1074 1855 1275 1938 proiciamus
1292 1856 1335 1921 de
1346 1856 1502 1920 cordibus
1519 1856 1652 1932 nostris,
1666 1864 1700 1918 et
1715 1853 1805 1918 dica·

444 1980 533 2026 mus:
548 1961 590 2025 In
605 1961 676 2025 Deo
682 1960 848 2041 faciemus
867 1957 1031 2023 virtrrtem.
1057 1959 1134 2041 lpse
1156 1959 1218 2021 erit
1234 1959 1338 2022 virtus
1352 1968 1473 2034 nostra,
1490 1957 1561 2041 ipse
1572 1957 1669 2040 panis
1686 1966 1806 2033 noster,

444 2065 515 2149 ipse
538 2068 599 2131 erit
620 2076 727 2131 rector
746 2074 866 2130 noster.
882 2061 929 2126 Et
951 2063 1017 2143 ipse
1033 2062 1083 2127 ad
1097 2059 1239 2126 nihilum
1261 2062 1393 2126 deducet
1411 2061 1559 2127 iniins'cos
1579 2069 1711 2125 nostros.
1729 2060 1806 2142 Ipse
1828 2083 1838 2121 ι
1842 2083 1858 2136 5

445 2189 505 2234 nos
524 2171 672 2248 coronat,
690 2169 761 2252 ipse
788 2177 916 2250 pugnat
938 2165 1127 2229 nobiscum:
1153 2165 1259 2248 magis
1283 2175 1396 2230 autem
1424 2165 1495 2248 ipse
1516 2164 1618 2228 vincit
1645 2164 1677 2226 in
1702 2162 1806 2226 nobis.

446 2273 537 2356 Quid
553 2273 641 2339 enirn
662 2273 829 2338 dicimus?
852 2270 893 2334 In
908 2269 975 2333 Deo
981 2269 1150 2349 faciemus
1160 2270 1326 2339 virtutem.
1343 2268 1490 2352 Quando
1512 2267 1601 2330 enim
1619 2264 1719 2330 sortes
1738 2261 1805 2328 lue·

447 2379 560 2454 rimus,
582 2377 653 2461 ipse
676 2377 718 2440 ad
745 2375 885 2441 nihilum
911 2376 1055 2440 deducet
1078 2376 1232 2440 inimicos
1252 2389 1392 2440 nostros.
1417 2374 1494 2439 Non
1516 2373 1614 2451 dixit,
1635 2370 1807 2456 pugnabit,

447 2491 505 2545 aut
520 2482 666 2546 occidet:
681 2481 749 2558 sed,
765 2481 808 2544 ad
825 2479 965 2544 nihilum
989 2479 1139 2544 deducet.
1159 2480 1240 2544 ldeo
1260 2501 1318 2545 eos
1333 2481 1375 2545 ad
1394 2478 1532 2544 nihilum
1548 2475 1705 2553 deducet,
1718 2484 1763 2552 ut,
1778 2475 1805 2536 si

449 2583 599 2662 voluerit,
614 2583 715 2648 l'ortes
732 2604 788 2648 eos
805 2584 915 2663 saciat,
936 2593 969 2648 et
985 2582 1146 2665 glorificet
1164 2605 1228 2649 eos.
1251 2584 1493 2650 Benedicamus
1516 2601 1597 2664 ergo
1612 2580 1738 2645 Deum:
1754 2577 1807 2641 cui
1826 2606 1860 2642 so

448 2689 491 2752 sit
506 2675 612 2771 gloria
628 2687 661 2752 in
679 2687 813 2753 saecula
829 2687 1046 2752 saeculorum.
1064 2685 1184 2750 Amen.

871 2907 945 2982 DE
981 2907 1204 2995 PSALMO
1236 2906 1387 2981 CVlll.

493 3130 535 3196 In
552 3129 667 3212 finem,
685 3125 803 3192 David
814 3125 974 3210 psalmus.
999 3125 1098 3210 Quod
1126 3126 1207 3191 dicit
1235 3125 1270 3190 in
1285 3125 1401 3208 finem,
1425 3123 1658 3206 intellegamus
1679 3142 1745 3187 non
1767 3122 1810 3186 de

451 3233 615 3318 praesenti
641 3232 717 3310 dici,
737 3233 794 3296 sed
811 3233 854 3295 de
877 3231 996 3295 futuro.
1020 3231 1056 3296 Si
1078 3240 1190 3296 autem
1212 3232 1254 3295 de
1277 3227 1388 3294 tuturo
1411 3229 1546 3305 dicitur,
1561 3225 1738 3311 prophetia
1764 3225 1808 3290 de

451 3339 576 3423 Xpisto
592 3349 651 3404 est.
1829 3357 1859 3412 25

494 3444 585 3508 Deus
605 3439 734 3508 laudem
755 3463 860 3506 meam
885 3464 925 3505 ne
944 3441 1090 3506 tonsoris.
1121 3443 1197 3506 Hoc
1220 3452 1280 3521 est,
1309 3441 1410 3505 ludas
1438 3456 1491 3502 me
1519 3435 1667 3512 tradidit,
1693 3433 1809 3500 Iudaei

451 3548 614 3632 persecuti
636 3558 715 3611 sunt
737 3557 770 3610 et
786 3545 1032 3624 crucifixerunt,
1051 3556 1084 3610 et
1108 3553 1308 3628 putaverunt
1332 3561 1386 3607 me
1409 3540 1442 3604 in
1464 3537 1564 3604 finem
1588 3537 1735 3622 perdere.
1758 3537 1810 3601 Tu

452 3661 564 3716 autem
582 3652 676 3715 Deus
691 3649 825 3715 laudem
850 3672 958 3717 meam
977 3673 1017 3717 ne
1034 3654 1184 3718 tacueris.
1208 3653 1393 3718 Universae
1408 3647 1568 3712 ecclesiae
1588 3667 1647 3730 per
1662 3645 1812 3728 singulos

452 3756 524 3820 dies
545 3754 684 3820 laudant
709 3755 902 3832 Dominum,
921 3769 954 3822 et
975 3757 1132 3840 conpleta
1153 3765 1203 3820 est
1228 3755 1336 3820 oratio
1363 3755 1501 3821 Domini
1529 3753 1690 3818 dicentis:
1718 3753 1812 3816 Deus

453 3859 586 3924 laudem
605 3878 714 3924 meam
737 3878 778 3924 ne
800 3861 949 3926 tacueris.
965 3862 1055 3925 Vide
1076 3863 1170 3925 cuius
1185 3859 1360 3943 dignitatis
1383 3867 1461 3922 sunt
1481 3856 1679 3922 sacerdotes.
1696 3855 1811 3920 Sacer·
1830 3879 1862 3932 30

454 3963 550 4028 dotes
567 3963 735 4028 locuntur:
750 3974 785 4027 et
801 3963 833 4026 in
850 3964 1078 4028 sacerdotibus
1101 3965 1193 4028 Deus
1210 3964 1343 4027 laudem
1361 3961 1436 4026 Filii
1458 3961 1507 4024 sui
1524 3979 1591 4024 non
1608 3966 1706 4023 tacet.
1724 3957 1813 4036 Quia
1871 4023 1876 4032 ,

453 4088 488 4131 os
495 4067 670 4150 peccatoris
680 4075 711 4130 el
726 4088 759 4130 os
768 4067 870 4131 dolosi
876 4082 972 4150 super
983 4077 1187 4151 ineaprrtum
1202 4077 1257 4132 est.
1270 4067 1455 4132 Videamus
1470 4062 1641 4148 quomodo
1652 4081 1691 4126 os
1710 4061 1813 4126 ludas

455 4170 633 4254 proditoris
648 4181 801 4255 apertum
819 4180 869 4235 est
890 4172 923 4234 in
941 4170 1134 4235 Dominum.
1153 4172 1255 4236 Venit
1274 4172 1317 4235 ad
1335 4169 1519 4233 Dominum
1536 4174 1574 4230 ut
1597 4183 1672 4229 eum
1695 4164 1814 4238 tradat,

491 4353 500 4390 ι
515 4342 587 4391 illius
599 4343 628 4391 in
638 4351 711 4407 quim
723 4338 814 4408 sperat]
825 4343 911 4410 accepi
920 4361 951 4395 ex
960 4343 1017 4396 cod.
1032 4346 1049 4396 S
1062 4363 1069 4404 ς
1080 4361 1131 4396 om.
1145 4341 1193 4412 βει
1206 4344 1303 4410 reliqui.
1372 4335 1454 4407 5fiat]
1461 4337 1544 4403 suerit
1554 4335 1586 4386 C.
1654 4333 1814 4401 stirpeam]

455 4421 551 4471 ABCG
562 4438 569 4480 ;
582 4422 710 4488 disputare
722 4425 740 4474 S
750 4439 757 4482 ;
769 4422 897 4489 desperare
910 4423 935 4490 β.
1026 4438 1042 4486 9
1053 4426 1120 4490 quod
1125 4427 1203 4490 possit
1214 4425 1246 4487 le]
1259 4425 1324 4490 puori
1334 4432 1356 4474 te
1367 4441 1417 4474 nors
1427 4425 1504 4488 possit
1516 4423 1542 4472 S.
1641 4432 1666 4470 ¹1
1680 4426 1704 4469 cl
1713 4417 1813 4479 diuites]

458 4501 535 4570 βοιη.
549 4512 580 4556 et.
665 4504 785 4570 descrere]
799 4507 974 4571 BCGsiibis.
990 4505 1124 4573 Αςβοιιι.
1139 4523 1286 4572 pronomen.
1385 4507 1533 4570 13omrrem]
1546 4507 1563 4558 S
1576 4505 1634 4556 add.
1646 4501 1811 4552 mutrdanam.

460 4598 489 4647 19
499 4587 525 4636 si
531 4585 647 4647 voluerit]
658 4585 771 4648 coddssi
778 4589 904 4641 wluen'nr
912 4587 936 4657 β.
1007 4603 1038 4639 22
1048 4597 1092 4638 DE
1107 4596 1237 4638 PSALMO
1253 4589 1346 4651 CVlll]
1357 4587 1428 4639 Brev.
1438 4589 1486 4639 col.
1500 4586 1568 4649 122'4.
1639 4579 1814 4650 uprophelia]

453 4668 628 4734 prophetaturis
640 4669 667 4722 S.
768 4669 799 4721 28
811 4687 848 4737 sq.
868 4669 1004 4722 Universae
1014 4673 1122 4722 ecclesiae
1177 4672 1293 4734 laudarit]
1305 4671 1371 4722 codd
1381 4688 1388 4732 ς
1405 4670 1526 4720 universa
1536 4667 1634 4719 ccclesia
1645 4665 1734 4716 laudat
1746 4660 1770 4731 β.
