4158 5492
648 438 903 499 TRACTATUS
925 437 983 495 DE
1005 435 1172 496 PSALMO
1194 437 1229 494 V.
1560 437 1609 518 13

258 653 439 738 aliquando
456 653 570 717 iniusti
587 663 666 718 ante
693 654 807 718 oculos
824 654 898 732 Dei,
915 663 1107 718 manserunt
1133 653 1208 718 Deo
1223 664 1424 737 expectante
1441 653 1611 736 paeniten-

257 757 338 822 tiam
366 757 536 841 ipsorum3
561 757 802 840 sedquoniam
828 766 1081 840 permanserunt
1108 757 1230 834 iniusti,
1255 766 1430 840 propterea
1446 776 1512 821 non
1536 777 1610 840 per·

258 870 451 926 manserunt
465 871 544 926 ante
558 861 673 926 oculos
689 862 762 928 Dei.

302 968 415 1033 Odisti
426 989 536 1032 omnes
553 966 613 1050 qui
630 975 808 1048 operantur
831 965 1045 1048 iniquitatem.
1066 963 1188 1030 Infelix
1215 975 1275 1044 est,
1300 984 1400 1048 quem
1417 965 1489 1028 odit
1510 965 1610 1028 Deus.

225 1091 239 1144 5
257 1072 341 1156 Quis
356 1081 407 1136 est
423 1072 478 1135 illc
492 1091 592 1155 quem
609 1070 681 1134 odit
698 1071 815 1133 Deus?
832 1068 898 1152 Qui
926 1081 1083 1152 operatur
1098 1069 1317 1152 iniquitatem.
1335 1069 1370 1135 Si
1395 1088 1476 1151 ergo
1491 1088 1609 1132 omnes

256 1197 442 1260 peccamus,
458 1186 491 1240 et
507 1176 707 1260 quicumque
723 1183 849 1258 peccat,
863 1174 943 1238 odio
965 1173 1107 1237 habetur
1123 1195 1142 1236 a
1159 1173 1243 1250 Deo,
1258 1193 1338 1256 ergo
1353 1173 1432 1238 odio
1447 1173 1610 1237 habemur

256 1300 276 1343 a
292 1280 451 1345 Domino.
467 1280 504 1346 Si
529 1287 643 1342 autem
659 1279 739 1342 odio
765 1277 960 1342 habemura
990 1276 1148 1354 Domino,
1174 1279 1345 1360 quomodo
1360 1278 1468 1359 gratia
1492 1275 1610 1340 salvati

258 1391 397 1450 sumus?
424 1383 538 1450 Odisti
558 1384 744 1465 omnesqui
766 1393 942 1466 operantur
956 1383 1169 1464 iniquitatem.
1187 1383 1264 1447 Non
1290 1382 1387 1460 dixit,
1401 1383 1459 1465 qui
1482 1381 1610 1464 operati

257 1499 333 1553 sunt
355 1488 590 1571 iniquitatem
617 1487 685 1564 sed,
709 1489 766 1571 qui
788 1497 969 1570 operantur
994 1486 1215 1570 iniquitatem.
1241 1486 1307 1570 Qui
1335 1497 1547 1570 perseverant
1575 1488 1608 1550 in

210 1615 241 1654 10
256 1603 404 1676 peccato,
420 1592 466 1658 illi
482 1593 562 1657 odio
576 1593 770 1658 habentura
787 1593 955 1657 Domino:
971 1594 1028 1675 qui
1041 1600 1153 1655 autem
1171 1591 1377 1668 dimiserunt,
1392 1591 1438 1654 illi
1455 1601 1611 1656 amantur

255 1718 275 1761 a
292 1697 449 1761 Domino.
468 1697 582 1762 Odisti
594 1696 772 1781 omnesqui
789 1706 967 1780 operantur
986 1697 1200 1779 iniquitatem.
1220 1696 1296 1761 Hoc
1315 1698 1357 1761 de
1373 1697 1614 1780 peccatoribus,

256 1803 312 1884 qui
329 1803 362 1866 in
379 1802 525 1885 peccatis
540 1811 762 1885 perseverant.
778 1801 965 1867 Videamus
980 1800 1070 1864 aliud
1087 1801 1167 1884 quid
1184 1801 1342 1884 sequitur.

299 1904 422 1970 Perdes
435 1925 544 1969 omnes
557 1905 618 1988 qui
629 1908 780 1970 locuntur
793 1906 1005 1970 mandacium.
1021 1907 1107 1971 Rem
1133 1927 1253 1970 novam
1277 1907 1383 1971 video.
1401 1906 1467 1990 Qui
1486 1907 1610 1971 malum

256 2020 420 2094 operatur,
435 2011 514 2075 odio
530 2011 672 2074 habetur
687 2034 694 2092 ;
710 2011 766 2093 qui
784 2012 950 2087 mentitur,
966 2012 1062 2094 perit.
1077 2011 1263 2076 Videamus
1279 2013 1359 2095 quid
1377 2013 1420 2075 sit
1436 2011 1520 2093 plus,
1532 2010 1613 2075 odio

212 2137 239 2192 ¹5
257 2115 370 2180 haberi
385 2135 406 2179 a
422 2114 580 2191 Domino,
592 2135 633 2179 an
651 2115 765 2197 perire.
782 2115 849 2200 Qui
868 2115 947 2180 odio
962 2115 1104 2180 habetur
1119 2137 1140 2178 a
1156 2115 1240 2194 Deo,
1256 2115 1375 2180 infelix
1398 2118 1534 2199 quidem
1553 2126 1613 2194 est,

255 2223 334 2305 quia
349 2221 429 2285 odio
443 2220 585 2284 habetur
600 2240 620 2283 a
637 2219 808 2284 Domino:
832 2221 889 2282 sed
906 2217 1015 2283 adhuc
1032 2221 1120 2284 vivit.
1138 2219 1204 2303 Qui
1228 2229 1339 2284 autern
1358 2218 1503 2302 loquitur
1520 2238 1612 2282 men·

256 2327 388 2390 dacium
412 2334 446 2389 et
473 2325 567 2408 perit,
592 2325 657 2387 iam
674 2343 747 2386 esse
771 2323 909 2388 desistit.
928 2323 1019 2406 Ergo
1047 2323 1207 2387 infelicior
1233 2333 1292 2400 est,
1313 2324 1370 2407 qui
1400 2323 1610 2387 mendacium

258 2430 413 2513 loquitur,
427 2447 528 2512 quam
557 2427 612 2491 ille
627 2429 683 2511 qui
708 2438 864 2510 operatur
882 2428 1092 2511 iniquitatem
1108 2451 1115 2491 τ
1131 2429 1187 2511 qui
1211 2429 1299 2493 enirn
1320 2439 1477 2511 operatur
1493 2427 1612 2510 iniqui-

258 2543 372 2612 tatem,
387 2533 466 2597 odio
482 2532 644 2611 habetur;
668 2533 725 2615 qui
747 2541 859 2596 autem
889 2532 1035 2615 loquitur
1062 2532 1283 2610 mendacium,
1307 2533 1401 2616 perit.
1425 2532 1498 2598 ‘Os
1522 2532 1610 2596 enim

209 2662 241 2700 ro
257 2640 346 2722 quod
375 2639 543 2716 mentitur,
568 2637 691 2701 occidit
718 2637 865 2703 animam
891 2637 908 2704 ¹.
936 2636 980 2700 Et
1004 2637 1176 2719 quomodo
1204 2637 1363 2719 scriptum
1390 2646 1441 2702 est
1466 2643 1473 2670 ¹
1500 2637 1549 2703 Ut
1569 2638 1613 2702 sit

256 2744 350 2808 Deus
365 2763 478 2818 verax,
495 2742 597 2806 homo
624 2750 736 2805 autem
753 2742 863 2804 omnis
881 2742 1029 2805 mendax
1045 2742 1078 2804 'i
1106 2739 1142 2805 Si
1159 2750 1271 2805 autem
1288 2742 1490 2824 quicumque
1505 2741 1611 2824 loqui·

256 2857 309 2913 tur
325 2847 547 2923 mendacium,
563 2849 628 2911 iam
659 2846 754 2927 perit,
769 2854 803 2909 et
818 2846 941 2910 occidit
965 2846 1112 2909 animam
1129 2864 1234 2922 suam,
1250 2865 1367 2910 omnes
1390 2855 1501 2911 autem
1520 2866 1610 2912 men·

256 2952 377 3015 timor:
392 2971 473 3033 ergo
498 2969 616 3015 omnes
632 2949 837 3031 peribimus?
863 2949 955 3032 Ergo
970 2949 1023 3012 hic
1050 2950 1141 3032 quod
1167 2949 1257 3027 dicit,
1275 2951 1396 3015 Perdes
1421 2950 1611 3032 omnesqui

256 3053 409 3119 locuntur
434 3053 656 3131 mendacium,
682 3062 715 3116 et
740 3072 784 3116 ex
807 3053 1087 3136 consequentibus
1115 3054 1244 3136 psalmi,
1268 3064 1302 3118 et
1326 3075 1370 3118 cx
1399 3054 1473 3137 ipso
1495 3055 1612 3118 ordine

210 3184 239 3236 ²5
257 3157 448 3240 intellegere
463 3177 650 3241 possumus,
670 3157 748 3239 quia
764 3155 806 3220 de
822 3155 996 3220 haereticis
1022 3157 1112 3221 dicit.
1130 3155 1196 3239 Qui
1213 3157 1302 3220 enim
1319 3166 1475 3239 operatur
1491 3157 1612 3241 iniqui-

257 3269 368 3339 tatem,
396 3281 491 3324 suam
523 3271 654 3325 tanturn
687 3261 834 3324 animam
866 3259 1010 3340 occidit;
1040 3261 1096 3343 qui
1128 3270 1240 3324 autem
1273 3261 1458 3324 haereticus
1487 3271 1547 3338 est,
1578 3273 1611 3325 et

258 3363 402 3447 loquitur
423 3364 644 3442 mendacium,
666 3375 717 3428 tot
733 3365 855 3428 occidit
871 3364 1033 3442 homines,
1054 3374 1135 3446 quot
1159 3363 1338 3426 induxerit.
1359 3363 1483 3427 Perdes
1506 3385 1614 3429 omncs

256 3468 315 3549 qui
334 3468 485 3530 locaretur
504 3465 715 3532 tueadaciuur.
743 3468 928 3530 Videamus
955 3469 1012 3550 qui
1040 3477 1118 3532 sunt
1143 3467 1196 3530 isti
1221 3466 1276 3549 qui
1305 3466 1459 3530 locuntur
1475 3469 1612 3533 menda·

257 3572 351 3636 cium.

211 3707 242 3758 3⁰
307 3676 424 3742 Virum
439 3675 640 3760 sanguinum
655 3686 687 3740 et
706 3677 849 3740 dolosana
868 3676 1113 3742 abominabitur
1136 3679 1310 3742 Dominus.
1332 3678 1394 3743 Vir
1410 3681 1610 3762 sanguinum

258 3784 365 3847 omnis
380 3784 565 3847 haereticus
581 3792 652 3860 est3
675 3783 797 3845 cotidie
813 3782 901 3845 enim
929 3783 1115 3845 animarum
1133 3783 1243 3848 fundit
1261 3786 1468 3867 sanguinem.
1496 3785 1612 3849 Virum

257 3890 454 3972 sanguinum
469 3899 501 3954 et
515 3889 667 3954 dolosum.
688 3889 792 3953 Recte
807 3889 905 3964 dixit,
921 3887 1096 3953 dolosum:
1112 3899 1145 3953 et
1161 3890 1330 3953 homicida
1351 3899 1411 3966 est,
1427 3898 1459 3952 et
1476 3888 1612 3952 dolosus

290 4106 304 4156 8
324 4107 415 4168 Odisti]
438 4107 532 4158 Gadd.
556 4108 661 4157 dontius.
687 4107 719 4157 cl.
740 4107 947 4157 Commentariol.
973 4125 996 4172 p.
1015 4119 1052 4171 13,
1077 4109 1091 4157 l.
1117 4125 1140 4170 4.
1245 4123 1273 4159 12
1291 4110 1366 4174 pisid]
1388 4109 1471 4168 13083
1494 4110 1560 4173 quui
1581 4107 1611 4156 C.

262 4199 288 4250 17
296 4191 375 4254 perit]
381 4191 463 4257 periit
474 4190 528 4240 Cet
540 4189 576 4240 sic
585 4190 611 4240 in
622 4205 677 4254 sqq.
779 4202 809 4254 23
818 4189 967 4254 peribiums]
975 4191 1091 4253 perimus
1103 4192 1134 4242 G.
1237 4205 1269 4255 30
1277 4191 1473 4252 abominabitur]
1485 4191 1579 4239 abbam.
1591 4193 1611 4240 C

258 4283 408 4325 constanter.
509 4285 536 4336 31
544 4272 649 4338 sundri]
655 4272 773 4332 fundunt
781 4275 821 4333 (ex
826 4273 952 4338 fundent)
964 4273 993 4322 C.

300 4473 325 4530 7.
341 4455 455 4516 salvati
460 4474 559 4515 sumus
570 4452 594 4537 i]
612 4459 637 4516 E
660 4457 720 4518 hes.
740 4477 765 4529 a,
783 4475 809 4534 5.
827 4460 852 4516 8.
962 4477 1069 4518 novam
1084 4457 1175 4518 audio
1190 4460 1216 4532 ’ς
1230 4460 1344 4519 Contra
1357 4459 1482 4520 Luciler.
1508 4481 1535 4520 n.
1558 4483 1611 4522 ro:

304 4558 313 4596 ι
320 4558 347 4614 3.
364 4539 437 4596 Rem
449 4556 551 4596 navam
561 4476 789 4617 videolHieron.
802 4559 847 4614 ep.
861 4557 876 4614 5
881 4557 908 4614 5,
963 4543 970 4572 ‘
986 4540 1103 4598 Novam
1120 4559 1181 4600 rem
1197 4539 1301 4598 asseris
1317 4542 1324 4568 '
1338 4553 1393 4600 etc.

260 4637 286 4676 n.
304 4641 342 4693 4:
369 4619 470 4678 ‘Rem
496 4637 603 4678 novam
631 4621 736 4696 loquor
751 4623 771 4693 ’;
795 4639 842 4696 ep.
859 4622 907 4696 69,
1004 4641 1048 4680 20.
1064 4623 1196 4680 annuam
1226 4622 1293 4698 Sap.
1316 4643 1340 4696 1,
1358 4639 1397 4681 ιι.

261 4719 287 4758 n.
305 4720 321 4775 3
348 4711 377 4759 et
403 4699 515 4760 Contra
530 4701 626 4778 Pelag.
652 4721 675 4772 1,
706 4701 779 4772 14*:
807 4703 906 4760 ‘Rem
1002 4722 1047 4760 21.
1065 4704 1189 4762 mendax
1219 4703 1306 4762 Rom.
1326 4724 1352 4779 3,
1369 4724 1396 4776 4.
