4060 5498
486 415 543 506 90
868 421 896 480 s,
929 420 1184 482 uranouvnu
1215 417 1485 478 Pansavranr

486 615 520 679 in
539 616 698 698 mysterio
714 616 905 684 Salvatoris.
925 617 997 683 Nos
1014 621 1177 685 babemus
1200 617 1306 681 nubes
1319 627 1459 696 nostras,
1472 617 1656 700 prophetas
1667 628 1702 683 et
1712 628 1837 701 aposto·

487 720 538 783 los
553 740 561 797 ;
578 720 712 785 undeet
727 721 807 785 alibi
819 722 941 786 dicitur
953 728 960 755 ⁸
973 723 1111 788 Veritas
1123 733 1181 787 tua
1193 722 1352 804 usquead
1375 722 1481 786 nubes
1491 722 1507 788 ’.
1521 720 1558 787 Si
1570 739 1677 802 usque
1689 720 1732 783 ad
1744 719 1842 783 nubes

488 824 584 888 istius
599 826 683 888 aeris
700 827 822 890 veritas
835 827 915 904 eius,
930 829 1101 910 quomodo
1120 826 1201 890 alibi
1218 825 1357 890 dicitur‘
1370 825 1507 890 Veritas
1523 825 1565 888 de
1577 833 1664 887 terra
1676 831 1751 886 orta
1767 823 1843 886 est'?

490 929 581 1011 Ergo
597 932 687 1012 quod
704 931 784 995 dicit
800 930 864 994 hoc
880 943 938 996 est.
955 930 1091 996 Veritas
1107 942 1165 995 tua
1194 949 1300 1013 usque
1327 930 1370 993 ad
1385 929 1498 993 nubes.
1522 926 1709 1008 Prophetas
1732 925 1842 1009 utique

487 1045 521 1098 et
536 1035 706 1118 apostolos
722 1033 892 1116 significat
907 1059 914 1098 τ
929 1057 1016 1117 quae
1034 1036 1140 1099 nubes
1159 1035 1224 1098 nisi
1241 1036 1327 1098 inter
1342 1053 1379 1098 se
1394 1031 1673 1107 fueriotcollisae,
1688 1028 1842 1112 splendo·
1876 1057 1886 1107 ς

487 1161 557 1205 rem
574 1161 671 1205 suum
688 1143 767 1204 dare
786 1161 852 1204 non
870 1153 1011 1224 possunt
1029 1163 1036 1219 ;
1054 1142 1081 1204 si
1099 1150 1211 1205 autem
1229 1160 1297 1203 uno
1313 1159 1410 1203 cursu
1435 1135 1660 1218 contiguerint
1685 1135 1843 1209 intonare,

488 1243 620 1325 fulgura
646 1245 680 1307 in
706 1255 779 1309 toto
805 1245 884 1308 orbe
907 1246 1042 1309 cadunt.
1060 1244 1173 1308 Vultis
1196 1243 1281 1308 scire
1298 1244 1470 1326 quomodo
1483 1240 1591 1305 sancti
1615 1239 1648 1302 in
1671 1236 1840 1321 scripturis

489 1346 594 1409 nubes
622 1347 859 1430 appellentur?
886 1347 1019 1413 Dicitur
1043 1349 1076 1412 in
1105 1349 1228 1412 Esaia:
1257 1353 1264 1381 ‘
1291 1345 1468 1411 Mandabo
1491 1344 1638 1409 nubibus
1663 1363 1706 1406 ne
1730 1341 1843 1424 pluant

489 1468 588 1530 super
603 1468 660 1511 eos
673 1450 814 1513 imbrem
831 1449 847 1515 '.
864 1451 1003 1534 Moyses
1018 1451 1128 1515 nubes
1142 1462 1223 1528 erat,
1239 1460 1273 1515 et
1288 1451 1363 1514 ideo
1378 1449 1602 1532 loquebatur:
1617 1447 1844 1528 ‘Expectetur

490 1553 575 1616 sicut
591 1553 702 1635 pluvia
726 1554 896 1634 eloquium
922 1576 1032 1619 meum
1054 1555 1070 1621 ¹.
1095 1555 1337 1638 Apostolorum
1362 1553 1527 1636 epistolae
1551 1563 1685 1616 nostrae
1716 1550 1843 1631 pluviae
1862 1575 1885 1612 ro

488 1666 566 1721 sunt
582 1657 756 1738 spiritales.
774 1657 866 1740 Quid
890 1660 979 1723 enim
995 1661 1080 1724 dicit
1096 1659 1221 1724 Paulus
1237 1661 1269 1722 in
1288 1658 1429 1741 epistola
1445 1656 1488 1722 ad
1508 1656 1710 1720 Hebraeos?
1728 1653 1843 1717 ‘Terra

489 1759 579 1824 enim
597 1779 699 1840 saepe
715 1759 907 1825 venientem
930 1780 1030 1843 super
1046 1782 1082 1824 se
1098 1760 1218 1826 bibens
1234 1762 1375 1825 imbrem
1389 1760 1396 1787 ¹
1412 1767 1446 1823 et
1469 1759 1606 1842 reliqua.
1633 1759 1678 1822 Et
1705 1759 1843 1822 iterum:

488 1864 586 1945 ‘Ego
601 1863 760 1945 plantavi,
776 1864 904 1946 Apollo
921 1867 1041 1947 rigavit
1060 1866 1076 1928 ¹.
1101 1865 1195 1930 Vidit
1206 1876 1238 1928 et
1251 1875 1406 1929 commota
1422 1873 1470 1928 est
1486 1873 1585 1928 terra.
1605 1863 1643 1926 ln
1669 1874 1744 1927 toto
1768 1862 1842 1926 orbe

489 1989 660 2033 sermones
677 1968 821 2033 Domini
842 1969 1050 2050 fulgurantes
1067 1981 1154 2034 terra
1175 1971 1291 2046 sensit,
1305 1980 1338 2032 et
1361 1981 1453 2033 mota
1478 1977 1538 2046 est,
1553 1987 1639 2050 quae
1664 1976 1838 2049 antequam

491 2084 679 2139 moveretur
694 2075 779 2136 dura
795 2083 879 2150 erat,
894 2084 927 2137 et
943 2075 1083 2137 verbum
1103 2075 1242 2136 Domini
1255 2073 1421 2154 suscipere
1437 2091 1503 2135 uon
1519 2069 1663 2134 valebat.
1677 2069 1839 2152 Respexit
1861 2096 1869 2131 ι
1874 2096 1887 2145 5

489 2199 564 2243 eam
582 2178 769 2241 Dominus‘
786 2177 843 2259 qui
860 2177 996 2260 respicit
1016 2187 1138 2240 terram
1156 2188 1189 2240 et
1201 2176 1281 2241 facit
1296 2195 1370 2240 eam
1387 2187 1529 2240 tremere
1539 2173 1556 2239 ¹.
1573 2173 1664 2256 Quid
1693 2183 1745 2237 est
1772 2173 1839 2250 boc,

491 2283 659 2347 faciteam
677 2285 843 2345 tremere?
859 2279 988 2364 ‘Super
1005 2300 1104 2362 quem
1126 2280 1228 2343 alium
1256 2281 1473 2363 requiescam,
1489 2279 1551 2342 nisi
1570 2299 1671 2360 super
1686 2278 1839 2342 humilem

490 2401 524 2453 et
540 2388 690 2471 quietum
708 2396 741 2449 et
758 2395 958 2449 trementem
977 2405 1147 2448 sermones
1165 2403 1257 2448 meos
1271 2384 1303 2446 i'

532 2493 659 2554 Montes
683 2489 767 2552 sicut
790 2508 862 2551 cera
878 2487 1053 2570 fluxemnt
1071 2511 1092 2552 a
1099 2489 1195 2569 facie
1217 2489 1294 2554 eius.
1312 2489 1458 2565 Montes,
1474 2487 1644 2552 sublimes.
1658 2493 1839 2570 potestates

487 2597 579 2660 dicit.
596 2594 663 2677 Qui
681 2604 758 2657 ante
775 2612 834 2673 per
850 2592 1041 2675 superbiam
1060 2594 1274 2676 erigebantur
1291 2593 1323 2657 in
1341 2591 1481 2670 caelum,
1497 2593 1539 2656 ad
1564 2593 1748 2656 adventum
1774 2591 1840 2656 Do·
1859 2617 1890 2651 ιο
2006 2625 2007 2670 3

492 2699 572 2762 mini
583 2695 750 2760 humiliati
768 2707 846 2759 sunt
860 2718 867 2774 ;
879 2707 912 2759 et
923 2699 981 2779 qui
996 2698 1100 2761 nimia
1111 2699 1355 2762 indurabantur
1367 2698 1528 2763 iactantia
1544 2698 1715 2774 vanitatis,
1727 2709 1840 2779 postea

490 2803 625 2865 divinae
640 2801 826 2881 sapientiae
844 2801 954 2864 calore
971 2800 1152 2865 madefacti
1170 2814 1257 2868 sunt.

535 2905 830 2967 Annuntiavemnt
841 2903 924 2967 caeli
937 2904 1101 2967 iustitiam
1116 2906 1198 2982 eius,
1213 2915 1244 2969 et
1259 2905 1413 2969 viderunt
1434 2927 1544 2970 omnes
1565 2905 1679 2988 populi
1694 2904 1836 2988 glorirm

490 3013 568 3075 eius.
587 3011 624 3072 ln
642 3010 775 3073 duobus
791 3009 863 3071 istis
879 3009 1050 3072 versiculis
1066 3010 1153 3073 duae
1179 3031 1230 3073 res
1257 3009 1510 3091 significantur:
1535 3011 1618 3074 caeli
1637 3012 1841 3075 'annuntiant

493 3113 654 3178 iustitiam
673 3112 823 3188 Domini,
834 3120 867 3174 et
881 3111 997 3175 vident
1012 3131 1134 3175 omnes
1147 3113 1263 3196 populi
1276 3113 1417 3194 gloriam
1428 3114 1507 3179 eius.
1521 3113 1596 3178 Nisi
1610 3115 1699 3178 enim
1716 3115 1840 3179 caelum
1860 3136 1892 3186 25

492 3218 611 3300 aliquis
627 3215 734 3290 fuerit,
751 3215 912 3278 iustitiam
930 3214 1071 3278 Domini
1092 3237 1158 3280 non
1174 3226 1286 3298 potest
1301 3217 1509 3282 annuntiare.
1521 3217 1558 3283 Si
1571 3219 1660 3281 enim
1678 3218 1841 3301 peccatori

491 3321 613 3385 dicitur
628 3325 635 3351 ⁸
652 3317 757 3381 Terra
773 3339 818 3395 es,
834 3326 866 3380 et
885 3319 917 3380 in
936 3328 1056 3383 terram
1079 3319 1142 3383 ibis
1160 3321 1166 3346 ³
1181 3340 1286 3402 quare
1301 3320 1390 3385 iusto
1407 3341 1473 3384 nou
1490 3321 1631 3400 dicatur,
1646 3321 1783 3387 Caelum
1800 3343 1844 3400 es,

527 3511 591 3573 rin]
601 3507 684 3570 suppl.
698 3521 753 3570 sup.
767 3504 811 3554 lio.
826 3505 858 3555 Ο.
959 3506 1085 3570 mysterio]
1098 3505 1203 3570 scripsi;
1221 3509 1362 3557 ministris
1381 3507 1456 3557 codd.
1557 3513 1627 3576 zet]
1647 3509 1694 3570 M;
1713 3527 1763 3561 om.
1785 3511 1841 3562 ov,

491 3589 533 3652 St]
550 3599 640 3657 P⁰⁵²⁸⁸
658 3589 735 3638 delei·
756 3587 782 3636 ῑῦ
799 3587 833 3646 02
846 3603 896 3637 0¹1¹·
918 3587 949 3636 V·
1051 3589 1155 3652 μιν-ὑ]
1173 3589 1313 3648 M3trrru
1324 3589 1382 3640 OV.
1482 3589 1596 3655 ocurrer]
1605 3605 1672 3642 corr.
1686 3609 1716 3643 ex
1728 3610 1797 3644 curso
1808 3595 1841 3645 0.

490 3669 670 3738 contigerint]
688 3671 797 3720 scribere
817 3684 867 3718 non
886 3669 1008 3728 dubitavi,
1022 3669 1055 3718 cf.
1068 3669 1220 3720 adiectivum
1232 3673 1363 3736 contiguus
1375 3688 1406 3722 ex
1417 3687 1462 3722 corr
1473 3680 1498 3721 et
1508 3679 1565 3736 tago
1575 3691 1583 3732 ς
1594 3675 1762 3726 contiuo-ine
1771 3676 1803 3736 v,
1816 3677 1841 3727 0

490 3757 517 3807 in
535 3765 615 3815 textu,
628 3755 689 3804 item
709 3752 736 3800 M
757 3759 845 3816 postea
864 3758 953 3800 mutat.
974 3750 999 3800 in
1020 3767 1060 3800 ear
1079 3754 1209 3815 contigerit
1220 3770 1227 3813 ;
1249 3753 1331 3804 ‘Puto
1350 3753 1486 3818 legendum
1504 3754 1670 3816 cmr'gerint’
1689 3755 1751 3806 Oiu
1765 3773 1843 3822 nrrrg.

492 3835 736 3902 qumodolcodd„
748 3833 852 3881 fortasse
860 3849 905 3896 pro
912 3833 1042 3896 quantem,
1052 3841 1113 3882 nota
1119 3849 1167 3898 quo
1175 3836 1240 3884 male
1248 3836 1319 3885 lecta.
1408 3836 1437 3885 16
1446 3835 1614 3896 terramleanr
1623 3836 1661 3886 M.
1742 3851 1774 3888 no
1782 3841 1845 3903 Qus]

496 3923 564 3984 Quae
577 3923 613 3970 M.
682 3915 912 3977 adariumumffl
925 3925 1014 3980 postea
1025 3933 1080 3982 sup.
1095 3917 1138 3966 lin.
1153 3919 1213 3968 add.
1227 3935 1293 3969 vcro.
1361 3932 1390 3969 21
1406 3919 1600 3982 nimidaninra
1611 3918 1643 3968 V.
1713 3921 1846 3985 zaraim]

493 4022 517 4054 m
530 4005 555 4053 in
568 4004 617 4052 fine
629 4002 713 4050 deleta
724 3999 757 4050 Ο.
836 3993 1138 4061 rivadrsartilmadesactae
1150 3999 1206 4050 OV.
1292 4011 1322 4063 25
1335 3998 1440 4060 culum]
1451 4003 1514 4052 carli
1525 4001 1584 4051 OV.
1664 4002 1848 4066 atturniam]

491 4086 593 4135 iustitia
605 4081 661 4132 OV.
763 4089 793 4139 27
805 4078 835 4129 in
845 4075 950 4136 terram]
964 4079 1075 4128 interra
1088 4079 1119 4129 V.

536 4259 561 4295 2.
577 4237 619 4294 ad
631 4227 730 4310 nubes]
744 4231 790 4288 Ps.
809 4245 855 4306 35,
872 4233 898 4288 ό.
1195 4249 1321 4308 ronymo
1335 4233 1525 4294 confidenter
1538 4233 1673 4294 attribui.

535 4339 561 4394 3.
576 4323 643 4374 orta
656 4323 697 4372 est
726 4313 902 4383 Ps.84,12.
1238 4333 1281 4388 13.
1299 4314 1409 4389 rigavit
1439 4315 1538 4377 rCor.
1556 4335 1584 4391 3,
1601 4318 1629 4374 6.

535 4421 560 4476 9.
578 4398 695 4456 imbrem
725 4394 765 4451 Is.
782 4411 809 4468 5,
831 4394 857 4452 6.
1239 4399 1281 4454 16.
1297 4405 1416 4454 tremere
1445 4397 1491 4455 Ps.
1512 4415 1577 4472 103,
1594 4416 1642 4472 32.

538 4501 580 4538 ro.
598 4497 689 4536 meum
721 4477 809 4533 Deut.
827 4493 873 4549 32,
893 4493 918 4532 2.
1237 4480 1281 4535 18.
1298 4472 1383 4556 meos]
1400 4479 1439 4536 Is.
1456 4479 1504 4550 66,
1522 4499 1548 4539 2.

537 4582 579 4620 12.
604 4553 733 4638 intrem]
758 4555 851 4614 Hebr.
875 4557 902 4626 6,
926 4573 951 4629 7.
969 4555 1050 4615 Nota
1074 4555 1142 4631 Epi·
1235 4576 1281 4634 ²7·
1297 4554 1363 4638 ibis]
1379 4559 1455 4618 Gen.
1473 4579 1500 4635 3,
1519 4580 1563 4636 19.
1580 4561 1626 4621 Cf.
1642 4579 1732 4640 supra
1747 4567 1843 4627 adno

492 4644 600 4704 stolam
612 4643 650 4701 ad
663 4637 822 4699 Hebraeos
831 4635 899 4696 heic
911 4638 1006 4697 Paulo
1017 4635 1056 4696 ab
1069 4637 1140 4696 Hie·
1192 4651 1242 4699 tat.
1259 4640 1298 4700 ad
1314 4644 1362 4716 56,
1380 4659 1403 4699 r.
