4158 5492
536 425 675 486 INDEX
696 425 919 499 NOMINVM,
943 423 1231 487 LOCVTIONVM
1255 424 1310 482 ET
1332 423 1494 482 RERVM.
1612 419 1690 499 113

335 641 451 706 Petrus
481 641 709 725 apostolorum
742 641 895 726 princeps
922 640 986 705 luit
1081 641 1263 708 Salvatoris
1288 642 1402 706 omnia
1431 640 1519 705 vitae
1548 660 1687 724 corpora

377 745 428 809 24,
447 745 494 808 19.
1079 730 1277 794 dedicantur
1293 746 1343 809 39,
1363 746 1408 793 10.

335 815 450 880 Petrus
460 810 548 879 abba
565 816 775 884 Miciacensis
792 816 848 881 viii
861 837 909 900 sq.
1037 827 1111 880 rota
1123 817 1202 900 quid
1216 815 1379 899 significet
1395 816 1447 894 61,
1467 830 1513 894 17.

334 898 527 991 πλεονασμοῦ
542 904 660 968 vitium
678 919 744 985 3‚7·
1038 903 1191 968 Ruffmus
1232 924 1276 967 ex
1318 901 1610 973 commentariolis
1654 902 1685 964 in

334 991 542 1076 praesulare:
566 993 625 1059 illo
647 994 875 1080 splenduerint
892 1015 984 1076 prae·
1080 990 1228 1072 psalmos
1268 991 1438 1072 negotium
1477 990 1687 1072 Hieronymo

377 1080 506 1144 solante
517 1081 567 1158 81,
578 1098 606 1161 3.
1082 1077 1214 1142 facessit
1230 1100 1259 1142 v.
1276 1079 1343 1143 xvi.

335 1166 549 1250 principalis:
569 1179 677 1234 totum
695 1169 803 1233 cordis
820 1169 885 1232 mei
896 1169 984 1253 prin·

377 1253 484 1336 cipale
496 1253 697 1319 contremuit
714 1254 761 1333 16,
778 1271 824 1335 17.
1037 1251 1163 1317 Saddai
1181 1271 1302 1318 nomen
1320 1251 1458 1316 Domini
1475 1252 1589 1331 69,16.

335 1340 475 1422 psalmi:
491 1343 580 1423 apud
608 1342 782 1406 Hebraeos
803 1351 837 1406 et
858 1343 984 1426 primus
1036 1340 1124 1403 salix
1136 1337 1338 1403 infructuosa
1355 1338 1453 1403 arbor
1467 1357 1519 1422 93,
1536 1355 1585 1403 20.

377 1436 411 1491 et
421 1429 587 1493 secundus
598 1449 683 1493 unus
695 1437 747 1494 est
757 1428 905 1512 psalmus
919 1447 984 1510 3,9;
1035 1437 1190 1490 sanctus:
1206 1428 1283 1491 licet
1294 1427 1413 1506 aliquis
1426 1437 1542 1508 postea
1552 1435 1687 1490 sanctus

376 1513 579 1596 psalmorum
590 1516 673 1580 ordo
683 1513 830 1580 inversus
840 1535 870 1596 9.
877 1534 984 1600 3sqq;
1080 1514 1132 1590 sit,
1152 1521 1264 1578 tamen
1280 1514 1311 1576 ei
1331 1513 1485 1578 diabolus
1505 1514 1687 1596 aliquando

377 1601 496 1682 psalmi
521 1613 587 1666 tres
612 1622 674 1686 pro
694 1603 913 1666 torcularibus
935 1621 985 1680 20,
1080 1601 1273 1664 dominatus
1297 1612 1348 1666 est
1365 1619 1415 1677 22,
1436 1602 1684 1676 1611111111-

339 1704 345 1716 ·
378 1689 419 1766 8;
442 1689 592 1772 psalmus
614 1689 676 1752 xxi
697 1699 818 1754 totusa
836 1690 984 1754 Domino
1080 1697 1208 1751 ctorum
1218 1707 1330 1768 41,22;
1342 1691 1384 1754 ad
1398 1686 1579 1772 perfectum
1593 1707 1686 1750 mun·

377 1774 408 1838 in
424 1795 521 1840 cruce
536 1777 648 1859 posito
662 1777 859 1840 decantatus
877 1793 927 1857 33,
947 1795 958 1840 1
976 1797 984 1855 ;
1080 1775 1183 1839 ditiae
1202 1777 1304 1841 homo
1317 1779 1429 1840 venire
1446 1796 1511 1839 non
1529 1775 1617 1839 valet
1636 1791 1687 1854 40,

377 1862 497 1944 psalmi
522 1863 706 1928 secundum
722 1862 874 1928 ordinem
896 1865 983 1928 litte·
1085 1880 1149 1943 14;
1187 1863 1313 1928 bestiae
1337 1863 1457 1928 nullos
1494 1863 1601 1944 magis
1631 1881 1685 1926 cu-

377 1968 484 2015 rarum
501 1950 615 2033 scripti
639 1965 689 2032 37,
706 1952 743 2014 18
757 1970 764 2026 ;
792 1952 842 2026 81,
858 1967 895 2013 12
909 1975 916 2032 ;
933 1954 984 2029 82,
1080 1951 1176 2032 piunt
1191 1951 1361 2030 devorare,
1372 1971 1473 2034 quam
1489 1958 1623 2013 sanctos
1636 1963 1687 2030 75,

378 2052 418 2114 2;
442 2040 493 2118 85,
518 2054 556 2113 2;
582 2039 634 2118 98,
666 2054 726 2115 10;
759 2038 984 2120 paenitentiae
1080 2054 1130 2117 24
1299 2043 1314 2066 ⁸
1531 2062 1533 2066 ·

376 2124 494 2204 psalmi
511 2140 558 2204 15,
573 2143 594 2204 9
607 2127 710 2205 ;44,6
725 2124 892 2208 ;psalmos
911 2125 983 2208 qui·
1037 2124 1230 2208 Sapientiae
1246 2124 1328 2189 liber
1345 2124 1536 2190 Salomonis
1552 2124 1687 2189 nomine

376 2211 452 2275 dam
468 2211 617 2276 volunta
634 2212 745 2276 David
758 2212 893 2295 quidem
910 2232 984 2276 esse
1079 2212 1254 2295 inscriptus
1269 2214 1321 2290 62,
1332 2229 1361 2279 2.

346 2369 351 2376 ,
375 2300 587 2384 conscriptos,
597 2299 656 2363 sed
667 2299 714 2363 eis
727 2318 885 2382 personas
898 2299 982 2363 indi·
1036 2299 1211 2364 scabillum
1229 2314 1280 2380 73,
1294 2315 1320 2380 5.
1333 2303 1362 2365 6.
1379 2318 1426 2367 10.

376 2393 435 2462 tas,
450 2386 512 2450 sub
528 2406 669 2469 quorum
680 2385 872 2450 nominibus
886 2386 983 2450 intel·
1034 2389 1216 2471 scripturae
1237 2389 1428 2471 spiritaliter
1443 2386 1686 2470 intellegendae

376 2471 528 2556 legantur
550 2489 602 2555 74,
635 2491 670 2555 13
687 2494 695 2552 ;
716 2493 817 2556 super
846 2472 983 2556 psalmis
1082 2490 1203 2554 10,17;
1220 2475 1320 2551 16,10
1335 2497 1341 2552 ;
1357 2492 1409 2554 42,
1429 2478 1475 2540 18.

377 2561 539 2642 graduum
578 2583 599 2624 a
632 2561 799 2644 plerisque
821 2561 983 2627 latissime
1034 2561 1685 2647 selaiupsalmisquidsignilicct11,10;

376 2649 584 2732 disputatum
599 2659 649 2713 est
666 2651 717 2729 85,
738 2648 782 2712 16.
1080 2667 1130 2728 22,
1151 2667 1197 2715 12.

333 2734 522 2817 psalterium
548 2738 580 2798 in
607 2737 755 2819 quinque
778 2737 878 2799 libros
899 2736 982 2800 divi·
1034 2736 1171 2803 Selmon
1188 2737 1306 2802 umbra
1323 2737 1557 2820 interpretatur
1569 2753 1618 2819 55,
1639 2756 1685 2804 11.

374 2841 446 2885 sum
465 2823 567 2902 46,11
587 2845 594 2902 ;
609 2836 658 2902 59,
675 2840 693 2904 3
710 2823 813 2903 ;67,9
828 2825 899 2902 ;68,
925 2841 982 2902 19;
1033 2836 1169 2889 senatus
1184 2823 1338 2889 consulto
1348 2825 1534 2907 persecutio
1544 2827 1575 2890 in
1590 2825 1684 2891 Chri·

375 2911 424 2988 78,
455 2927 513 2986 12;
547 2911 589 2975 de
625 2911 729 2973 latina
764 2909 982 2974 translatione
1038 2935 1042 2944 ·
1077 2912 1204 2976 stianos
1219 2913 1387 2977 concitata
1404 2929 1457 2994 23,
1475 2927 1520 2976 10.

375 2997 530 3080 psalterii,
548 3016 648 3081 quam
684 2996 911 3081 Hieronymus
948 2999 981 3060 ln
1032 3018 1171 3063 sensus:
1191 3001 1240 3064 vis
1255 3001 1384 3064 decoris
1399 3001 1509 3064 omnis
1530 2999 1562 3066 iu
1585 3019 1683 3064 sensu

375 3083 667 3150 Commentariolis
678 3082 914 3166 interpretatur
927 3107 982 3152 xv.
1075 3096 1125 3148 est
1140 3101 1190 3166 55,
1205 3102 1233 3166 7.

332 3172 456 3252 puritas
473 3175 617 3236 mentis:
640 3170 672 3233 in
700 3191 740 3233 ea
755 3171 826 3234 sola
843 3172 893 3236 vel
912 3193 980 3236 rna·
1032 3172 1256 3256 Septuaginta
1283 3174 1479 3257 interpretes
1506 3173 1685 3238 laudantur

375 3259 466 3323 xime
479 3258 622 3322 lactatur
637 3258 730 3322 Deus
746 3259 798 3335 61,
813 3259 843 3321 6.
1076 3261 1272 3344 (videsupra
1283 3261 1681 3342 indicempeculiaremad

1078 3348 1277 3432 Hexapla):
1325 3349 1446 3415 Christi
1492 3349 1682 3432 passionem

331 3431 424 3514 quasi
437 3455 445 3497 :
458 3452 524 3498 non
537 3442 575 3497 ut
591 3431 693 3510 vivos,
703 3433 765 3497 sud
778 3433 874 3516 quasi
888 3434 981 3498 vivos
1074 3446 1192 3516 gentes
1207 3439 1314 3502 celare
1330 3439 1504 3501 voluerunt
1523 3453 1572 3510 21,
1588 3450 1639 3514 23.

373 3533 423 3598 51,
442 3535 490 3602 13.
1032 3521 1176 3604 Spiritus
1189 3535 1343 3590 sanctus:
1359 3543 1459 3588 nemo
1469 3533 1580 3604 potest
1592 3521 1682 3603 cogi·

1073 3612 1239 3675 tationum
1270 3613 1425 3677 sordibus
1456 3610 1595 3686 liberari,
1619 3608 1682 3670 nisi

331 3691 579 3778 Raabimpetus
590 3702 649 3759 aut
660 3692 765 3759 sames
776 3692 980 3778 intellegitur
1076 3717 1134 3778 per
1166 3700 1236 3761 eius
1261 3702 1443 3763 adventum
1476 3715 1526 3776 29,
1564 3715 1623 3775 14;
1648 3696 1680 3757 in

370 3783 422 3860 65,
433 3797 473 3844 22
489 3783 561 3860 ;67,
575 3798 620 3860 14
1074 3784 1207 3850 Christo
1225 3785 1330 3852 Patris
1341 3786 1466 3850 lumine
1482 3785 1592 3848 lumen
1606 3781 1680 3862 Spi-

329 3868 437 3946 racha‚
455 3889 557 3950 quam
585 3867 707 3933 lrabeat
735 3868 978 3951 interpretatio·
1073 3872 1173 3934 ritum
1184 3885 1337 3937 sanctum
1351 3872 1537 3940 ridebimus
1552 3886 1604 3949 42,
1617 3885 1656 3930 22
1674 3890 1681 3944 i

370 3971 512 4034 nem19,
532 3971 578 4034 14
1074 3957 1218 4041 Spiritus
1245 3970 1380 4024 sanctus
1409 3959 1502 4022 Deus
1528 3970 1588 4034 est,
1603 3975 1679 4019 cum

333 4039 465 4106 Ralaim
478 4043 633 4124 gigantas
648 4041 825 4126 significat,
836 4051 894 4107 aut
911 4063 979 4108 me·
1073 4054 1164 4110 totus
1181 4045 1304 4129 ubique
1314 4049 1356 4110 sit
1371 4061 1423 4126 95,
1445 4063 1491 4110 12.

368 4129 463 4193 dicos
479 4131 574 4218 67,4.
1029 4131 1247 4197 subsannatio
1270 4135 1403 4218 proprie
1426 4131 1597 4216 quomodo
1619 4149 1679 4192 ex·

329 4215 706 4300 recrastinatotempore
726 4233 772 4297 17,
793 4234 839 4283 11.
1072 4220 1226 4301 primitur
1238 4232 1270 4309 7,
1293 4222 1331 4284 16
1343 4243 1350 4298 ;
1372 4222 1404 4283 in
1426 4219 1583 4302 gravibus
1601 4216 1678 4281 viris

327 4303 528 4367 renuntiatio
540 4302 573 4366 in
589 4303 760 4386 baptismo
777 4321 827 4384 23,
844 4321 871 4368 2.
1074 4306 1327 4389 reprehensione
1343 4308 1455 4390 digna,
1471 4305 1549 4372 ibid.

327 4388 505 4472 replicare:
530 4388 698 4474 (psalmis)
724 4393 781 4474 qui
801 4402 858 4456 aut
874 4393 978 4456 histo·
1028 4393 1174 4457 subsisto
1188 4394 1271 4474 69,7
1288 4415 1294 4472 ;
1308 4397 1358 4474 87,
1369 4411 1386 4458 2
1391 4411 1418 4474 3.

369 4477 450 4541 riam
463 4476 626 4558 replicant
637 4493 688 4557 77,
701 4494 729 4557 3.
1028 4479 1247 4544 substantiale
1262 4499 1314 4563 92,
1331 4500 1359 4562 3.

328 4563 737 4648 resurrectiupeccatorum
749 4564 979 4650 iustorumque
1030 4565 1253 4650 Symmachus
1278 4569 1368 4649 (vide
1392 4565 1534 4632 indicem
1551 4565 1676 4651 specia-

369 4650 497 4714 diversa
513 4651 544 4728 6,
557 4665 592 4730 3;
608 4651 854 4716 resurrectionis
871 4673 977 4716 sacra·
1073 4652 1137 4716 lem
1155 4656 1197 4716 ad
1218 4655 1401 4737 Hexapla).

370 4747 519 4802 mentum
542 4753 592 4815 20,
613 4754 651 4816 14
658 4758 666 4816 ;
689 4737 722 4800 in
740 4740 978 4805 resurrectione
1028 4759 1202 4824 synagoga
1219 4742 1320 4824 impia
1335 4759 1384 4822 31,
1400 4757 1427 4820 7.

376 4871 485 4913 nmcdoru
496 4871 656 4913 hiareelsolana.
667 4893 690 4900 -
700 4871 727 4913 Τ.
738 4871 782 4914 lll.
1605 4887 1629 4924 15
