4060 5498
509 415 766 476 TRACIATUS
791 415 849 473 DE
875 410 1044 474 PSALMO
1067 415 1255 475 Lxxxvn.
1520 429 1574 510 47

220 611 359 674 'adiutor
374 615 625 696 interpretatur)
641 615 705 677 hoc
720 627 780 686 est,
796 615 961 678 auxilium
977 635 997 677 a
1016 615 1164 676 Domino
1186 625 1396 682 consecutus
1424 618 1517 700 Ergo
1537 631 1572 684 et

223 716 288 778 iste
303 716 435 792 chorus,
451 720 508 799 qui
526 720 558 780 in
576 718 732 782 laudibus
755 720 911 792 concinit,
937 719 1002 781 Dei
1026 729 1077 781 est
1103 718 1207 782 l'ultus
1229 720 1367 784 auxilio.
1392 721 1576 788 Curramus

222 837 283 896 per
298 821 450 900 singulos
465 823 656 900 versiculos,
672 832 706 886 et
722 823 800 905 quia
820 823 910 885 brevi
927 823 1039 904 spatio
1053 833 1252 894 coartamur.
1267 823 1418 906 singulas
1433 825 1576 906 singulis

220 925 442 987 sententiolas
455 937 661 1007 coaptemus.

184 1049 203 1101 5
266 1025 406 1092 Domine
421 1029 511 1092 Deus
524 1033 643 1094 solutes
658 1053 753 1095 eneae.
770 1033 825 1095 Ex
843 1051 986 1115 persona
1010 1031 1195 1096 Salvatoris
1211 1031 1360 1112 psalmus
1376 1031 1429 1095 hic
1444 1033 1576 1112 dicitur,

219 1134 284 1198 hoc
300 1145 361 1212 est,
374 1157 420 1198 ex
436 1155 580 1216 persona
597 1136 667 1198 eius
693 1137 779 1199 servi
804 1155 903 1216 quem
931 1145 981 1198 est
1006 1135 1166 1216 dignatus
1193 1135 1377 1198 adsumere.
1405 1133 1573 1218 Quicquid

217 1260 301 1320 ergo
316 1241 485 1302 humiliter
500 1241 630 1314 dicitur,
646 1260 690 1302 ex
706 1258 846 1321 persona
874 1240 1020 1302 humana
1046 1249 1205 1314 narratur,
1219 1239 1297 1321 quia
1322 1239 1421 1303 saluti
1444 1239 1574 1322 prolicit

217 1344 394 1407 humanae.
416 1344 481 1407 Die
492 1345 637 1408 clnrrrceni
649 1355 680 1406 et
694 1355 780 1407 nocte
801 1365 909 1408 coram
933 1355 973 1408 te.
998 1343 1091 1408 Licet
1118 1354 1216 1407 nocte
1238 1345 1461 1418 clamaverim,
1492 1347 1574 1410 mihi

217 1461 333 1512 tamen
351 1450 511 1540 virrugum
527 1450 732 1512 conscientia
749 1451 808 1511 lux
821 1449 891 1512 init.

169 1571 202 1608 ιο
265 1552 369 1614 Intret
391 1553 426 1613 in
440 1565 600 1634 conspectu
616 1564 671 1616 tuo
690 1553 794 1616 oratio
810 1574 889 1616 ntea.
916 1557 923 1583 ⁸
939 1553 977 1616 ln
995 1572 1123 1628 manus,
1138 1563 1223 1629 tuas,
1249 1553 1355 1628 Pater,
1371 1556 1573 1619 commendo

220 1655 364 1718 animam
383 1677 491 1720 meam
502 1658 518 1720 ¹.
539 1657 643 1722 Intret
657 1660 689 1720 in
707 1667 888 1739 conspectu
904 1671 964 1720 tuo
979 1658 1087 1720 oratio
1103 1677 1186 1720 mea.
1204 1657 1334 1720 Inclina
1349 1679 1464 1722 nerem
1479 1669 1571 1724 tuam

218 1759 268 1821 nd
280 1773 407 1841 precem
434 1783 547 1826 meam.
567 1763 634 1826 Ubi
661 1775 739 1826 sunt
765 1760 1064 1852 ἀνθρωπομορφῖται,
1082 1763 1137 1843 qui
1166 1774 1288 1844 putant
1309 1762 1420 1827 Deum
1447 1765 1571 1828 habere

217 1869 392 1932 membra?
412 1869 539 1932 Inclina
554 1891 667 1934 aurem
686 1883 790 1946 tuam,
807 1872 909 1936 Deus.
923 1871 1004 1934 Vox
1022 1871 1098 1933 Filii
1114 1872 1157 1933 ad
1186 1871 1318 1934 Patrem
1344 1878 1403 1946 est,
1428 1891 1474 1934 ex
1498 1893 1571 1954 per·

214 1991 299 2034 sona
315 1974 419 2036 nostri
436 1974 613 2055 loquentis.
627 1976 756 2038 Inclina
771 1996 885 2038 aurem
912 1987 1013 2038 tuam.
1032 1975 1179 2056 Magnae
1202 1973 1429 2039 inbecillitatis
1453 1987 1515 2052 est,
1533 1978 1571 2052 si,

163 2099 194 2151 15
213 2095 290 2137 cum
308 2078 424 2140 audire
440 2080 589 2153 voluerit,
605 2099 718 2141 aurem
744 2079 872 2162 indiget
900 2078 1069 2154 inclinare,
1095 2087 1131 2142 ut
1158 2076 1303 2141 vicinius
1329 2081 1455 2146 audiat.
1481 2080 1571 2146 Vide

212 2200 314 2261 quam
333 2182 488 2245 miserum
504 2195 554 2246 est
572 2184 690 2256 dicere,
706 2186 796 2266 quod
812 2185 909 2246 Pater
929 2183 1050 2246 Filium
1069 2183 1131 2245 nisi
1144 2182 1306 2247 inclinato
1324 2185 1435 2267 capite
1454 2187 1571 2250 audire

211 2307 280 2350 non
298 2287 413 2367 possit.
430 2288 625 2370 Fragilitate
641 2289 789 2352 humana
806 2289 951 2372 loquitur
973 2289 1146 2371 scriptura,
1172 2296 1209 2350 ut
1237 2308 1298 2352 nos
1323 2288 1451 2353 lucilius
1479 2291 1567 2370 quod

210 2389 335 2454 dicitur
350 2389 594 2475 intellegamus.

258 2495 348 2573 Quia
369 2496 485 2578 repleta
508 2508 557 2560 est
571 2497 669 2560 malis
682 2497 796 2560 anirnn
812 2517 891 2562 rnen.
912 2496 1094 2561 Multorum
1118 2506 1259 2580 peccata
1274 2507 1381 2580 porto,
1406 2497 1481 2562 ideo
1507 2519 1568 2580 pto

156 2623 193 2658 20
209 2598 368 2662 omnibus
397 2599 504 2664 doleo.
533 2602 678 2682 Repleta
702 2613 752 2665 est
780 2602 876 2665 malis
901 2603 1013 2665 anima
1042 2621 1123 2666 mea.
1152 2601 1244 2664 Mala
1269 2611 1376 2683 portu,
1400 2613 1437 2666 ut
1466 2621 1506 2665 ea
1532 2601 1564 2666 in

208 2722 308 2766 cruce
333 2706 511 2786 deponam.
539 2704 586 2768 Et
616 2707 686 2768 vila
724 2727 795 2768 men
819 2707 853 2768 in
885 2706 1015 2786 inferno
1043 2705 1257 2788 appropiavit.
1290 2705 1430 2768 Pulchre
1467 2705 1565 2784 dixit,

245 2921 254 2958 1
269 2904 381 2966 adiutor]
400 2909 487 2969 MOV‚
501 2925 547 2957 nec
566 2909 640 2958 aliter
660 2909 766 2958 Hieron.
787 2925 827 2972 ep.
847 2921 888 2972 53,
909 2925 933 2958 n.
949 2919 962 2969 7
977 2909 1070 2958 ‘Erras
1081 2919 1107 2958 et
1120 2905 1265 2967 Nehemias,
1279 2907 1379 2956 adiutor
1397 2906 1524 2962 videlicet.
1538 2913 1564 2956 et

206 2989 650 3049 consolatoraDomino'5adr'reIres
663 2991 691 3039 L.
792 2992 1010 3052 2conre'nit]curr.
1025 2992 1204 3041 excondicant
1219 2991 1248 3040 1..
1350 2991 1409 3052 3et]
1427 2989 1561 3048 LM30m.

207 3074 266 3124 OV.
366 3069 519 3130 coartamur]
529 3079 678 3122 coartantur
688 3073 745 3122 OV.
845 3070 1084 3136 singulaslsingerla
1097 3073 1126 3122 L.
1225 3068 1459 3131 4sereterrtr'olaslas
1475 3079 1564 3136 postea

206 3165 298 3206 mutat.
311 3155 337 3204 iu
349 3157 372 3204 e's
384 3156 414 3207 1..
513 3153 891 3218 coaptemuslsmutatdnrl..
992 3155 1084 3221 deins]
1095 3155 1253 3214 MOV30m.
1267 3154 1296 3204 L.
1395 3151 1563 3220 quemquam

206 3239 239 3298 L,
252 3254 316 3288 corr.
330 3255 360 3289 ex
372 3256 444 3304 quae.
544 3247 558 3298 7
571 3239 696 3300 humana]
708 3253 794 3286 vocem
814 3245 910 3286 natura
926 3237 1030 3288 inseruit
1050 3237 1156 3302 scriptor
1174 3235 1268 3286 codicis
1289 3237 1318 3295 L,
1331 3235 1470 3287 dictionem
1492 3239 1563 3302 ‘per¹

203 3337 269 3372 sone
287 3320 412 3372 humaoa'
432 3321 536 3374 forsitan
556 3342 630 3390 aegre
648 3325 740 3376 ferens.
840 3339 855 3387 9
874 3323 969 3384 tarsen]
986 3333 1088 3375 tanturn
1109 3325 1165 3374 OV.
1270 3337 1299 3374 ιο
1315 3326 1350 3374 Ire
1367 3340 1399 3375 re.
1419 3332 1438 3376 t.
1453 3326 1561 3375 Patere.

202 3406 322 3454 ane'mam
334 3403 424 3464 meam]
435 3407 455 3455 L
467 3425 474 3462 ;
487 3409 563 3457 Pater
572 3409 600 3456 r'n
613 3425 645 3456 nr.
660 3415 677 3458 t.
692 3425 711 3457 c.
725 3410 846 3472 spiritum
855 3425 937 3458 rneurn
950 3409 998 3458 OV
1010 3425 1016 3466 ς
1031 3409 1058 3456 Μ
1069 3425 1118 3456 om.
1130 3409 1162 3456 ln
1171 3423 1293 3456 merres...
1303 3409 1383 3456 oratio
1395 3423 1449 3456 mea
1460 3416 1564 3472 propter

202 3487 360 3537 homoeotel.
463 3501 492 3538 12
504 3485 764 3559 ἂνθρωπομορφῖται]
776 3489 1064 3540 ΑΝΤΟΙΙΩΜΟΡΦΗΤΕ
1077 3490 1134 3540 cod.
1158 3490 1196 3548 L;
1213 3488 1455 3554 antropomorphitae
1473 3490 1559 3541 MOV.

205 3580 236 3628 14
256 3567 348 3628 nostri]
364 3577 450 3619 nestra
470 3573 505 3620 M.
616 3584 643 3635 15
661 3569 728 3630 cum]
750 3573 856 3634 scripsi;
877 3588 933 3620 eurr
957 3571 1047 3630 LOV;
1065 3571 1133 3620 enirn
1159 3572 1195 3620 M.
1296 3567 1396 3630 audire]
1419 3571 1511 3622 audiri
1527 3572 1559 3623 V.

203 3649 328 3711 vicinius]
337 3654 439 3702 virinus
450 3654 480 3702 V.
587 3655 655 3718 Vide]
668 3655 896 3714 LM3videteOV.
999 3668 1030 3702 20
1044 3649 1155 3717 Repletal
1178 3654 1247 3715 Quia
1257 3653 1419 3716 repletaOV.
1521 3655 1561 3717 ea]

201 3743 227 3784 et
240 3735 269 3784 L.
354 3747 384 3784 et
397 3737 427 3784 ier
438 3736 548 3801 inferne]
558 3737 634 3786 codd.
648 3753 705 3786 cum
719 3737 860 3802 Augustino
872 3745 896 3786 et
910 3735 996 3786 latinis
1007 3735 1135 3800 psalteriis
1148 3749 1198 3784 non
1212 3735 1306 3800 paucis.
1391 3736 1561 3800 appropiavit]

204 3818 228 3867 L
238 3825 264 3868 et
278 3818 353 3868 Paalt.
371 3819 435 3866 Rom
448 3835 454 3876 ;
466 3819 679 3882 apprepinquavit
689 3819 773 3868 ceteri.
875 3818 982 3868 Pulchre
993 3819 1017 3868 d.
1040 3820 1129 3882 appr.]
1149 3834 1201 3867 om.
1225 3817 1255 3868 L.

189 4015 194 4024 ·
252 4007 274 4045 1.
296 3985 467 4068 consecutus]
493 3989 587 4047 Aliter
603 3987 809 4064 Hieronymus
825 3987 854 4046 in
907 4000 1047 4064 coaptare
1058 3989 1074 4046 '.

206 4067 284 4127 libro
297 4071 334 4129 de
358 4071 450 4136 Nom.
468 4071 549 4129 hebr.
568 4069 724 4139 ‘Ezraites
751 4089 854 4129 semen
951 4089 994 4128 11.
1019 4065 1123 4150 meam]
1140 4072 1211 4128 Luc.
1230 4087 1276 4145 23,
1293 4070 1340 4141 46.

206 4148 267 4208 Dei
278 4150 302 4210 ’:
318 4152 375 4211 iam
391 4172 461 4211 vero
476 4153 503 4211 S.
523 4153 686 4211 Doctorem
711 4150 740 4208 in
756 4151 854 4210 huius·
951 4171 995 4210 12.
1016 4151 1077 4211 Uli
1094 4147 1233 4230 sunt...l]
1256 4151 1302 4210 Ci.
1319 4151 1453 4214 adnotat.
1471 4153 1559 4213 Com·

204 4231 288 4291 modi
304 4233 599 4310 interpretationibus
625 4232 680 4292 sibi
700 4243 855 4292 consentu·
907 4233 1075 4293 mentariol.
1094 4233 1122 4292 in
1146 4233 1224 4292 Psal.
1242 4252 1268 4308 p.
1290 4234 1334 4290 16.
1352 4233 1368 4290 l.
1390 4251 1434 4294 10.

202 4333 294 4374 neum
313 4334 372 4374 non
389 4314 558 4376 esseetiam
581 4313 777 4392 atqueetiam
794 4334 855 4374 mo·
951 4334 993 4372 12.
1023 4315 1125 4374 Iabere
1153 4309 1292 4394 membra]
1318 4314 1443 4378 Hieron.
1474 4328 1557 4378 tract.

202 4415 271 4456 neo.
912 4395 951 4454 de
966 4416 1007 4472 ps.
1025 4397 1144 4457 XCIII.
1174 4414 1239 4470 129,
1269 4415 1302 4470 r3
1330 4397 1403 4473 ‘qui
1429 4397 1559 4460 Anthro-

246 4497 272 4553 3.
309 4479 432 4555 singulis
465 4479 650 4537 sententiolas
683 4473 854 4556 coaptemus]
910 4479 1120 4554 pomorphitae
1141 4487 1220 4549 sunt,
1244 4477 1295 4554 qui
1320 4477 1424 4540 dicunt
1458 4481 1557 4541 Deum

204 4560 332 4619 Hieron.
349 4572 433 4620 tract.
450 4561 489 4620 de
506 4579 547 4637 ps.
562 4561 632 4621 CII.
650 4563 714 4630 161,
739 4579 755 4634 3
770 4565 776 4589 ¹
791 4579 856 4619 sen·
907 4559 1019 4620 habere
1033 4557 1170 4620 membra
1182 4561 1198 4618 ².

201 4640 344 4703 tentiolas
378 4642 524 4702 debemus
558 4641 680 4718 singulis
704 4640 855 4702 versiculis
