4154 5494
482 407 564 512 238
865 425 895 487 s.
919 425 1174 486 murionum
1198 427 1464 488 PRESBYTERI

480 642 584 711 bibite
600 654 633 709 et
650 643 858 708 inebriamini
875 643 890 707 ¹.
909 642 955 707 Et
970 641 1084 708 vinum
1101 643 1192 727 quod
1210 640 1368 710 laetificat
1384 666 1441 711 cor
1455 644 1610 710 hominis.
1629 644 1704 708 Hoc
1721 641 1839 707 vinum

479 768 637 814 carneum
654 767 720 812 non
739 745 896 811 laetificat
912 767 969 810 cor
984 747 1138 825 hominis,
1154 747 1212 812 sed
1224 749 1344 828 obruit,
1359 759 1393 814 et
1406 750 1560 814 insanum
1577 746 1666 812 facit.
1684 747 1840 829 Denique

481 853 634 917 scribitur
649 861 686 916 ut
713 851 770 934 qui
798 859 954 933 potentes
976 861 1063 928 sunt,
1080 852 1193 915 vinum
1220 873 1286 916 non
1305 853 1431 919 bibant.
1458 853 1581 918 Scribit
1597 861 1631 915 et
1658 852 1842 934 apostolus,

481 958 638 1040 quoniam
665 975 732 1018 non
757 955 919 1018 debemus
946 956 1060 1018 vinum
1088 954 1201 1019 bibere
1225 967 1259 1020 et
1287 977 1420 1022 carnem
1453 957 1663 1021 manducare.
1692 953 1839 1018 Rursum

480 1061 601 1125 dicitur
617 1058 732 1123 nobis:
751 1059 794 1123 Et
822 1059 935 1122 vinum
954 1057 1112 1124 laetificat
1138 1081 1194 1124 cor
1210 1060 1364 1126 hominia.
1375 1061 1449 1127 Sed
1475 1062 1589 1124 vinum
1606 1059 1728 1123 dicitur
1742 1057 1841 1142 spiri·
1877 1071 1889 1122 5

480 1165 556 1241 tale,
571 1164 660 1247 quod
687 1163 804 1244 siquis
831 1163 961 1241 biberit,
986 1163 1100 1227 statim
1119 1163 1311 1230 inebriatur.
1329 1165 1401 1230 Vos
1417 1187 1544 1244 ornnes,
1571 1174 1608 1229 ut
1624 1164 1841 1230 dimitteretis

481 1269 707 1352 possessiones
740 1275 867 1330 vestras
898 1277 931 1330 et
963 1277 1117 1350 parentes
1144 1278 1272 1333 vestros
1303 1279 1336 1334 et
1368 1269 1452 1334 filios
1484 1280 1517 1335 et
1544 1267 1682 1347 adfines,
1707 1269 1840 1334 bibistis

481 1374 604 1450 vinum,
620 1382 652 1436 et
669 1369 822 1435 inebriati
840 1391 900 1452 pro
917 1370 1040 1454 Xpisto
1057 1371 1201 1437 insanire
1228 1374 1395 1456 coepistis.
1411 1375 1489 1439 Non
1507 1374 1602 1438 vobis
1619 1373 1841 1438 videturesse

480 1480 633 1558 ebrietas,
650 1498 716 1543 non
732 1477 827 1541 vobis
844 1478 976 1543 videtur
992 1476 1151 1559 spiritalis
1174 1477 1313 1555 insania,
1329 1479 1466 1542 delicias
1482 1489 1706 1556 contemnere,
1723 1478 1841 1542 sordes

480 1584 646 1667 adpetere,
662 1582 776 1665 sugere
792 1579 1093 1658 civitates,deserta
1106 1581 1235 1658 sectari,
1247 1583 1373 1646 nescire
1389 1582 1551 1660 adiectus
1567 1584 1720 1667 ignorare
1730 1579 1841 1645 carnis
1863 1595 1891 1632 ¹0

480 1685 776 1769 propinquitatem,
803 1694 836 1749 et
853 1684 960 1748 solum
989 1705 1086 1748 nosse
1112 1683 1299 1767 Xpistum?
1325 1687 1483 1769 Denique
1507 1686 1652 1770 apostoli
1679 1685 1743 1749 hoc
1759 1686 1841 1750 vino

479 1789 631 1853 inebriati
648 1796 752 1865 erant,
764 1797 797 1852 et
813 1797 988 1870 propterea
999 1789 1120 1852 dicitur
1134 1789 1177 1851 de
1189 1788 1236 1851 eis
1250 1812 1258 1852 ε
1274 1794 1282 1821 ‘
1296 1789 1411 1854 Musto
1422 1789 1512 1872 pleni
1528 1800 1606 1855 sunt
1623 1789 1639 1855 ¹.
1657 1789 1733 1853 Non
1748 1789 1839 1853 enirn

481 1893 611 1957 lucrant
628 1892 781 1956 inebriati
794 1893 837 1956 de
853 1892 926 1974 lege
943 1899 1062 1968 vetere,
1078 1892 1136 1955 sed
1154 1892 1196 1955 de
1213 1893 1396 1975 evangelio.
1413 1894 1488 1959 Noe
1504 1915 1567 1977 ego
1585 1902 1668 1977 puto
1683 1893 1774 1976 quod
1793 1893 1840 1957 ita

479 1994 661 2060 inebriatus
677 1995 720 2060 sit
737 1996 799 2059 hoc
815 1995 902 2061 vino.
918 1995 1004 2060 Filii
1018 1996 1070 2058 tui
1092 1996 1176 2058 sicut
1190 1995 1316 2060 novella
1331 1997 1504 2064 olivarum.
1531 1997 1622 2062 Nulli
1639 1996 1694 2061 alii
1715 2016 1840 2080 conpa-

483 2108 597 2164 rantur
622 2097 679 2162 lilii
707 2099 812 2163 nostri
838 2099 900 2162 nisi
918 2098 1069 2163 novellae
1094 2100 1266 2165 olivarum.
1292 2100 1368 2164 Non
1394 2103 1493 2179 dixit,
1517 2101 1626 2166 olivae
1649 2101 1762 2177 veteri,
1778 2101 1838 2164 sed
1863 2117 1889 2168 ¹5

482 2202 633 2267 novellae
649 2201 766 2266 olivae.
792 2202 975 2286 Quomodo
991 2213 1024 2266 et
1050 2202 1105 2279 ibi,
1120 2204 1163 2268 de
1190 2203 1350 2269 ebrietate
1366 2205 1605 2288 apostolorum,
1633 2225 1700 2268 non
1717 2204 1842 2269 dicitur

480 2308 523 2371 de
539 2307 617 2370 vino
633 2307 745 2383 veteri,
760 2306 819 2369 sed
836 2307 878 2369 de
895 2317 1015 2383 musto,
1031 2307 1078 2369 sic
1094 2306 1196 2370 ethic
1213 2307 1334 2372 dicitur
1354 2309 1485 2373 novella
1501 2310 1662 2374 olivarum
1679 2333 1686 2374 :
1707 2307 1840 2372 novella

479 2410 652 2486 olivarum,
668 2430 755 2492 quae
771 2421 843 2473 tota
867 2412 951 2473 viret
975 2410 1008 2473 in
1026 2409 1190 2492 evangelii
1206 2411 1388 2492 iuventute,
1411 2413 1543 2479 novella
1558 2414 1720 2479 olivarum
1738 2413 1841 2497 plena

479 2513 563 2577 luce.
590 2511 711 2579 Oleum
738 2513 824 2576 hanc
841 2524 994 2578 naturam
1022 2514 1136 2592 habet,
1152 2527 1188 2580 ut
1213 2514 1305 2580 cibos
1331 2519 1476 2598 condiat,
1493 2530 1529 2583 ut
1554 2518 1671 2583 lumini
1689 2517 1840 2582 fomenta

482 2618 651 2700 praebeat,
667 2628 703 2681 ut
731 2617 855 2682 lassato
881 2619 982 2701 longo
1007 2619 1124 2684 itinere
1141 2641 1262 2704 corpus
1287 2631 1423 2686 unctum
1441 2623 1595 2688 restituat
1620 2623 1715 2706 quasi
1732 2621 1841 2686 labori
1860 2643 1891 2678 20

483 2723 625 2804 pristino
641 2731 675 2786 et
691 2721 836 2786 sanitati.
853 2723 1008 2806 Denique
1034 2723 1238 2808 quicumque
1255 2724 1360 2789 lassus
1377 2726 1484 2804 fuerit,
1508 2737 1542 2791 et
1559 2727 1726 2810 unguitur,
1742 2728 1840 2808 quasi

483 2826 599 2907 recipit
609 2825 785 2908 pristinum
798 2825 955 2908 vigorem.
969 2828 1071 2892 Putas
1087 2829 1159 2892 sine
1170 2849 1270 2893 causa
1289 2848 1376 2893 nunc
1393 2829 1513 2893 dicitur
1528 2831 1642 2894 vinum
1656 2840 1689 2893 et
1700 2829 1811 2893 oleum
1828 2834 1841 2890 l

485 2931 560 2993 Non
578 2930 688 3012 potuit
714 2929 778 2993 mel
801 2930 877 3006 dici,
894 2949 959 2992 non
977 2931 1043 2994 alia
1059 2944 1219 3010 aromata,
1237 2953 1302 2996 non
1319 2933 1385 2996 alia
1401 2933 1507 3012 arbor,
1526 2935 1583 2998 sed
1602 2936 1841 2997 tantummodo

484 3033 561 3096 vitis
575 3043 610 3098 et
632 3033 730 3098 oliva.
756 3033 851 3096 Haec
868 3044 945 3096 sunt
971 3037 1118 3099 remedia
1134 3036 1223 3100 vitae
1250 3046 1393 3114 nostrae,
1409 3038 1485 3100 vitis
1502 3049 1535 3101 et
1560 3037 1658 3115 oliva,
1674 3038 1788 3101 vinum
1807 3049 1841 3100 et

482 3137 603 3201 oleum.
621 3135 660 3199 ln
677 3137 755 3201 vino
767 3139 951 3214 austeritas,
967 3141 999 3201 in
1017 3139 1091 3203 oleo
1102 3141 1335 3205 misericordia.
1353 3141 1507 3224 Denique
1520 3141 1575 3205 ille
1588 3142 1643 3224 qui
1661 3142 1702 3205 de
1718 3141 1840 3204 Hieru-
1860 3164 1888 3213 25

482 3241 586 3303 salem
605 3241 637 3302 in
657 3241 817 3304 Hiericho
832 3241 1068 3320 descendebat,
1084 3245 1140 3326 qui
1157 3243 1349 3308 vulneratus
1367 3243 1481 3324 iuerat,
1498 3245 1692 3322 Samarites,
1709 3244 1772 3308 boc
1788 3258 1840 3308 est

483 3355 604 3423 custos,
621 3345 702 3409 nihil
715 3346 744 3409 ei
758 3345 905 3410 infundit
918 3346 980 3410 nisi
996 3347 1110 3411 vinum
1123 3358 1157 3411 et
1173 3347 1294 3414 oleum.
1305 3347 1442 3429 Vinum,
1458 3351 1688 3414 austeritatem
1706 3369 1840 3432 praecc-

482 3453 625 3532 ptorum,
641 3450 754 3514 vinum
772 3451 953 3534 stypticum
968 3472 976 3529 ;
993 3461 1028 3516 ut
1044 3453 1281 3535 quodcumque
1293 3451 1371 3516 mali
1384 3452 1532 3518 humoris
1548 3462 1608 3530 est,
1624 3465 1791 3535 excoquat
1806 3461 1840 3515 et

518 3635 527 3671 1
538 3621 613 3688 quod]
625 3638 675 3672 om.
689 3623 719 3682 C,
733 3624 758 3672 A
769 3623 869 3688 supplet
882 3639 937 3688 sup.
952 3623 995 3674 lin.
1097 3637 1111 3672 2
1124 3624 1254 3687 carneum]
1265 3627 1331 3677 codd
1342 3644 1349 3686 ;
1361 3641 1411 3675 om.
1428 3641 1455 3688 μ.
1545 3622 1561 3672 6
1572 3621 1741 3684 dirrei'tteretir]
1751 3621 1839 3672 demit·

483 3707 567 3755 teretis
579 3703 600 3754 C
611 3721 619 3763 ;
630 3704 790 3753 dimitteritis
803 3705 822 3753 P
833 3720 897 3754 corr.
1000 3717 1013 3767 7
1028 3705 1133 3768 bibistis]
1145 3707 1253 3758 lr'ir'riss
1266 3724 1273 3766 ;
1284 3709 1369 3758 bibetis
1381 3709 1413 3760 G.
1515 3708 1530 3759 8
1541 3708 1645 3770 vinum]
1656 3709 1699 3759 lroc
1706 3709 1798 3758 vinum
1811 3709 1837 3761 S.

483 3802 499 3850 9
509 3787 670 3848 conierrrriere]
681 3793 817 3850 crrrtrrrrprr.
835 3786 908 3837 BCP.
992 3801 1021 3837 ro
1024 3788 1125 3852 sugere]
1127 3789 1217 3854 fugire
1227 3790 1279 3851 BC,
1294 3791 1313 3840 Ρ
1325 3807 1389 3842 corr.
1471 3804 1500 3841 12
1511 3793 1540 3840 de
1551 3790 1598 3852 eis]
1607 3791 1672 3841 corld
1685 3809 1692 3850 ;
1706 3807 1725 3854 μ
1736 3807 1786 3841 orn.
1801 3792 1838 3840 de.

486 3870 589 3935 13Nre]
603 3867 673 3918 Nohe
684 3869 711 3918 S.
789 3868 840 3931 ego]
851 3868 917 3917 codd
929 3885 1003 3932 wgo
1016 3886 1043 3932 μ.
1129 3883 1157 3932 14
1168 3870 1228 3932 nlr'r]
1237 3873 1287 3922 alib
1298 3873 1326 3922 C.
1410 3875 1639 3938 15velerr]veterir
1652 3875 1678 3925 S.
1745 3877 1790 3923 sed
1798 3891 1840 3924 no·

481 3953 569 4015 vellae]
581 3951 623 4002 sed
632 3952 728 4000 novella
737 3951 769 4000 G.
874 3961 901 4012 17
914 3953 1011 4000 novella
1021 3953 1159 4014 olivarnm]
1172 3953 1189 4002 S
1203 3969 1266 4003 nnus
1278 3965 1356 4019 repet.
1475 3971 1507 4006 20
1518 3957 1617 4018 lassare]
1627 3957 1690 4016 Ass;
1703 3958 1765 4006 larse
1777 3973 1798 4020 μ
1811 3957 1838 4016 P,

485 4039 505 4089 C
522 4050 532 4086 1
547 4051 571 4084 m
584 4051 590 4093 ;
603 4035 697 4082 lassum
711 4033 731 4091 l,
747 4033 767 4082 C
780 4048 834 4096 sup.
850 4032 893 4082 lin.
995 4045 1027 4082 22
1038 4035 1159 4097 nigrorem]
1178 4035 1284 4085 virorem
1296 4037 1348 4087 SG.
1451 4041 1529 4102 nunc]
1540 4041 1584 4089 lrer
1594 4041 1626 4090 G.
1728 4053 1760 4102 24
1772 4041 1842 4090 Haec

483 4125 543 4170 surii
597 4117 769 4178 etelr'va10m.
785 4133 804 4179 μ
815 4116 849 4164 ob
861 4115 1074 4164 homoeleleuton.
1176 4117 1207 4165 26
1220 4119 1248 4166 in
1261 4119 1391 4182 Hiericho]
1401 4123 1465 4185 pCP
1477 4139 1528 4172 om.
1540 4123 1577 4171 in.
1677 4123 1839 4182 descendebat]

481 4201 635 4252 discenderet
647 4200 673 4249 S.
807 4197 956 4258 Sarrrariies]
968 4198 1105 4246 Samariiis
1119 4199 1157 4261 pS
1169 4200 1365 4257 ;Samaritanus
1378 4204 1406 4253 B.
1547 4214 1577 4266 27
1590 4205 1679 4266 custos]
1689 4212 1773 4252 custus
1785 4205 1837 4254 SG.

485 4280 612 4347 insurulit]
626 4279 724 4344 ursiuli!
735 4279 756 4329 C
768 4297 774 4338 ς
782 4279 860 4343 sudi!
872 4279 899 4327 B.
1003 4283 1200 4345 praeceptorum]
1213 4292 1290 4348 tepet.
1306 4285 1335 4334 C.
1464 4285 1495 4336 28
1506 4287 1649 4350 stypir'cum]
1661 4287 1748 4351 scripsi
1760 4304 1768 4344 ;
1779 4289 1839 4350 stip·

483 4373 565 4430 <rcum
579 4365 599 4413 B
610 4382 618 4424 ς
630 4364 757 4428 stipticum
770 4370 817 4412 cet.
832 4363 897 4412 codd
909 4380 916 4422 3
928 4362 1037 4426 typicum
1053 4379 1073 4426 μ
1084 4363 1198 4428 pessime.
1386 4369 1513 4434 excoquat]
1525 4377 1620 4419 excecat
1632 4371 1652 4420 C
1664 4385 1718 4419 corr
1730 4387 1738 4429 3
1750 4386 1838 4434 exquo-

482 4457 544 4516 qual
557 4449 584 4498 P.

529 4617 552 4658 1.
575 4593 777 4678 inebriamini]
793 4597 879 4658 Cant.
896 4614 923 4676 5,
944 4617 967 4657 1.
1228 4619 1254 4671 4.
1279 4597 1465 4682 rrrarrducare]
1482 4604 1572 4662 Rom.
1591 4623 1635 4677 iq,
1651 4621 1696 4664 21.

526 4700 553 4760 3.
577 4699 633 4739 non
647 4674 764 4761 bibant]
780 4680 863 4739 Prov.
881 4699 927 4757 31,
944 4700 970 4754 4.
1231 4701 1274 4740 rr.
1293 4681 1381 4757 pleni
1391 4681 1475 4764 ruric]
1492 4687 1557 4746 Act.
1577 4708 1602 4756 ²,
1623 4707 1631 4744 r
1640 4705 1666 4762 3.
