4092 5502
551 422 805 492 emortuus
827 431 886 492 nu
907 429 1076 490 Psunuo
1098 429 1226 496 cxun.
1495 421 1584 510 ¹277

227 649 321 714 Deus
338 647 442 712 Iacob
457 671 464 712 :
480 647 573 712 Deus
588 647 782 725 viventium,
794 657 827 712 et
844 667 910 712 non
929 657 1133 713 mortuorum
1145 646 1162 712 ’.
1179 645 1271 728 Ergo
1296 664 1357 708 nec
1373 645 1435 728 ipsi
1448 642 1586 726 patriar·

226 750 309 816 chae
325 749 592 817 iustificabuntur
605 752 638 816 in
665 762 846 834 conspectu
864 751 960 817 Dei.‘
980 750 1105 816 Stellae
1127 748 1216 814 enim
1245 767 1310 813 non
1339 757 1416 813 sunt
1442 749 1586 816 mundae

227 855 262 919 in
279 864 460 938 conspectu
476 855 546 918 eius
563 855 578 918 '.
598 875 603 882 ·

274 958 555 1042 Quubpersecutus
568 969 617 1024 est
640 957 792 1023 inimicus
805 959 956 1024 unimam
973 978 1085 1022 meam.
1112 957 1187 1020 iioc
1217 956 1491 1040 interpretatione
1517 975 1583 1020 non

195 1083 208 1136 5
226 1063 376 1146 indiget:
392 1063 474 1128 nulii
497 1064 634 1129 dubium
652 1063 730 1146 quin
756 1063 924 1144 diabolus,
935 1059 1147 1148 Humiliauit
1174 1061 1208 1125 in
1236 1070 1326 1124 terra
1341 1059 1446 1124 ue'tam
1471 1081 1585 1124 eneam.

229 1167 305 1232 Hoc
328 1176 379 1231 est
402 1169 491 1251 quod
516 1167 606 1232 dicit.
623 1166 777 1232 Antehac
802 1167 872 1230 aias
898 1166 1077 1243 habebam,
1093 1174 1126 1230 et
1151 1165 1330 1229 volabam:
1358 1183 1445 1227 nunc
1472 1172 1583 1227 autem

225 1281 418 1356 persecutus
445 1292 499 1335 me
524 1280 575 1336 est
601 1272 754 1336 inimicus
778 1279 812 1336 et
835 1271 1085 1354 conprehendit,
1109 1278 1142 1333 et
1171 1267 1287 1351 ligavit
1316 1267 1395 1331 mihi
1422 1267 1524 1348 pedes
1552 1275 1585 1330 et

226 1395 369 1455 manus;
389 1376 673 1456 quemadmodum
691 1375 825 1440 volatile
841 1375 884 1439 ab
900 1375 1035 1442 homine
1051 1373 1275 1458 prehenditur,
1290 1380 1324 1437 et
1341 1372 1436 1454 quasi
1455 1372 1584 1436 videtur

226 1488 492 1557 mortuum-esse,
507 1481 586 1563 quia
601 1499 667 1544 non
684 1478 785 1545 habet
812 1479 979 1544 licentiam
1004 1477 1131 1542 aiarum
1157 1497 1292 1542 suatum
1310 1486 1347 1562 ut
1364 1477 1464 1543 volet.
1481 1477 1534 1543 Ita
1550 1485 1583 1540 et

179 1607 208 1644 ro
225 1604 289 1661 me,
305 1583 422 1666 inquit,
437 1584 589 1648 inimicus
605 1583 719 1666 ligavit
735 1583 937 1654 conscientia
954 1591 1166 1664 peccatorum
1185 1600 1350 1648 meorum.

272 1687 455 1754 Conloeouit
470 1709 519 1751 nee
534 1688 569 1751 in
585 1687 726 1752 obscuris
738 1688 823 1752 sieut
841 1698 983 1752 mortuos
1000 1687 1126 1751 saeculi,
1143 1686 1239 1752 Sicut
1270 1695 1418 1751 mortuos
1443 1683 1585 1750 saeculi:

224 1791 335 1874 adhuc
352 1793 494 1856 necdum
512 1799 670 1856 mortuus.
688 1790 825 1874 Quare?
840 1791 918 1874 quia
945 1798 978 1853 in
998 1789 1204 1873 paenitentia
1220 1798 1294 1854 stat.
1313 1789 1349 1854 Si
1378 1789 1452 1872 quis
1468 1798 1582 1858 autem

225 1915 370 1982 peccans
386 1914 452 1962 non
469 1897 538 1979 agit
554 1895 803 1978 paenitentiam,
814 1895 866 1959 hic
884 1905 1032 1960 mortuus
1049 1905 1099 1959 est
1115 1893 1248 1971 saeculi,
1260 1902 1294 1958 et
1312 1912 1376 1957 non
1394 1895 1478 1958 sicut
1499 1913 1585 1958 mor-

225 2011 313 2077 tuus,
329 2000 386 2066 scd
414 1998 578 2083 perfectus
595 2010 753 2067 mortuus.
772 2000 847 2064 Hoc
872 2020 952 2082 ergo
979 1999 1108 2081 putavit
1137 1998 1300 2076 inimicus,
1319 1999 1399 2080 quia
1426 2016 1492 2069 non
1520 2017 1586 2082 ago

182 2127 207 2180 ¹5
225 2103 467 2188 paenitentiam
484 2104 704 2185 propeccatis
732 2105 822 2180 meis,
837 2123 924 2186 quae
947 2104 1017 2185 ipse
1034 2101 1114 2166 mihi
1132 2099 1297 2182 suggessit
1325 2107 1362 2162 ut
1396 2097 1523 2165 faciam.
1540 2099 1588 2164 Et

224 2207 382 2272 aneiotus
395 2217 552 2290 estsuper
566 2228 615 2270 me
627 2206 763 2289 spr'n'tus
780 2228 874 2270 mens.
891 2213 898 2239 ‘
916 2207 967 2272 Tu
996 2208 1085 2290 prior
1100 2206 1155 2270 dic
1177 2213 1317 2287 peccata
1343 2212 1411 2280 tua,
1426 2212 1459 2266 et
1476 2203 1585 2268 salvus

225 2314 289 2377 eris
306 2313 322 2377 ¹.
341 2312 384 2377 Et
401 2313 540 2376 iterum:
556 2315 563 2344 ‘
581 2311 617 2376 Si
633 2312 740 2377 solum
768 2311 983 2394 suspiraveris
1010 2333 1072 2395 pro
1099 2308 1246 2396 peccatis
1264 2309 1339 2386 tuis,
1355 2308 1474 2372 salvus·
1489 2311 1552 2372 eris
1567 2311 1584 2374 '.

224 2417 267 2482 In
280 2437 333 2480 me
349 2415 518 2480 turbatum
532 2426 581 2479 est
592 2436 648 2479 cor
660 2427 774 2481 meum.
792 2418 930 2499 Propter
948 2417 1186 2482 conscientiam
1211 2433 1332 2490 meam,
1350 2413 1428 2496 quia
1444 2415 1585 2496 peccavi.

269 2519 404 2584 Memor
407 2519 471 2600 sui
483 2519 611 2582 dierum
638 2520 858 2602 antiquorum.
876 2519 1016 2584 Dierum
1039 2538 1187 2584 meorum
1215 2520 1362 2601 priorum
1390 2537 1517 2582 memor
1533 2518 1588 2594 sui,

179 2651 209 2688 20
227 2625 399 2710 quomodo
415 2623 579 2710 habebam
596 2622 832 2689 confidentiam
848 2647 855 2688 ε
872 2644 959 2688 nunc
972 2632 1084 2689 autem
1103 2623 1183 2687 mihi
1207 2644 1275 2686 nox
1288 2631 1348 2688 est.

270 2726 430 2811 Expandi
444 2747 561 2790 nunnus
586 2747 673 2792 meas
699 2727 747 2790 ad
768 2737 804 2792 ie.
821 2728 961 2811 Ligatus
987 2727 1030 2790 ab
1055 2728 1190 2792 inimico
1218 2726 1299 2789 nihil
1327 2725 1418 2790 aliud
1450 2744 1586 2808 possum

226 2835 345 2911 iacere,
360 2831 422 2896 nisi
439 2831 677 2914 paenitentiam
694 2851 802 2914 agere,
818 2843 851 2896 et
867 2851 986 2898 manus
1002 2851 1093 2895 meas
1117 2831 1225 2894 levare
1248 2829 1291 2894 ad
1308 2840 1350 2895 te.
1368 2829 1498 2894 Anima
1514 2851 1585 2893 mea

225 2939 312 3003 sieut
325 2946 415 3000 terro
427 2935 496 2998 sine
510 2955 596 3016 aquo
612 2933 680 2998 tibi.
698 2933 793 2999 Sicut
808 2944 894 2999 terra
909 2935 981 2998 sine
991 2954 1078 3018 aqua
1094 2936 1163 2999 sitit
1179 2944 1213 2999 et
1230 2935 1359 3019 quaerit
1376 2934 1525 3012 imbrem,
1538 2937 1585 3000 ita

227 3053 260 3106 et
275 3041 388 3105 anima
406 3059 479 3102 mea
495 3038 662 3102 desiderat
677 3049 709 3104 et
726 3039 795 3103 sitit
811 3048 844 3102 te
862 3035 971 3103 Deum
989 3060 1095 3105 suum.

181 3171 209 3225 ²5
279 3143 435 3210 Velociter
447 3142 568 3206 exandi
581 3163 630 3206 me
645 3142 793 3220 Domine,
808 3142 923 3223 defecit
936 3142 1074 3225 spiritus
1099 3163 1195 3206 cneus.
1216 3142 1343 3207 Anima
1362 3161 1437 3207 mea
1452 3142 1585 3220 deiecit,

226 3270 305 3313 caro
322 3267 396 3310 mea
411 3244 532 3310 defecit
547 3269 553 3309 :
569 3247 703 3329 spiritus
721 3266 813 3310 meus
830 3255 959 3310 tantum
978 3247 1135 3312 remansit
1152 3247 1184 3310 in
1204 3266 1266 3322 me,
1278 3255 1311 3311 et
1329 3247 1438 3330 ipsum
1453 3245 1585 3311 deiecit:

228 3353 285 3417 scd
304 3350 461 3432 velociter
476 3350 600 3413 exaudi
618 3369 680 3428 me,
695 3358 729 3415 et
746 3351 900 3414 miserere
920 3351 994 3414 mei.

270 3453 396 3522 Nota'm
405 3457 468 3537 fac
480 3453 567 3519 milei
579 3455 668 3516 vium
686 3455 720 3516 in
735 3475 799 3538 quo
814 3453 984 3519 ambulem.
1001 3454 1162 3537 Xpistum
1183 3464 1278 3519 tuum
1297 3464 1413 3518 notum
1431 3453 1482 3518 iac
1497 3453 1587 3530 mihi,

227 3565 284 3646 qui
301 3562 391 3627 dixit
405 3567 411 3593 ¹
431 3561 506 3642 Ego
522 3579 596 3622 sum
612 3559 666 3622 via
682 3558 698 3624 '.

260 3770 503 3834 ainterpretatione]
519 3775 627 3818 accusat.
642 3766 694 3816 SG.
796 3766 811 3815 6
824 3765 947 3828 Antehac]
968 3767 1013 3816 BG
1025 3784 1032 3826 ;
1052 3767 1192 3826 anrea183
1209 3772 1267 3815 onte
1280 3763 1305 3832 β.
1407 3775 1420 3827 7
1433 3765 1482 3826 nee]
1493 3779 1543 3812 om.
1560 3761 1584 3830 β.

228 3853 360 3914 inimicus]
381 3851 396 3918 β
415 3851 474 3900 add.
489 3851 602 3899 unimam
623 3865 710 3897 meane.
811 3849 997 3912 conprehendit]
1014 3849 1114 3912 appreh.
1131 3845 1155 3915 β.
1257 3843 1466 3911 8preherrdr'tur]
1482 3843 1569 3908 scripsi
1581 3863 1588 3904 ;

224 3935 388 3998 prehenditur
399 3933 432 3993 G,
440 3932 580 3998 preorditur
590 3930 611 3980 C
623 3947 629 3988 ς
642 3929 850 3994 conprehenditur
863 3927 901 3995 βΒ
913 3947 920 3990 ;
932 3932 956 3978 si
965 3931 1164 3994 deprehendatur
1175 3930 1201 3980 S.
1303 3935 1326 3976 et
1336 3928 1411 3992 prensi
1413 3931 1422 3991 ]
1434 3932 1464 3974 ut
1474 3926 1549 3990 quusi
1561 3923 1584 3991 β.

228 4014 522 4082 υἰιίιίην]υἰ(1ια1ιινβ8.
594 4025 619 4062 rt
632 4014 704 4062 Sine!
712 4020 821 4062 mortuos
830 4014 912 4062 saecrd
919 4009 935 4072 ']
944 4029 993 4062 non
1005 4023 1081 4076 repet.
1094 4013 1200 4070 BC;Si
1209 4014 1273 4062 sicut
1283 4027 1317 4060 m.
1327 4028 1346 4060 s.
1358 4009 1381 4076 β
1453 4022 1481 4058 12
1494 4008 1587 4070 Quen]
1631 4011 1635 4016 '

229 4115 278 4149 onr.
295 4097 319 4166 β.
423 4109 452 4161 13
470 4112 520 4146 non
536 4096 599 4158 ocii]
616 4111 665 4144 non
683 4095 774 4143 hahens
794 4095 820 4144 B.
921 4095 1027 4155 saeculi]
1044 4097 1121 4144 seculo
1135 4096 1162 4145 B.
1267 4107 1296 4155 14
1302 4092 1437 4157 perfectus]
1445 4091 1547 4155 perfecte
1561 4089 1584 4157 β.

233 4193 241 4230 r
247 4165 395 4244 suecidom.
404 4179 428 4247 β
495 4177 662 4239 rbonxioius]
670 4177 1074 4235 unexiurusG;ansiatuchorr.
1133 4171 1585 4241 priordic]priusdicB3dr'eprn'usp.

234 4271 316 4328 17pru
322 4262 428 4327 peccetis
438 4261 500 4324 tuis]
508 4267 556 4324 pru
563 4267 661 4324 peccato
672 4267 720 4308 tna
730 4259 757 4310 S.
826 4271 859 4309 20
869 4258 996 4323 qreomodo]
1005 4259 1070 4308 codd
1082 4259 1200 4323 merendo
1214 4256 1238 4324 β.
1307 4255 1434 4316 habebam]
1443 4255 1544 4304 habeam
1558 4255 1587 4304 B.

231 4355 262 4406 23
272 4339 347 4402 deut]
357 4344 426 4392 uelut
437 4343 469 4393 G.
572 4341 603 4390 26
615 4337 693 4401 rneus]
705 4357 755 4391 om.
771 4337 838 4406 sz.
938 4347 962 4389 ei
973 4339 1066 4404 ipsunt]
1080 4342 1122 4391 BC
1136 4337 1178 4400 (τὸ
1191 4341 1295 4401 πνεῦμα
1303 4340 1323 4398 i)
1335 4339 1420 4402 etipse
1432 4335 1456 4403 β.

275 4544 297 4584 r.
313 4545 372 4585 non
386 4521 575 4604 rrrortuorunr]
592 4527 664 4584 Luc.
683 4543 727 4586 20.
747 4541 782 4598 37
813 4541 840 4598 q.
981 4541 1025 4598 17.
1040 4525 1139 4583 sulvus
1153 4518 1222 4605 eris]
1243 4523 1352 4583 Ezech.
1374 4525 1419 4596 18,
1437 4526 1497 4583 21?

272 4626 298 4683 3.
314 4601 387 4688 eius]
404 4607 491 4667 Ioba
541 4623 565 4683 5.
978 4601 1162 4686 29.oeb]10.
1183 4625 1227 4678 14,
1244 4606 1270 4664 6.

269 4691 318 4776 116.
332 4689 431 4750 saluus
444 4624 512 4770 crisi
526 4688 565 4748 Is.
581 4707 629 4765 43,
647 4689 693 4748 26.
