4154 5494
484 403 561 510 176
860 419 887 480 s.
914 418 1167 479 munouunr
1190 419 1455 480 namuurum

477 640 541 704 tria
556 637 700 704 climata.
717 638 765 702 Et
779 659 876 702 mare.
889 637 984 701 Mare
1002 637 1116 720 utique
1128 637 1161 700 in
1177 637 1351 702 occidente
1365 645 1425 702 est.
1443 636 1535 720 Ergo
1551 637 1661 701 videte
1677 637 1836 720 quoniam

478 746 686 809 occidentem
714 743 765 806 bis
796 742 989 819 nominavit,
1016 751 1049 804 et
1075 741 1247 804 meridiem
1281 759 1342 803 nec
1368 740 1479 805 semel.
1507 741 1620 824 Quare
1647 741 1749 824 igitur
1775 742 1836 806 tria

478 850 614 914 climata
639 847 834 922 nominavit,
859 855 894 910 et
917 865 1020 909 unum
1043 844 1151 909 noluit
1177 843 1392 927 nuncupare?
1417 845 1575 927 Legimus
1598 846 1629 908 in
1655 845 1835 910 Abbacuc:

478 955 590 1018 ‘Deus
606 954 649 1017 ab
665 960 779 1018 austro
793 950 913 1027 veniet,
935 959 969 1013 et
992 958 1128 1014 sanctus
1144 950 1186 1013 de
1210 958 1325 1013 monte
1345 948 1528 1014 umbroso.'
1547 948 1639 1011 Deus
1658 949 1701 1012 ab
1724 957 1835 1012 austro

478 1059 596 1123 veniet.
621 1057 674 1120 De
691 1055 865 1120 Salvatore
881 1053 1016 1117 dicitur:
1032 1053 1189 1136 quoniam
1208 1053 1301 1116 Deus
1329 1063 1426 1116 natus
1442 1061 1492 1116 est
1508 1051 1541 1117 in
1565 1060 1686 1116 austro.
1714 1051 1748 1116 A
1771 1053 1835 1115 situ
1869 1071 1883 1123 5

478 1165 567 1228 enim
583 1157 984 1235 Hierusalem,Bethieem
996 1158 1029 1220 in
1043 1169 1157 1222 austro
1167 1157 1276 1240 posita
1288 1167 1354 1222 est:
1366 1168 1542 1241 propterea
1553 1156 1782 1233 dicitur,Deus
1794 1154 1836 1218 ab

478 1279 592 1333 austro
609 1267 726 1332 veniet.
751 1265 787 1330 Si
804 1272 916 1329 autern
934 1262 1026 1326 Deus
1042 1263 1086 1326 ab
1101 1271 1215 1327 austro
1231 1262 1350 1339 veniet,
1363 1265 1535 1345 quomodo
1555 1283 1642 1326 nunc
1657 1262 1787 1339 dicitur,
1803 1261 1834 1324 A

479 1372 557 1437 solis
573 1381 647 1434 ortu
663 1379 696 1434 et
715 1387 844 1443 occasu,
860 1367 903 1430 ab
925 1365 1106 1448 aquilone?
1123 1366 1247 1430 Auster
1259 1375 1292 1430 et
1309 1375 1408 1429 notus
1420 1366 1541 1430 tacitus
1556 1374 1614 1430 est.
1630 1365 1661 1428 A
1676 1365 1754 1430 solis
1764 1373 1835 1428 ortu

478 1488 510 1542 et
530 1497 647 1542 occasu.
663 1474 795 1538 ‘Amen
812 1491 910 1535 amen
927 1471 1003 1534 dico
1025 1470 1129 1549 vobis,
1145 1470 1222 1554 quia
1240 1469 1334 1535 multi
1348 1471 1481 1534 venient
1497 1469 1540 1535 ab
1556 1470 1683 1534 oriente
1695 1476 1729 1532 et
1751 1471 1835 1532 occi·

479 1584 589 1660 dente,
601 1591 632 1645 ct
650 1578 843 1644 recumbent
861 1577 893 1639 in
910 1576 983 1639 sinu
998 1574 1166 1640 Abrahae:
1184 1573 1241 1638 filii
1257 1584 1370 1639 autem
1387 1575 1609 1657 generationis
1626 1573 1722 1636 huius
1739 1573 1836 1654 longe
1857 1601 1885 1638 ro

479 1684 603 1757 erunt.'
618 1682 650 1746 Α
667 1681 746 1744 solis
767 1688 839 1744 ortu
855 1688 887 1742 et
905 1699 1022 1755 occasu,
1039 1677 1152 1760 utique
1168 1677 1382 1761 alienigenae.
1401 1677 1450 1742 Et
1466 1677 1507 1742 ab
1521 1678 1678 1760 aquilone.
1694 1676 1837 1760 ‘Aquilo

479 1787 675 1853 durissimus
701 1794 830 1861 ventus,
846 1783 981 1847 nomine
996 1791 1107 1846 autem
1129 1783 1251 1845 dexter
1265 1791 1410 1846 vocatur.
1422 1773 1453 1813 ''‘
1464 1781 1521 1846 Ab
1537 1780 1701 1863 aquilone,
1722 1781 1837 1862 inquit,

480 1890 699 1953 exardescent
717 1888 804 1951 mala
820 1906 919 1969 super
936 1885 1084 1950 terram'
1101 1885 1195 1948 Mare
1209 1884 1328 1966 legitur
1344 1885 1376 1948 in
1396 1883 1551 1949 Numeris
1567 1894 1601 1949 et
1614 1885 1646 1950 in
1665 1885 1788 1948 Exodo
1803 1895 1837 1948 et

480 1995 518 2058 in
530 1993 621 2056 omni
638 1993 800 2075 scriptura
822 2000 952 2069 sancta3
970 1999 1003 2054 et
1019 1989 1220 2070 ubicumque
1237 2008 1327 2052 mare
1349 1988 1481 2066 auditis,
1497 1987 1679 2050 secundum
1704 1986 1836 2050 climata

479 2119 611 2181 semper
627 2096 830 2178 intellegitur
845 2094 1008 2159 occidens.
1023 2093 1055 2156 A
1072 2093 1136 2156 situ
1154 2093 1242 2156 enim
1262 2090 1473 2155 Hierusalem
1492 2112 1581 2154 mare
1597 2091 1661 2154 hoc
1678 2108 1835 2173 magnum
1858 2117 1883 2170 ¹5

479 2205 568 2286 quod
591 2202 720 2279 dicitur,
738 2202 770 2266 in
794 2201 969 2266 occidente
986 2209 1045 2262 est.
1061 2198 1185 2262 Videte
1201 2199 1302 2280 igitur
1326 2197 1519 2282 mysterium
1536 2198 1787 2278 scripturarum:
1802 2193 1835 2257 in

480 2310 544 2372 isto
560 2307 634 2372 loco
651 2308 701 2371 bis
716 2307 871 2371 occidens
889 2304 1088 2381 nominatur,
1100 2314 1132 2367 et
1157 2324 1218 2367 nec
1231 2301 1332 2366 semel
1350 2312 1457 2367 notus.
1479 2302 1555 2366 Hoc
1578 2321 1680 2384 quare
1695 2300 1837 2364 dicitur?

479 2411 648 2494 Quoniam
671 2410 814 2494 populus
832 2410 1032 2474 ludaeorum
1048 2408 1081 2472 in
1107 2407 1173 2472 isto
1189 2407 1319 2491 psalmo
1335 2427 1401 2472 non
1417 2407 1570 2471 scribitur
1586 2406 1764 2480 vocandus,
1779 2404 1835 2468 sed

479 2527 609 2580 tantum
631 2515 790 2597 gentium.
814 2514 968 2596 Denique
985 2513 1065 2595 quid
1082 2512 1189 2576 dicit?

521 2618 733 2683 Erraomrnt
752 2618 786 2680 in
806 2617 980 2681 solitudine
999 2617 1033 2680 in
1051 2616 1326 2698 inaquoso-'oium
1346 2614 1492 2678 civitatis
1506 2613 1686 2679 habitaculi
1706 2633 1767 2676 non
1788 2611 1835 2675 in·
1855 2641 1884 2678 20

479 2733 643 2801 venemur,
666 2723 843 2786 esurientes
862 2731 894 2784 et
913 2723 1065 2786 sitientes.
1085 2721 1129 2784 Et
1154 2728 1191 2783 ut
1211 2720 1323 2783 sciatis
1344 2721 1422 2801 quia
1445 2720 1577 2802 proprie
1598 2718 1641 2781 de
1665 2717 1837 2781 vocatione

478 2830 629 2911 gentium
647 2827 798 2890 scribitur
814 2834 848 2889 et
864 2827 906 2888 de
923 2824 1073 2906 pulsione
1092 2824 1302 2898 ludaeorum,
1318 2823 1351 2886 in
1368 2822 1583 2903 sequentibus
1600 2821 1701 2903 ipsius
1719 2819 1836 2902 psalmi

478 2934 637 3015 scriptum
655 2941 705 2994 est
722 2929 859 2993 ‘Posuit
878 2928 1015 2992 flumina
1032 2929 1064 2991 in
1088 2929 1255 2990 desertum
1270 2926 1277 2953 '
1293 2927 1447 2990 videlicet
1470 2926 1680 2991 ludaeorum.
1695 2925 1836 2989 Errone-

480 3048 559 3101 runt
576 3038 610 3101 in
626 3035 800 3100 solitudine
821 3035 856 3097 in
873 3031 1162 3114 inaquoso.·Vultis
1177 3033 1259 3094 scire
1275 3033 1433 3114 quoniam
1451 3051 1511 3094 nos
1532 3031 1565 3093 in
1577 3032 1745 3113 inaquoso
1760 3039 1836 3093 ante

478 3140 623 3205 suimus?
638 3139 848 3202 Erraverunt
864 3136 898 3200 in
913 3135 1087 3199 solitudine
1100 3135 1134 3198 in
1145 3135 1308 3217 inaquoso.
1323 3135 1584 3217 Diximus'quae
1599 3145 1710 3198 essent
1722 3153 1836 3216 aquae,
1853 3159 1880 3212 25

477 3245 626 3309 diximus
653 3263 738 3325 quae
760 3250 871 3305 essent
892 3240 1037 3304 flumina.
1071 3238 1167 3304 Viam
1188 3239 1335 3302 civitatis
1351 3237 1531 3302 habitaculi
1552 3258 1613 3301 non
1637 3238 1835 3315 invenerunt,

477 3349 652 3413 esurientes
670 3357 702 3410 et
722 3347 875 3411 sitientes.
900 3346 1123 3428 Exponamus
1148 3345 1319 3425 quomodo
1339 3343 1490 3425 gentium
1516 3342 1659 3426 populus
1681 3342 1777 3407 suerit
1802 3344 1832 3404 in

477 3454 609 3516 deserto
625 3453 680 3514 ubi
698 3471 764 3513 non
782 3460 875 3512 erant
891 3468 1007 3531 aquae,
1023 3448 1154 3511 hocsest
1170 3447 1202 3510 in
1220 3448 1392 3529 inaquoso,
1414 3457 1448 3511 et
1463 3449 1635 3530 quomodo
1656 3449 1743 3512 viam
1760 3447 1834 3512 civi·

512 3641 660 3705 3Allacuc]
673 3639 759 3691 ACPS
772 3657 779 3698 ς
792 3639 889 3689 Abacuc
901 3636 973 3706 βΒῦ.
1057 3632 1308 3696 4κπιύνωο]88ἀά.
1321 3643 1345 3684 et
1356 3635 1503 3700 condempso.
1588 3631 1707 3698 7veniet]
1723 3635 1793 3685 uenit
1803 3633 1833 3686 G.

478 3723 493 3772 8
504 3723 631 3788 aquilam]
643 3723 660 3772 S
673 3721 849 3771 addetum.
951 3731 982 3768 22
993 3719 1022 3766 de
1030 3717 1154 3782 pulsione]
1165 3719 1194 3766 de
1202 3718 1345 3783 expulsione
1356 3715 1405 3784 βΑ.
1508 3729 1522 3766 2
1525 3725 1538 3782 5
1543 3717 1660 3783 suimus]
1663 3717 1796 3782 strennus
1804 3716 1833 3766 G.

519 3903 545 3954 4.
554 3877 697 3961 umbroso]
707 3880 821 3940 Habac.
833 3899 860 3956 3,
873 3899 896 3956 3.
906 3881 993 3942 Conf.
1002 3877 1087 3938 Hier.
1100 3877 1130 3937 in
1227 3899 1238 3936 r
1245 3897 1273 3954 3.
1289 3873 1412 3958 terrane]
1429 3879 1534 3938 Ierem.
1555 3898 1579 3950 r,
1601 3896 1643 3949 14.

477 3963 649 4026 Comment.
692 3962 823 4022 ‘Audivi
863 3980 919 4037 ego
956 3961 1129 4020 Hebraeum
1226 3955 1832 4039 15.intellegr'turoccr'dens]HieronHebr.

476 4044 565 4104 istum
579 4045 646 4105 ioco
658 4043 697 4103 ita
708 4043 960 4120 disserere:quod
973 4042 1129 4102 Bethleem
1182 4053 1295 4118 quaest.
1323 4042 1352 4098 in
1379 4042 1488 4100 Genes.
1521 4059 1529 4098 r
1538 4061 1564 4116 3,
1593 4059 1628 4111 ¹4
1653 4059 1695 4117 sq.
1725 4038 1833 4116 ‘Quod

477 4125 531 4186 sita
550 4125 586 4185 sit
609 4127 650 4186 ad
674 4138 816 4196 austrum,
840 4124 869 4184 in
895 4141 954 4200 qua
976 4133 1063 4183 natus
1085 4135 1128 4183 est
1181 4135 1281 4182 autem
1298 4122 1327 4181 in
1342 4119 1772 4198 omnibusscripturisIegitur,
1788 4119 1833 4179 hic

478 4207 627 4267 Dominus
642 4217 732 4283 atque
747 4207 890 4278 Salvator,
906 4217 935 4266 et
951 4205 1047 4282 ipsum
1064 4223 1128 4264 esse
1179 4203 1272 4264 semel
1308 4203 1415 4262 dixisse
1447 4201 1582 4276 sufficiat,
1608 4221 1689 4262 mare
1721 4219 1834 4278 semper

475 4290 515 4350 de
529 4307 591 4364 quo
603 4307 683 4348 nunc
698 4287 1128 4348 dicaturDonu'nusabaustro
1180 4303 1233 4363 pro
1262 4284 1419 4344 occidente
1445 4283 1559 4358 poni';
1587 4282 1617 4342 in
1647 4283 1754 4343 Ezech.
1788 4285 1832 4355 46,

475 4371 579 4430 oenr'et:
595 4370 653 4430 boc
667 4381 720 4442 est,
732 4381 868 4430 nascetur
881 4369 909 4427 in
923 4368 1088 4439 Betbiee1u‚
1098 4377 1128 4425 et
1183 4387 1218 4442 19
1243 4385 1307 4442 sqq.
1336 4371 1343 4397 ⁴
1362 4365 1439 4425 hanc
1454 4365 1583 4426 habente
1597 4363 1740 4441 scriptura
1755 4381 1834 4424 sacra

475 4451 547 4512 inde
561 4463 719 4528 consurget
731 4454 746 4511 ’.
1179 4447 1438 4520 consuetudinem,
1465 4459 1497 4507 ut
1520 4465 1573 4523 pro
1592 4444 1649 4504 situ
1678 4457 1771 4506 terrae
1790 4446 1834 4505 Iu·

521 4553 564 4592 10.
581 4536 662 4610 longe
676 4529 774 4614 erunt]
790 4531 897 4591 Matth.
915 4534 942 4604 8,
962 4551 993 4590 11
1012 4549 1055 4605 sq.
1179 4530 1273 4589 daeae
1291 4547 1408 4606 semper
1424 4547 1504 4589 mare
1525 4527 1714 4588 occidentem
1729 4525 1834 4588 vocet'

521 4635 565 4673 12.
580 4616 681 4674 denter·
697 4610 825 4694 noratur]
846 4615 929 4672 Pron.
949 4631 992 4686 27·
1016 4615 1049 4669 16
1069 4629 1125 4670 sec.
1180 4622 1235 4669 etc.

477 4713 548 4755 Lxx.
