4092 5502
601 473 856 538 TRACTATUS
880 470 926 532 IN
950 469 1081 532 MARC.
1104 471 1160 545 XI,
1187 489 1281 547 1144.
1531 477 1611 566 357

258 689 349 776 Quid
365 689 464 771 dixit,
480 687 729 774 circumspectis
745 687 922 754 omnibus?
938 687 1153 773 Respiciebat
1175 691 1374 770 sacerdotes,
1389 691 1523 758 volebat
1543 713 1615 758 esse

256 817 332 862 curn
354 797 430 876 illis,
446 795 505 861 sed
526 815 592 860 non
615 802 764 877 poterat:
780 792 859 878 quia
878 813 1010 877 semper
1028 794 1258 860 sacerdotibus
1274 796 1447 862 serviebat.
1465 797 1613 864 Circum·

256 903 379 986 spectis
400 922 481 985 ergo
500 901 676 966 omnibus:
693 899 787 981 quasi
804 917 879 964 curn
901 897 1035 964 lucerna
1054 910 1237 983 quaereret.
1256 899 1341 966 lllnd
1359 905 1516 986 estquod
1533 904 1612 968 diei·

258 1016 312 1073 tur
326 1007 359 1072 in
378 1006 553 1090 Sophonia
573 1003 758 1088 propheta:
773 1007 781 1036 ‘
798 1003 845 1067 Et
863 1005 1037 1068 scrutabor
1054 1003 1328 1088 Hierosolymam
1349 1025 1425 1070 cum
1447 1006 1581 1072 lucerna
1598 1009 1613 1072 '.

226 1128 239 1181 5
257 1113 314 1180 Sic
330 1123 458 1197 ergoet
476 1112 644 1176 Dominus
659 1128 735 1174 cum
752 1106 887 1173 lucerna
902 1109 1141 1192 circumspexit
1157 1111 1279 1188 omnia,
1295 1131 1457 1194 quaerens
1479 1114 1511 1176 in
1530 1123 1612 1178 tem-

257 1219 323 1304 plo,
338 1230 371 1285 et
392 1219 472 1282 nihil
493 1217 584 1300 quod
595 1217 783 1306 ¹eligeretur
803 1212 939 1276 invenit.
956 1213 1042 1278 Cum
1062 1214 1129 1278 iam
1145 1235 1284 1297 vespera
1300 1226 1398 1296 esset,
1412 1218 1612 1302 circumspe-

255 1325 320 1390 ctis
331 1323 496 1387 omnibus.
508 1321 596 1386 Vide
608 1319 689 1402 quid
702 1317 801 1395 dicat,
813 1317 1061 1399 circumspectis
1073 1317 1240 1382 omnibus.
1253 1318 1349 1386 Licet
1363 1341 1429 1386 non
1442 1321 1613 1400 inveniret,

256 1437 370 1492 tamen
391 1424 551 1509 quamdiu
574 1423 633 1486 lux
650 1421 722 1498 luit,
739 1440 804 1484 non
823 1419 958 1484 recessit
973 1420 1015 1484 de
1031 1421 1178 1504 templo:
1195 1441 1270 1486 cum
1287 1433 1401 1488 autem
1422 1425 1510 1490 iacta
1525 1435 1612 1491 esset

257 1550 405 1613 vespera,
427 1549 503 1592 cum
528 1525 691 1609 templum
719 1524 919 1588 Iudaeorum
946 1525 1157 1605 ignorantiae
1184 1527 1341 1592 tenebrae
1365 1529 1614 1608 obcaecassent,

210 1651 240 1688 ¹0
256 1633 489 1715 cum'vespera
505 1638 593 1694 esset
612 1629 704 1706 hora,
719 1627 855 1692 intravit
874 1627 907 1692 in
925 1629 1124 1693 Bethaniam
1140 1651 1217 1695 cum
1233 1631 1422 1700 duodecim.
1438 1633 1613 1718 Quaesivit

257 1738 422 1814 Salvator,
441 1734 655 1818 quaesierunt
676 1730 841 1815 apostoli:
861 1732 894 1814 in
915 1732 1043 1814 templo
1063 1732 1144 1798 nihil
1166 1735 1373 1815 invenerunt,
1391 1739 1514 1822 egressi
1535 1749 1614 1804 sunt

256 1846 300 1907 de
315 1839 453 1925 templo.
469 1839 588 1906 Gaude
603 1838 777 1915 monache,
793 1838 904 1919 gaude
919 1838 976 1919 qui
997 1837 1030 1900 in
1046 1838 1180 1904 deserto
1195 1842 1355 1906 versaris:
1373 1827 1461 1926 qhod
1479 1845 1511 1908 in
1528 1852 1611 1909 tem·

256 1947 315 2032 plo
331 1967 398 2012 non
415 1945 590 2022 invenitur,
606 1943 774 2009 invenitur
788 1940 885 2006 foras.
903 1942 1045 2006 Intravit
1064 1943 1097 2008 in
1116 1943 1314 2010 Bethaniam
1332 1967 1408 2010 cum
1425 1947 1613 2014 duodecim.

257 2052 422 2118 Bethania
446 2051 683 2132 interpretatur
705 2047 827 2112 domus
850 2045 1093 2113 oboedientiae.
1118 2049 1269 2113 Recessit
1296 2051 1397 2132 igitur
1419 2053 1463 2115 de
1485 2052 1613 2134 templo

260 2156 471 2232 ludaeorum,
486 2153 542 2217 ubi
563 2163 634 2217 erat
653 2150 829 2234 superbia:
844 2151 935 2215 venit
956 2151 988 2213 in
1006 2151 1144 2215 domum
1161 2153 1403 2220 oboedientiae.
1421 2155 1613 2222 Oboedien·

257 2264 315 2340 tia,
335 2260 391 2324 ubi
411 2257 592 2324 humilitas.
615 2255 754 2319 Dimisit
772 2254 961 2338 superbiam
986 2255 1197 2335 ludaeorum,
1212 2259 1304 2324 venit
1324 2261 1366 2322 ad
1388 2259 1613 2325 humilitatem

256 2364 419 2448 gentium.

302 2467 350 2530 Et
368 2466 402 2529 iu
422 2464 491 2528 aliu
510 2463 653 2527 diacum
676 2461 809 2526 exirent.
826 2461 950 2527 Videte
972 2463 1052 2547 quid
1077 2463 1205 2531 dicitur.
1228 2468 1267 2530 Iu
1292 2468 1358 2532 alia
1380 2469 1444 2548 die,
1459 2468 1615 2533 videlicet

255 2590 335 2634 cum
359 2569 490 2635 exirent
514 2589 534 2630 a
558 2564 815 2662 Bethania.·Qui
838 2577 950 2632 autem
974 2568 1039 2632 alia
1062 2567 1116 2633 die
1140 2572 1317 2653 egreditur,
1333 2592 1413 2654 ergo
1437 2572 1560 2637 mansit
1581 2573 1613 2636 in

208 2693 239 2731 ao
257 2673 433 2739 Bethania.
449 2671 572 2736 Videte
592 2691 672 2754 ergo
692 2670 866 2752 templum,
882 2671 914 2735 in
936 2691 1004 2756 quo
1020 2691 1086 2736 non
1104 2684 1235 2738 manet:
1254 2677 1286 2739 in
1305 2677 1504 2741 Bethaniam
1520 2675 1611 2740 venit

256 2789 292 2845 ct
312 2788 435 2846 manet.
450 2778 499 2842 Et
516 2778 585 2842 alia
599 2777 654 2842 die
671 2797 744 2842 mm
762 2776 888 2841 exirent
906 2797 926 2840 a
946 2778 1119 2856 Bethania,
1134 2779 1258 2846 esuriit.
1276 2781 1402 2847 Mansit
1421 2782 1556 2866 quidem
1579 2781 1612 2845 in

259 2885 443 2950 Bethania:
459 2884 517 2947 scd
534 2883 710 2965 egrediens
726 2884 768 2948 de
785 2885 947 2948 Bethania
965 2886 1099 2950 esurivit
1121 2886 1262 2951 salutem
1282 2887 1492 2950 ludaeorum.
1508 2889 1516 2918 ‘
1534 2883 1611 2949 Non

258 2990 344 3067 veni,
359 2988 476 3072 inquit,
493 2987 554 3050 nisi
575 2989 617 3051 ad
634 3008 713 3052 oves
733 2989 880 3070 perditas
896 2989 1016 3053 domus
1039 2989 1163 3055 Israhel
1180 2989 1197 3055 ¹.
1215 2989 1332 3073 Usque
1353 2989 1454 3054 hodie
1470 2989 1613 3073 Xpistus

258 3095 378 3159 esurit:
398 3090 617 3174 degentibus
638 3091 774 3175 quidem
796 3100 962 3158 saturatus
983 3093 1095 3166 estin
1118 3093 1251 3159 ludaeis
1272 3113 1350 3160 vcro
1372 3094 1482 3158 esurit.
1506 3094 1550 3157 Et
1571 3092 1612 3156 de

210 3214 240 3268 ²⁵
258 3201 356 3265 nobis
374 3200 421 3264 sic
436 3209 515 3263 sunt
531 3197 633 3281 aliqui
651 3198 832 3278 credentes,
848 3199 902 3263 alii
920 3219 986 3263 non
1004 3201 1185 3264 credentes.
1202 3199 1256 3264 De
1271 3199 1483 3264 credentibus
1499 3209 1613 3262 autem

259 3303 402 3369 relectus
417 3311 478 3379 est,
494 3302 526 3365 in
544 3322 610 3366 non
627 3303 840 3368 credentibus
856 3305 967 3368 esurit.

306 3407 449 3490 Cumque
462 3406 597 3470 utilisset
610 3427 631 3468 a
646 3406 847 3490 longeficum
870 3407 1035 3472 habentem
1042 3409 1141 3490 solia.
1161 3409 1282 3472 Infelix
1311 3408 1461 3472 Iudaeus.
1477 3411 1485 3440 ‘
1502 3407 1614 3470 Notus

260 3513 294 3576 in
315 3512 438 3576 Iudaea
464 3509 566 3589 Deus,
581 3509 613 3573 in
634 3509 757 3574 Israhel
782 3531 941 3596 magnum
967 3531 1088 3576 nomen
1106 3512 1176 3578 eius
1191 3513 1207 3577 ’.
1226 3513 1302 3577 Hoc
1318 3511 1499 3596 aliquando
1522 3509 1612 3593 apud
1723 3577 1727 3590 ,

262 3613 474 3699 patriarchas,
500 3613 564 3678 hoc
587 3616 676 3697 apud
702 3614 904 3697 prophetas:
931 3635 1017 3679 nunc
1045 3635 1122 3679 vero
1150 3618 1242 3682 Deus
1259 3618 1322 3694 ille,
1349 3616 1405 3699 qui
1421 3615 1554 3679 dicebat
1579 3615 1610 3676 in

213 3736 244 3788 ³0
264 3719 435 3785 Hieremia
450 3722 458 3750 ‘
475 3719 567 3782 Dens
583 3717 854 3802 adpropinquans
870 3737 942 3801 ego,
958 3728 991 3785 et
1008 3738 1073 3784 non
1090 3722 1133 3786 de
1149 3719 1248 3805 longe
1263 3722 1270 3747 '
1286 3720 1403 3805 [dicit],
1418 3739 1506 3784 nunc
1524 3719 1611 3782 idem

262 3822 428 3888 Dominus
445 3821 567 3886 recedit
594 3841 614 3884 a
632 3821 764 3886 ludaeis
790 3832 823 3887 et
848 3822 947 3905 longe
969 3843 1026 3888 eos
1043 3824 1155 3890 videt:
1170 3834 1282 3890 tamen
1300 3835 1337 3888 ut
1352 3825 1466 3900 salvet,
1493 3823 1612 3904 adpro·

293 4007 325 4058 30
333 3994 389 4042 Vox
400 3991 463 4042 dicit
473 3991 604 4042 redundat.

301 4165 328 4216 4.
344 4137 545 4221 mraluccrua]
566 4141 699 4218 Sophon.
719 4161 743 4213 1,
764 4162 807 4201 12.
965 4143 1097 4220 ‘esuriit,
1113 4148 1158 4206 vel
1180 4145 1330 4208 veritatem
1346 4147 1495 4207 humanae
1517 4144 1612 4204 carnis

306 4227 349 4283 16.
379 4225 421 4283 ud
438 4223 630 4282 humilitatem
657 4219 798 4303 gentium]
825 4222 908 4282 Hier.
963 4227 1133 4300 ostendens,
1149 4229 1195 4288 vel
1208 4227 1339 4288 esuriens
1351 4229 1476 4287 salutem
1491 4227 1612 4287 creden-

263 4303 292 4364 in
308 4307 416 4367 Matth.
432 4323 478 4378 ar,
492 4321 526 4378 17
539 4307 547 4334 ⁸
561 4301 612 4364 ivit
629 4303 816 4378 Bethaniam,
828 4303 910 4381 quod
963 4307 1046 4380 tium,
1062 4318 1091 4368 et
1106 4319 1243 4370 aestuans
1258 4310 1296 4369 ad
1318 4308 1555 4369 incredulitatem
1569 4310 1610 4368 Is·

264 4385 470 4465 interpretatur
483 4385 594 4444 domus
608 4385 828 4457 oboedientiae,
852 4385 909 4445 iam
964 4389 1048 4450 raelis
1064 4390 1078 4447 ’.

263 4477 333 4526 tunc
348 4468 537 4528 vocationem
551 4465 684 4543 gentium
700 4468 909 4544 praefigurans,
1005 4489 1019 4526 2
1024 4489 1050 4544 3.
1068 4467 1197 4551 Israhel]
1214 4472 1320 4532 Matth.
1342 4489 1386 4548 15,
1405 4492 1449 4544 ²4·

264 4547 363 4626 ibique
377 4549 495 4617 mansit,
511 4547 581 4623 quia
596 4546 627 4606 in
642 4549 734 4609 Israel
760 4565 909 4625 permane·
1005 4553 1051 4610 28.
1065 4548 1137 4631 erius]
1153 4554 1199 4610 Ps.
1218 4570 1264 4630 75,
1282 4573 1306 4611 2.

263 4647 294 4689 re
308 4628 475 4708 nonpotuit
490 4630 505 4687 '.
1004 4651 1052 4706 30.
1067 4633 1101 4690 de
1111 4629 1204 4714 luinge]
1222 4635 1328 4693 ierem.
1346 4655 1361 4692 2
1365 4655 1393 4710 3,
1411 4655 1455 4712 23.

304 4733 349 4773 aa.
364 4715 484 4774 salutem
500 4707 689 4793 Iudaeorum]
703 4711 781 4770 ibid.
798 4713 833 4769 18
845 4729 909 4787 sqq.
