4112 5496
428 375 483 498 58
853 401 1007 467 suucn
1038 386 1291 468 urunourur
1696 398 1784 486 [exn

428 625 598 730 semper
626 620 819 704 inenrrra.
847 622 910 706 Ut
948 621 1160 705 Romanis
1195 623 1383 706 serviant
1420 649 1598 735 semper.
1636 627 1706 708 El
1739 627 1784 708 in

430 759 723 842 tabernaculis
740 787 886 843 eornm
906 787 989 844 non
1020 761 1082 842 sil
1108 761 1188 870 qni
1206 761 1435 845 inhabitet.
1462 763 1561 846 Hoc
1580 777 1646 846 est
1667 765 1782 875 quod

424 899 512 981 ait:
538 906 546 935 ‘
571 898 828 980 Dimittetur
848 898 971 981 vobis
993 897 1150 981 domus
1163 911 1306 982 vestra
1323 898 1491 983 deserta
1505 902 1524 983 '.
1544 897 1784 986 Recedente

427 1036 481 1120 de
506 1035 665 1146 Iudaea
703 1036 873 1146 Xpist0,
911 1063 1064 1120 omnes
1099 1039 1257 1147 pariter
1276 1064 1375 1120 cum
1412 1038 1488 1121 illo
1519 1054 1784 1125 recesserunt

426 1175 619 1257 virtutes
635 1175 867 1283 Panperel
885 1174 1030 1256 dolens
1041 1201 1117 1282 ego
1130 1199 1235 1257 snm.
1254 1171 1367 1258 Cum
1384 1175 1500 1259 enim
1518 1192 1631 1261 esset
1647 1179 1781 1280 dives,
1818 1213 1834 1268 s

426 1341 504 1426 pro
525 1313 651 1397 nobis
673 1340 832 1424 pauper
853 1314 990 1396 lactus
1010 1327 1086 1396 est.
1110 1315 1179 1396 El
1197 1314 1440 1424 conpedilos
1472 1331 1572 1414 snos
1611 1335 1693 1394 eron
1714 1309 1784 1393 de-

425 1453 580 1561 spexit.
609 1453 850 1536 Possumus
872 1453 951 1535 hoc
971 1453 1184 1536 versiculo
1206 1453 1279 1552 uti,
1304 1453 1340 1536 si
1362 1452 1540 1564 quaudo
1566 1451 1609 1535 in
1632 1451 1782 1534 laudes

428 1607 665 1701 martyrum
687 1618 948 1702 peroremus
967 1591 1156 1699 Quidam
1178 1606 1219 1675 et
1241 1593 1293 1676 de
1314 1591 1543 1675 animabus
1560 1589 1641 1674 hoc
1657 1591 1781 1672 intel-

427 1729 509 1838 legi
533 1741 697 1838 putant,
720 1728 837 1840 quod
868 1731 1038 1814 clausae
1067 1731 1318 1841 corporibus
1340 1758 1426 1814 nou
1449 1731 1671 1841 despectae
1693 1729 1780 1812 sint

427 1897 452 1950 a
476 1869 581 1949 Deo,
1803 1905 1836 1943 ιο

1023 1981 1189 2064 LXXI.

484 2207 541 2291 ln
570 2207 850 2291 Salomonem.
887 2208 946 2290 Et
977 2206 1046 2290 hic
1076 2205 1270 2318 psalmus
1302 2207 1470 2318 proprie
1494 2206 1549 2290 ad
1575 2199 1780 2316 Xpistum

431 2345 631 2430 relertur:
657 2345 865 2430 Salomon
887 2343 1046 2455 quippe
1067 2343 1280 2455 pacificus,
1303 2357 1345 2428 et
1367 2344 1567 2455 pacificus
1587 2356 1653 2428 est
1676 2342 1783 2454 Xpi-

432 2502 537 2570 stus.
561 2485 631 2567 El
639 2489 874 2596 permanet
892 2510 989 2567 enm
1009 2483 1094 2566 sole
1112 2489 1156 2566 el
1183 2489 1287 2565 ante
1306 2483 1469 2586 lnnarn,
1486 2482 1783 2592 generationis

422 2625 765 2734 generationum.
791 2621 839 2706 Si
863 2648 990 2731 super
1012 2615 1245 2705 Salomone
1279 2622 1359 2705 iste
1394 2621 1589 2733 psalmus
1620 2619 1782 2703 intelle·
1804 2655 1836 2708 ιε

428 2764 557 2876 gitur,
582 2763 661 2845 hoc
683 2761 855 2871 penitus
876 2772 988 2841 stare
1010 2786 1095 2841 non
1119 2771 1275 2869 potest:
1294 2758 1503 2842 Salomon
1524 2757 1684 2869 quippe
1706 2781 1782 2841 nec

429 2928 527 2985 cum
562 2899 651 2982 sole
684 2925 760 2981 nec
793 2925 891 2981 cum
926 2897 1029 2979 luna
1063 2897 1309 3007 permansit.
1348 2895 1397 2980 Si
1437 2923 1539 2979 vero
1578 2895 1781 2978 volumus

431 3038 676 3149 intellegere
692 3037 746 3120 de
760 3036 929 3146 Xpist0,
945 3033 1239 3146 quaerendum
1256 3035 1477 3145 quomodo
1491 3034 1678 3144 Xpistus
1696 3059 1781 3116 non

431 3177 584 3261 habeat
620 3177 772 3258 finem:
808 3201 906 3256 cum
943 3172 1019 3272 sol,
1056 3185 1098 3256 et
1134 3172 1246 3270 luna,
1281 3186 1323 3256 et
1357 3172 1534 3272 caelum,
1564 3184 1606 3255 et
1637 3171 1783 3254 omnia

429 3327 687 3399 veterescere
707 3324 749 3396 et
770 3311 952 3394 transire
971 3310 1180 3393 dicantur.
1805 3351 1842 3389 ω

463 3499 752 3568 aqualait10m.AM.
852 3495 1167 3565 4recesserunt1EhMp;
1201 3513 1315 3547 recessere
1325 3498 1355 3548 C.
1456 3512 1534 3560 9non
1544 3499 1664 3562 despectae
1674 3494 1783 3563 sint]l⁴l;

430 3603 456 3636 n.
470 3587 588 3649 dispectae
599 3601 619 3632 s.
635 3583 710 3631 EAM
722 3600 729 3642 ;
763 3596 813 3629 non
824 3579 995 3644 despiciantur
1006 3581 1036 3630 C.
1140 3593 1168 3629 12
1180 3581 1344 3642 Salomonem]
1353 3581 1504 3630 Salomonem
1514 3581 1536 3630 E
1545 3589 1569 3630 et
1581 3579 1617 3630 sic
1628 3579 1781 3644 saepissime.

434 3680 462 3728 14
475 3667 645 3730 generationis
658 3661 861 3726 generationum]
874 3659 970 3728 ΕΑΜβ
988 3663 1030 3722 (cf.
1044 3665 1152 3727 August.
1173 3663 1261 3712 Enarr.
1281 3663 1307 3712 in
1319 3679 1355 3728 ps.
1371 3663 1468 3722 LXXI,
1482 3678 1506 3712 n.
1522 3662 1554 3712 8:
1569 3665 1576 3689 ⁸
1590 3663 1656 3712 Sane
1667 3661 1735 3726 quod
1747 3669 1783 3710 est

429 3749 456 3800 in
467 3764 557 3814 graeco
576 3743 666 3815 γενεὰς
686 3745 782 3811 γενεῶν
803 3744 917 3793 nonnulli
937 3744 1093 3809 interpretati
1105 3754 1172 3804 sunt,
1186 3747 1423 3810 nongenerotiones,
1437 3744 1481 3794 sed
1498 3744 1666 3808 gementionis
1681 3759 1783 3806 genera·

429 3834 535 3890 tiortnm,
550 3831 609 3896 quia
620 3825 710 3899 γενεάς
722 3828 854 3892 ambiguus
865 3837 902 3878 est
915 3843 986 3876 casus
997 3827 1022 3875 in
1034 3843 1133 3892 graeco,
1147 3837 1171 3876 et
1191 3837 1274 3877 utrum
1292 3826 1417 3892 genitivus
1436 3825 1569 3890 singularis
1580 3826 1611 3876 sit
1623 3828 1671 3888 τῆς
1684 3827 1781 3894 γενεᾶς,

429 3917 444 3966 i.
459 3933 483 3966 e.
496 3913 570 3964 huius
589 3911 766 3977 generationis,
787 3927 819 3959 an
838 3909 995 3960 accusativus
1011 3907 1058 3966 τὰς
1076 3905 1174 3977 persoir,
1189 3909 1205 3959 i.
1219 3927 1241 3960 e.
1256 3911 1301 3960 has
1318 3909 1501 3974 generationes,
1524 3925 1575 3958 non
1595 3909 1723 3958 evidenter
1741 3925 1783 3971 ap-

429 4007 499 4064 paret
512 3997 546 4057 ’);
574 3998 603 4045 in
611 3993 980 4058 generationesgenerationnm
990 3992 1019 4041 C.
1091 3989 1476 4059 155uperSaiomone1AMCl33
1504 3999 1580 4056 super
1589 3991 1740 4040 Salomonem
1753 3990 1782 4038 E.

430 4096 462 4132 20
472 4080 624 4140 veterescere]
637 4077 714 4126 EAM
725 4093 733 4137 ς
766 4082 913 4125 veterascere
924 4075 945 4124 C
949 4071 973 4142 β

471 4232 496 4288 3.
520 4207 642 4289 deserta]
656 4209 762 4268 Matth.
778 4227 793 4265 2
798 4227 824 4283 3,
833 4211 878 4283 38.
894 4208 965 4266 Luc.
976 4227 1019 4283 13,
1032 4225 1078 4284 35.
1132 4207 1244 4284 primus
1258 4208 1358 4270 dilecti
1374 4221 1402 4269 et
1418 4206 1534 4286 pacifici
1556 4207 1643 4268 titulo
1665 4225 1786 4284 praeno·

471 4295 495 4351 6.
511 4287 677 4370 sactnsest]
695 4309 709 4348 2
726 4290 795 4350 Cor.
813 4291 839 4360 8,
857 4309 885 4364 9.
1132 4300 1241 4349 rantur.
1276 4289 1337 4366 Qui
1373 4289 1490 4350 tametsi
1525 4291 1564 4349 ad
1601 4286 1784 4367 prophetiam

472 4393 496 4450 7.
519 4375 676 4434 Possumus
689 4365 1020 4450 lrocnersr'cnlantietc.]
1033 4371 1076 4432 Cl.
1133 4370 1242 4431 Christi
1267 4386 1296 4432 et
1322 4371 1467 4432 ecclesiae
1490 4369 1680 4448 pertinentes,
1696 4367 1784 4429 setici-

429 4470 490 4518 uot.
507 4475 595 4532 supra
612 4475 637 4527 p.
657 4471 703 4528 23,
719 4455 736 4512 1.
754 4473 780 4528 9.
1132 4463 1223 4512 tatem
1252 4466 1282 4514 et
1310 4451 1386 4513 vires
1413 4450 1582 4514 Salomonis
1611 4451 1758 4512 excedunt
1774 4470 1784 4524 ;

472 4559 517 4597 12.
538 4541 580 4598 acl
592 4538 726 4613 Xpr'stnm
743 4531 877 4613 refertur]
902 4533 1026 4592 Hieron.
1050 4531 1080 4590 in
1131 4545 1231 4593 tamen
1247 4536 1412 4596 secundum
1429 4533 1579 4594 historiam
1596 4552 1684 4610 super
1704 4531 1785 4592 Salo-

429 4621 543 4680 Eccles.
571 4641 594 4691 r,
622 4639 633 4676 1
659 4619 715 4694 (M.
741 4635 787 4690 23,
814 4614 920 4691 10⁶3l²
951 4613 1080 4690 ‘psalmi
1132 4633 1222 4674 mone
1237 4614 1396 4694 conscripti
1411 4629 1480 4676 sunt
1495 4618 1509 4675 '.

427 4700 797 4779 quadragesimusquartus
806 4709 836 4757 et
846 4694 1080 4773 septuagesimus
