4112 5496
474 339 556 466 xpi
1010 387 1303 460 ennarnrro:

475 611 695 750 primum
726 654 788 749 39
796 655 822 745 3
851 611 1017 750 palam
1039 612 1279 720 eiuratam
1299 653 1409 722 esse
1421 615 1505 721 ab
1514 612 1837 754 Hieronymo

478 753 722 892 Origenis
749 777 864 860 auct
867 795 938 859 orr
943 776 1119 860 t:atem
1158 797 1289 893 quae
1330 756 1495 914 prima
1538 755 1654 863 mali
1698 756 1837 864 labes

475 918 522 1001 et
548 895 915 1054 discordiarum
949 895 1139 1003 turbo
1129 937 1294 1034 ipsum
1327 921 1400 1003 rnt
1403 920 1533 1004 eret
1514 898 1835 1004 tRuffinum

474 1036 575 1143 suit.
613 1037 934 1145 Callidet
846 1037 912 1177 rgi
915 1062 996 1143 tur
1026 1037 1106 1142 hic
1137 1037 1423 1145 adversario
1453 1081 1546 1145 suo
1578 1039 1834 1178 negotium

370 1245 372 1252 ·
474 1178 751 1284 facessebat
733 1200 854 1285 tex
898 1177 1081 1301 libello,
1109 1221 1261 1316 quem
1307 1180 1387 1286 ille
1430 1223 1460 1286 a
1498 1222 1552 1286 se
1593 1203 1747 1318 script
1749 1221 1836 1287 um

474 1361 584 1426 esse
611 1320 859 1427 molest
772 1343 821 1432 te
847 1361 947 1427 ram
968 1321 1124 1426 ferret.

547 1461 656 1601 Qui
683 1461 890 1600 quidem
918 1460 1114 1568 libellus
1147 1484 1303 1599 quot
1285 1462 1429 1568 titulo
1460 1462 1838 1600 praenotandus

474 1626 619 1725 esset,
655 1604 743 1709 diu
780 1645 980 1711 mecum
1019 1603 1127 1762 ipse
1157 1604 1401 1741 quaesivi;
1434 1645 1762 1742 quamquam,
1795 1645 1836 1710 sr

474 1744 735 1851 codicibus
785 1786 939 1851 manu
990 1744 1188 1883 scriptis
1232 1745 1530 1869 steterimus
1583 1787 1660 1852 res
1700 1745 1837 1851 baud

474 1928 595 1992 sane
640 1885 857 1992 difficilis
899 1887 1090 1993 evadet.
1140 1886 1333 1991 Nam
1323 1928 1372 1991 m
1419 1928 1521 1992 uno
1566 1886 1740 1992 codice
1787 1885 1834 1996 C

475 2027 888 2150 ‘Euchiridion'
894 2115 903 2151 ,
951 2027 1001 2133 in
1046 2026 1250 2166 reliquis
1291 2041 1446 2134 vero‘
1484 2029 1836 2166 Excerptum'

472 2181 597 2276 aut‘
634 2169 891 2307 Excerpta
921 2170 986 2275 de
1022 2168 1266 2276 Psalterio
1298 2170 1306 2201 '
1339 2169 1636 2276 inscribitur.
1678 2170 1837 2276 Porro

474 2312 685 2417 verbum
712 2312 809 2416 hoc
835 2309 957 2448 quid
984 2310 1158 2432 valeat,
1186 2309 1536 2450 Hieronymus
1558 2310 1665 2448 ipse
1685 2351 1837 2448 expo·

477 2453 549 2559 nit
575 2453 625 2558 in
652 2452 864 2591 prologo
891 2492 1044 2591 quem
1071 2451 1328 2589 praemisit
1345 2451 1656 2558 translationi
1677 2451 1836 2559 homi·

475 2594 651 2700 liarum
676 2592 921 2732 Origenis
943 2593 991 2698 in
1014 2591 1335 2698 Ezechielem
1359 2593 1674 2731 (Mignez,
1697 2598 1833 2718 611),

476 2735 577 2858 ubi,
605 2759 876 2873 postquam
927 2733 1192 2842 admonuit
1242 2733 1544 2840 Adamantii
1590 2734 1836 2872 opuscula

476 2877 525 3036 in
553 2918 758 2983 omnem
793 2876 1108 3015 Scripturam
1135 2917 1245 2981 esse
1278 2875 1563 3015 triplicia!
1603 2875 1834 2981 Primum

435 3019 581 3125 eius
634 3057 777 3155 opus,
825 3017 998 3176 inquit
1052 3059 1321 3140 excomm,
1349 3059 1477 3155 quae
1515 3057 1697 3155 graece
1720 3053 1837 3150 qaut

476 3183 843 3298 nuncupantur,
873 3201 922 3263 m
949 3158 1135 3296 quibus
1162 3201 1375 3296 eaquae
1405 3158 1500 3264 sibi
1531 3157 1837 3265 videbantur

474 3302 688 3408 obscura
714 3323 864 3437 atque
891 3300 1076 3406 habere
1106 3299 1296 3438 aliquid
1331 3299 1653 3423 difficultatis,
1699 3341 1834 3405 sum-

475 3444 648 3549 matim
677 3442 991 3580 breviterque
1017 3441 1305 3579 perstrinxit
1331 3443 1352 3548 '.
1382 3442 1522 3580 Ergo
1549 3483 1627 3548 res
1643 3442 1834 3580 perspi.-

473 3627 568 3690 cua
593 3606 686 3690 est:
715 3625 878 3721 neque
905 3625 967 3689 ex
993 3625 1067 3705 eo,
1096 3583 1235 3721 quod
1267 3625 1387 3688 mox
1427 3582 1611 3689 edendi
1654 3583 1834 3688 breves

474 3726 522 3833 in
591 3725 823 3832 Psalmos
889 3723 1235 3830 commentarii
1307 3725 1563 3863 Excerpta
1629 3721 1834 3862 proprie
1895 3817 1899 3826 .

472 3867 825 4027 inscribuntur,
849 3866 1017 3972 statim
1060 3864 1283 4024 suspicio
1314 3865 1550 3972 habenda
1590 3889 1677 3990 est,
1706 3863 1832 3971 nihil

473 4008 522 4115 in
550 4009 620 4168 eis
646 4007 820 4115 aliud
810 4049 987 4130 messe,
1022 4048 1115 4113 nrsr
1150 4029 1326 4113 trunca
1362 4007 1612 4165 quaedam
1640 4048 1703 4113 ex
1732 4005 1833 4111 alio

472 4149 673 4256 maioris
701 4149 848 4256 molis
874 4190 1025 4289 opere
1050 4150 1256 4285 decerp
1257 4191 1298 4254 a
1340 4150 1466 4255 Non
1497 4189 1631 4256 emm
1662 4145 1833 4254 defue-

470 4315 599 4414 runt,
627 4291 713 4430 qui
746 4333 862 4397 cum
889 4291 1055 4397 haec
1045 4331 1155 4429 rpsa
1199 4290 1423 4427 Excerpt
1425 4333 1455 4395 a
1485 4289 1535 4395 in
1567 4287 1832 4447 codicibus

470 4477 560 4575 per
586 4457 907 4540 transennam
948 4431 1313 4570 adspexissent,
1281 4431 1603 4538 tconfident
1585 4455 1659 4542 ter
1689 4472 1748 4538 ea
1779 4427 1830 4535 in

470 4576 727 4716 catalogos
754 4573 1157 4711 reserrentquasr
1184 4614 1360 4710 puram
1388 4596 1577 4710 putam
1589 4571 1832 4679 Breviatii

472 4720 522 4827 in
549 4719 780 4824 Psalmos
807 4715 1076 4855 epitomen.
1101 4715 1262 4858 Quod
1281 4715 1430 4855 longe
1446 4756 1591 4823 secus
1611 4736 1707 4822 est:
1722 4754 1829 4820 non
