4154 5494
480 435 561 516 224
854 435 883 492 S.
910 429 1160 491 HIERONYMI
1184 422 1448 487 PRESBYTERI

478 653 674 717 exaudivit?
692 651 784 715 Fecit
810 669 863 714 me
887 659 975 713 stare
1001 649 1033 711 in
1061 647 1170 730 primo
1194 643 1308 726 gradu.
1327 642 1453 705 Verum
1481 640 1524 704 ad
1552 637 1829 720 conparationem

479 756 585 838 quinti
602 754 721 819 decimi
738 753 870 837 gradus,
885 753 966 834 quid
984 762 1034 816 est
1049 771 1122 815 esse
1137 750 1170 814 in
1188 749 1297 832 primo
1311 746 1441 829 gradu?
1459 743 1580 808 Dimisi
1596 753 1738 818 terrena,
1749 760 1829 805 nec·

477 861 558 924 dum
575 859 618 923 ad
637 857 705 923 alta
720 857 909 922 conscendi.
927 857 1018 939 Ergo
1035 875 1100 920 non
1117 853 1226 918 debeo
1241 871 1314 917 esse
1330 868 1479 914 securus:
1492 846 1525 911 in
1538 845 1656 912 ceteris
1668 843 1831 928 gradibus

479 965 586 1029 debeo
603 961 765 1026 auxilium
785 961 848 1024 Dei
866 960 1042 1042 postulare.

522 1065 662 1131 Domine
677 1065 778 1128 libero
804 1063 953 1128 animam
969 1085 1074 1128 meam
1089 1083 1110 1126 a
1126 1060 1224 1125 labio
1239 1057 1363 1140 iniquis
1384 1066 1415 1120 et
1429 1077 1451 1118 α
1462 1055 1580 1138 lingua
1594 1054 1712 1118 dolosa.
1740 1056 1835 1123 Dicit
1873 1075 1888 1132 ς

479 1173 542 1236 hoc
558 1172 600 1234 de
615 1169 771 1232 omnibus
787 1168 978 1232 haeresibus
994 1193 1001 1233 :
1017 1168 1097 1231 dicit
1109 1168 1152 1230 de
1170 1165 1312 1239 Iudaeis,
1328 1163 1408 1227 dicit
1432 1163 1474 1226 de
1499 1161 1662 1240 Arrianis,
1677 1163 1761 1227 dicit
1787 1163 1834 1226 de

480 1273 696 1350 Manichaeis,
711 1273 792 1336 dicit
817 1273 859 1335 de
886 1271 1003 1336 ceteris
1031 1269 1230 1334 haeresibus
1248 1268 1394 1351 Quando
1421 1266 1501 1330 dicit
1528 1265 1715 1330 Arrianus:
1732 1267 1834 1330 Pater

481 1380 594 1456 maior,
610 1377 715 1440 Filius
741 1377 849 1440 minor
862 1397 870 1455 ;
885 1375 964 1458 quid
993 1376 1144 1440 dicamus
1160 1373 1247 1437 nos?
1265 1370 1411 1436 Domine
1428 1369 1531 1434 libera
1553 1370 1701 1434 animam
1720 1390 1831 1434 meam

480 1505 499 1546 a
517 1482 611 1546 labiis
627 1479 749 1564 iniquis
766 1487 798 1542 et
814 1499 833 1542 a
850 1479 963 1562 lingua
987 1480 1112 1544 dolosa.
1129 1477 1275 1561 Quando
1300 1475 1381 1539 dicit
1399 1474 1627 1551 Manichacus,
1643 1485 1677 1539 et
1704 1474 1833 1538 similes

483 1585 775 1650 Manichaeorum:
794 1584 959 1647 Dominus
976 1603 1042 1647 non
1059 1581 1239 1646 resurrexit
1256 1580 1289 1645 in
1306 1579 1452 1662 corporis
1468 1580 1616 1658 veritate,
1632 1589 1666 1643 et
1682 1590 1718 1644 ut
1744 1581 1832 1643 scias
1859 1603 1891 1643 ro

480 1708 545 1752 non
559 1687 659 1750 luisse
675 1706 787 1750 verum
804 1707 933 1768 corpus,
949 1687 1068 1751 clausis
1085 1687 1251 1768 ingressus
1276 1693 1326 1746 est
1342 1683 1456 1747 ostiis:
1472 1703 1532 1747 nos
1548 1683 1627 1766 quid
1653 1684 1835 1750 dicamus?

481 1791 626 1856 Domine
643 1790 746 1853 libera
761 1791 907 1854 animam
922 1811 1031 1855 meam
1049 1811 1068 1854 a
1084 1789 1180 1853 labiis
1205 1787 1325 1871 iniquis
1342 1796 1375 1850 et
1391 1807 1411 1850 a
1427 1787 1542 1869 lingua
1557 1786 1683 1852 dolosa.
1703 1789 1835 1852 Maiora

481 1895 616 1959 vulnera
632 1904 709 1958 sunt
726 1893 860 1976 linguae
875 1914 975 1977 quam
993 1894 1105 1977 gladii.
1123 1892 1263 1958 Gladius
1279 1889 1436 1955 interficit
1451 1911 1582 1973 corpus,
1597 1891 1745 1955 animam
1764 1912 1833 1956 non

480 1996 633 2062 interficit
649 2021 656 2062 :
672 1997 786 2079 lingua
808 1999 954 2062 animam
979 1997 1142 2063 interficit.
1160 1995 1292 2078 Lingua
1319 1995 1407 2058 mala
1423 2015 1483 2071 res,
1501 1994 1625 2059 malum
1643 2015 1803 2080 magnum
1823 2017 1831 2060 :

480 2102 672 2166 ‘modicum
699 2103 833 2185 quidem
863 2103 1048 2166 membrum
1075 2110 1135 2178 est,
1159 2101 1216 2164 sed
1244 2119 1366 2180 magna
1393 2098 1522 2163 exaltat
1537 2099 1553 2164 '.
1582 2099 1718 2182 Quanta
1743 2100 1835 2164 mala
1858 2123 1888 2179 ις
2034 2150 2035 2206 1

481 2205 602 2269 habeat
619 2205 740 2286 lingua,
753 2203 853 2288 legite
864 2204 1040 2288 epistolam
1052 2206 1157 2268 sancti
1173 2202 1295 2268 lacobi.
1308 2202 1441 2284 Lingua
1457 2201 1538 2266 nihil
1553 2203 1700 2267 medium
1713 2202 1837 2268 habet:

481 2319 539 2375 aut
553 2310 680 2392 grande
696 2308 831 2386 malum,
846 2319 904 2374 aut
927 2309 1053 2392 grande
1076 2312 1211 2374 bonum.
1229 2307 1364 2372 Grande
1389 2307 1525 2383 bonum,
1541 2305 1701 2390 Xpistum
1719 2307 1834 2372 Deum

480 2413 677 2490 confitetur;
693 2413 819 2495 grande
836 2413 970 2490 malum,
986 2413 1144 2498 Xpistum
1164 2415 1274 2478 Deum
1304 2421 1413 2496 negat.
1430 2412 1524 2494 Ergo
1540 2433 1581 2476 ne
1598 2421 1695 2494 putet
1710 2411 1834 2496 aliquis

479 2531 512 2584 et
527 2518 627 2595 dicat,
645 2517 783 2581 Interim
800 2538 899 2600 opere
915 2539 981 2583 non
998 2518 1151 2600 peccavi:
1167 2518 1194 2580 si
1211 2518 1355 2600 peceavi,
1373 2517 1486 2598 lingua
1502 2517 1647 2600 peccavi.
1659 2515 1759 2600 Quod
1780 2527 1835 2581 est

479 2624 586 2688 maius
613 2632 798 2704 peccatum,
813 2641 914 2704 quam
939 2622 1148 2704 blasphemia
1164 2622 1196 2684 in
1215 2620 1354 2686 Deum?
1381 2629 1415 2686 et
1439 2633 1552 2687 tamen
1579 2621 1830 2704 linguapeccat.
1854 2641 1887 2680 ao

479 2725 642 2790 Diabolus
660 2727 747 2790 unde
764 2725 882 2790 cecidit
894 2726 906 2790 ἓ
920 2726 997 2808 quia
1022 2725 1146 2791 lurtum
1176 2724 1276 2790 lecit?
1291 2725 1371 2808 quia
1398 2725 1615 2790 homicidium
1632 2724 1710 2789 iecit
1723 2729 1737 2787 Ρ
1752 2725 1833 2808 quia

478 2831 681 2895 adulterium
703 2829 804 2893 iecit?
823 2830 866 2893 Et
883 2830 964 2893 haec
981 2831 1116 2912 quidem
1141 2831 1228 2895 mala
1244 2841 1343 2896 sunt:
1360 2831 1417 2895 sed
1435 2831 1589 2895 diabolus
1605 2839 1743 2913 propter
1764 2829 1832 2894 hoc

478 2957 544 3001 non
561 2937 690 3014 cecidit,
707 2936 765 2998 sed
782 2950 919 3017 propter
934 2935 1083 3017 linguam
1096 2956 1190 3000 suam
1206 2935 1438 3020 cecidit.Quid
1452 2937 1540 3000 enim
1557 2936 1686 3000 dixiti‘
1702 2933 1739 2997 ln
1757 2953 1833 2998 cae-

477 3040 545 3103 lum
562 3041 753 3116 ascendam,
768 3059 867 3121 super
890 3040 998 3102 sidera
1023 3039 1105 3104 caeli
1121 3061 1245 3123 ponam
1262 3041 1419 3105 thronum
1439 3061 1560 3116 meum,
1576 3048 1610 3103 et
1633 3059 1690 3103 ero
1714 3038 1834 3102 similis

477 3143 682 3207 Altissimo’.
699 3143 774 3205 Non
792 3162 872 3224 ergo
889 3151 1006 3224 putent
1034 3144 1188 3207 monachi
1216 3165 1251 3208 se
1270 3145 1392 3209 debere
1407 3163 1479 3207 esse
1499 3162 1641 3219 securos,
1656 3151 1691 3206 et
1706 3143 1833 3220 dicant,
1854 3159 1884 3215 ²5

477 3248 614 3312 Interim
632 3248 770 3329 grandia
793 3246 932 3310 crimina
956 3267 1021 3310 non
1048 3245 1185 3312 iacimus
1203 3249 1234 3312 in
1252 3248 1477 3312 monasterio:
1495 3266 1560 3312 non
1578 3246 1739 3325 adultero,
1756 3267 1826 3312 non

476 3353 600 3417 lurtum
628 3350 722 3428 facio,
749 3371 815 3413 non
841 3350 1057 3414 homicidium
1083 3351 1178 3429 facio,
1203 3373 1267 3417 non
1294 3353 1507 3436 parricidium
1535 3351 1632 3427 facio,
1660 3363 1693 3416 et
1718 3365 1831 3418 cetera

475 3455 615 3538 grandia
643 3455 731 3519 vitia.
758 3455 802 3518 Et
829 3454 861 3518 in
889 3455 1002 3536 lingua
1022 3458 1162 3537 grandia
1186 3458 1266 3522 vitia
1293 3467 1380 3522 sunt.
1397 3455 1531 3522 Grande
1556 3457 1674 3535 scelus,
1689 3457 1829 3540 quando

476 3559 617 3624 detraho
632 3558 723 3622 fratri
741 3577 816 3622 meo
831 3579 838 3636 ;
855 3558 968 3641 lingua
979 3579 1053 3624 mea
1070 3558 1202 3624 fratrem
1221 3559 1390 3627 interficio.
1405 3561 1493 3644 ‘Qui
1509 3563 1598 3626 enirn
1611 3561 1683 3626 odit
1693 3561 1831 3626 fratrem

509 3785 522 3836 7
536 3771 678 3833 Arrianus]
691 3773 788 3820 Am'us
804 3773 829 3822 S.
931 3771 1079 3838 8dr'camus]
1098 3774 1206 3822 dicemus
1219 3791 1246 3837 μ,
1261 3773 1350 3822 Cam.
1365 3789 1419 3838 sup.
1433 3773 1478 3823 lin.
1585 3769 1716 3836 9sr'miier]
1735 3773 1831 3824 similis

477 3857 544 3920 nGl.
633 3867 659 3904 11
672 3853 913 3915 dr'carrru51dicrrnus
925 3871 953 3918 μ,
968 3855 1054 3904 Cam.
1142 3868 1171 3916 14
1182 3856 1271 3918 lingum
1283 3857 1398 3904 animam
1410 3855 1539 3920 interficit]
1551 3871 1602 3906 om.
1614 3857 1640 3908 S.
1724 3857 1831 3919 152221-

475 3943 522 4004 rar]
542 3937 605 3996 AC;
622 3937 721 3985 exultat
740 3935 861 3994 BPSG,I
882 3953 955 3994 corr;
975 3939 1100 3986 exulcerat
1113 3955 1140 4000 μ.
1244 3937 1273 3986 16
1290 3934 1427 4000 epistolam]
1447 3939 1475 3986 in
1496 3937 1597 4002 epistola
1617 3938 1648 3989 C.
1751 3949 1780 4000 ¹7
1793 3938 1832 3987 bo·

475 4037 547 4080 trram,
562 4019 692 4084 Xpisluur]
711 4020 732 4068 b.
744 4021 770 4068 sr'
785 4020 904 4083 Xpistum
927 4021 973 4082 μὸ.
1079 4021 1106 4070 18
1123 4021 1261 4086 confitetur]
1280 4021 1394 4085 confiteor
1413 4020 1455 4078 C;
1473 4020 1584 4085 confiteri
1603 4021 1695 4070 ΡΜ.
1712 4036 1766 4084 sup.
1781 4019 1827 4070 lin.

477 4102 584 4164 oriolum]
605 4119 624 4166 μ
644 4101 717 4150 inser.
731 4101 761 4148 si.
874 4097 955 4163 nagal]
967 4117 1024 4164 nego
1037 4101 1067 4160 C,
1083 4103 1100 4150 l'
1113 4111 1200 4152 mutat.
1215 4103 1240 4152 in
1261 4103 1357 4166 negari.
1469 4115 1497 4150 21
1517 4099 1592 4161 unde]
1611 4118 1659 4152 cur
1674 4103 1703 4152 de
1720 4103 1779 4151 coelo
1799 4119 1829 4166 μ.

477 4199 515 4234 22.
531 4198 561 4248 23
573 4183 667 4244 cecidit]
686 4182 776 4231 decidit
790 4183 816 4230 ll.
919 4195 949 4230 22
961 4183 1114 4234 ariulterirrm
1119 4185 1193 4248 secr'l]
1204 4201 1227 4234 a.
1237 4186 1360 4233 commisit
1373 4185 1419 4247 μδ.
1519 4193 1549 4247 25
1558 4183 1700 4245 ditissimo]
1712 4183 1834 4233 ulh'ssr'ma'

479 4269 496 4316 P
513 4283 576 4316 corr.
678 4263 709 4314 26
720 4265 842 4328 adultero]
862 4265 991 4312 arulroor
1002 4283 1039 4328 223
1059 4267 1214 4316 ariulurr'um
1233 4267 1256 4325 li
1267 4267 1324 4315 add.
1340 4281 1393 4330 sup.
1406 4266 1463 4326 lin.)
1476 4266 1497 4315 1.
1598 4277 1629 4326 27
1645 4267 1829 4330 parricidium]

472 4349 638 4415 patricidium
651 4347 681 4398 C.
798 4346 886 4406 cetera]
904 4363 923 4408 μ
935 4347 1009 4396 inser.
1023 4365 1093 4411 quae.
1211 4348 1243 4397 28
1260 4350 1297 4398 Et
1315 4351 1343 4398 in
1362 4349 1463 4410 lingua]
1483 4349 1544 4408 CP;
1563 4359 1586 4398 et
1604 4349 1695 4413 lingua
1706 4349 1729 4400 G
1740 4366 1746 4408 3
1766 4350 1830 4398 elin·

471 4451 525 4498 guo
538 4434 557 4482 B
569 4451 576 4492 3
590 4433 629 4496 μδ
641 4448 691 4482 om.
703 4439 728 4481 ct
739 4432 767 4480 in
779 4431 869 4494 lingua
876 4433 990 4494 grandia
1000 4435 1073 4482 vr'tia.
1169 4433 1278 4495 Grande]
1289 4443 1312 4484 e!
1319 4435 1417 4498 gremio
1430 4433 1457 4482 B.
1544 4443 1576 4493 29
1587 4431 1770 4496 rocasratrcm]
1784 4429 1827 4480 BC

475 4515 534 4564 add.
548 4530 638 4564 orcum.

521 4675 705 4758 ¹5·ex01101]
722 4681 780 4738 Iac.
799 4697 827 4754 3,
842 4697 869 4754 5.
1219 4703 1233 4741 a
1238 4699 1264 4760 5.
1280 4677 1444 4762 Altisrimo]
1461 4681 1499 4740 Is.
1520 4699 1565 4752 14,
1587 4699 1594 4737 ι
1603 4699 1619 4762 3
1634 4697 1678 4755 sq.
