4202 5492
448 420 504 504 94
834 425 861 484 s,
887 425 1141 486 Hmsouvur
1164 427 1429 487 Pressuram

493 639 642 704 Audiam
658 640 742 724 quid
747 641 893 723 loquetur
904 641 938 704 in
951 663 1001 706 me
1010 641 1174 705 Dominus
1188 641 1286 706 Deus.
1300 642 1400 708 Multi
1416 647 1682 729 putant,quando
1698 647 1802 732 loqui·

451 753 504 808 tur
520 744 657 826 Moyses
678 757 711 810 et
734 746 824 822 dicit,
843 747 937 810 Haec
961 747 1042 811 dicit
1070 747 1245 822 Dominus,
1262 755 1296 808 et
1313 747 1440 826 Esaias,
1456 759 1492 813 et
1504 752 1614 828 ceteri,
1630 761 1664 816 et
1676 753 1803 830 dicitur,

452 849 591 914 Factum
613 860 664 914 est
689 851 826 914 verbum
855 852 993 915 Domini
1018 853 1061 916 ad
1090 851 1224 915 Esaiam
1253 852 1321 914 sive
1345 853 1387 914 ad
1412 852 1571 917 lezechiel
1597 855 1803 938 prophetam,

450 954 608 1036 quoniam
626 954 806 1019 lorinsecus
822 976 932 1020 sermo
947 955 1013 1032 fiat,
1029 964 1064 1019 et
1090 977 1148 1039 per
1174 956 1255 1019 istas
1274 976 1370 1020 aures
1396 958 1511 1022 audiat
1527 959 1690 1041 propheta
1712 961 1800 1042 quod

451 1056 596 1138 loquitur
612 1059 798 1124 aDomino.
815 1059 893 1124 Non
910 1068 960 1125 est
980 1060 1035 1124 ita.
1053 1061 1207 1144 Denique
1231 1069 1265 1124 et
1293 1060 1459 1126 Dominus
1475 1072 1587 1127 noster
1602 1065 1682 1147 quid
1699 1063 1802 1146 loqui·
1839 1084 1853 1136 5

349 1155 353 1160 ’
451 1161 509 1224 tur
519 1163 561 1225 ad
591 1163 786 1227 Pharisaeos
802 1173 836 1228 et
854 1165 1022 1228 ludaeos?
1038 1170 1045 1197 ‘
1062 1163 1129 1248 Qui
1154 1164 1256 1228 habet
1281 1185 1377 1229 aures
1402 1167 1569 1243 audiendi,
1584 1165 1710 1231 'audiat
1726 1167 1740 1230 '.
1758 1167 1802 1230 Et

452 1264 568 1330 Esaias
584 1266 652 1330 ait:
669 1272 675 1297 ⁶
690 1268 856 1330 Dominus
871 1267 1002 1332 addidit
1018 1268 1098 1332 mihi
1110 1269 1291 1332 auriculam
1305 1267 1321 1333 '.
1340 1269 1461 1332 Videte
1473 1270 1552 1351 quid
1576 1270 1675 1346 dicat,
1686 1270 1800 1332 Domi·

449 1386 510 1430 nus
526 1369 657 1433 addidit
674 1369 754 1433 milri
767 1371 956 1436 auriculam.
975 1371 1142 1454 Quoniam
1161 1392 1227 1435 non
1244 1372 1410 1436 habebam
1421 1372 1511 1436 illam
1526 1373 1706 1438 auriculam
1717 1393 1801 1456 quae

448 1469 598 1535 in‘corde
614 1483 673 1551 est,
690 1475 822 1540 addidit
842 1476 932 1551 mihi,
948 1485 983 1538 ut
1002 1476 1066 1539 Dei
1084 1476 1208 1557 possim
1226 1476 1341 1539 audire
1357 1497 1534 1541 sermones.
1550 1475 1595 1542 Et
1612 1477 1700 1542 nunc
1722 1498 1801 1560 ergo

448 1579 611 1660 propheta
626 1581 862 1662 quodcumque
885 1581 986 1657 audit,
1004 1581 1146 1645 auditio
1164 1582 1271 1644 corde.
1290 1581 1367 1663 Quo
1384 1581 1485 1645 modo
1512 1581 1601 1644 enim
1617 1581 1801 1646 clamamus
1823 1605 1854 1642 ro

448 1680 479 1743 in
497 1682 654 1745 cordibus
671 1685 791 1746 nostris
808 1684 927 1748 ‘Abba
943 1693 1038 1767 pater
1051 1683 1067 1762 '‚
1079 1695 1113 1748 et
1135 1684 1261 1747 clamor
1284 1685 1338 1748 illo
1362 1684 1484 1748 silentii
1504 1694 1564 1763 est,
1580 1694 1614 1749 et
1632 1686 1799 1749 silentium

447 1784 611 1848 auditura
629 1785 778 1850 Domino
793 1811 799 1850 :
813 1787 858 1850 sic
875 1795 908 1850 et
924 1787 1092 1850 Dominus
1109 1787 1253 1870 loquitur
1270 1787 1311 1849 ad
1328 1806 1385 1850 cor
1401 1790 1656 1873 nostrum,quod
1669 1790 1800 1866 clamat,

449 1888 549 1952 Abba
565 1899 668 1972 pater.
687 1891 769 1954 Ideo
785 1911 863 1974 ergo
880 1911 967 1954 nunc
977 1891 1057 1954 dicit
1075 1889 1257 1972 propheta:
1271 1890 1417 1954 Audiam
1435 1893 1514 1974 quid
1528 1892 1682 1976 loquetur
1697 1895 1730 1957 in
1748 1913 1800 1958 me

449 1992 615 2056 Dominus
633 1995 734 2061 Deus.
748 1995 832 2059 Tale
847 1996 926 2078 quid
944 2003 977 2059 et
987 1994 1151 2058 Abbacuc
1162 1994 1325 2077 propheta
1341 1997 1443 2060 dicit:
1459 1996 1586 2060 ‘Stabo
1602 1998 1634 2061 in
1652 2007 1800 2062 contem·

448 2097 640 2180 plationem,
655 2107 689 2163 et
700 2099 831 2163 videam
845 2099 925 2182 quid
937 2100 1137 2182 respondeat
1150 2099 1230 2163 mihi
1244 2100 1419 2177 Dominus,
1436 2111 1468 2164 et
1484 2101 1564 2185 quid
1581 2102 1799 2183 respondeam
1822 2127 1850 2181 ις

448 2205 490 2266 ad
508 2223 583 2267 eum
597 2206 604 2232 ’
617 2213 650 2268 et
665 2207 800 2270 audiam
814 2208 894 2289 quid
905 2207 1060 2288 loquatur
1076 2207 1108 2270 in
1121 2226 1174 2270 me
1185 2206 1351 2270 Dominus
1366 2206 1562 2289 DeusErgo
1582 2217 1616 2271 et
1631 2207 1694 2271 hoc
1709 2208 1799 2289 quod

447 2309 504 2386 ait,
517 2308 665 2374 Audiam
681 2312 762 2393 quid
779 2310 934 2395 loquatur
950 2313 982 2374 in
1000 2331 1053 2375 me
1069 2311 1236 2374 Dominus
1253 2309 1355 2388 Deus,
1366 2310 1513 2392 loquitur
1527 2309 1560 2373 in
1577 2310 1684 2388 corde,
1696 2310 1798 2394 loqui-

449 2415 548 2480 turin
572 2435 680 2480 sensu.
697 2415 808 2480 Vultis
824 2416 907 2479 scire
922 2414 1030 2497 qualis
1046 2415 1089 2479 sit
1105 2415 1231 2478 clamor
1246 2411 1381 2479 cordis?
1408 2413 1508 2477 vultis
1531 2417 1614 2478 scire
1640 2415 1797 2498 quoniam

445 2519 571 2583 clamor
586 2520 675 2602 apud
694 2519 805 2583 Deum
823 2540 888 2583 non
905 2529 955 2583 est
972 2521 1071 2596 vocis,
1088 2519 1144 2582 sed
1163 2519 1372 2583 lacrimarum
1390 2518 1546 2582 iDicitur
1561 2519 1593 2581 in
1620 2518 1798 2582 Lamenta·

446 2623 593 2688 tionibus
612 2623 804 2687 Hieremiae
819 2629 842 2688 :¹
860 2625 937 2688 Non
960 2625 1064 2688 tacuit
1089 2624 1215 2706 pupilla
1237 2624 1324 2688 oculi
1353 2625 1445 2689 mei’.
1464 2614 1628 2703 eronu'c'zm
1653 2625 1850 2707 loquetura>

439 2737 548 2806 pacem
565 2727 600 2789 in
609 2728 733 2810 plebem
747 2749 850 2792 sorum.
876 2728 1009 2810 Proprie
1024 2728 1145 2791 dicitur
1161 2727 1223 2790 hoc
1249 2729 1291 2791 de
1308 2729 1433 2810 populo
1452 2728 1661 2804 ludaeorum,
1683 2727 1740 2808 qui
1764 2727 1796 2788 in

445 2831 603 2913 Xpistum
631 2833 786 2897 credituri
815 2843 917 2897 sunt:
944 2832 1008 2896 hoc
1035 2841 1094 2909 est,
1110 2832 1153 2896 de
1173 2834 1318 2896 adventu
1346 2831 1458 2913 Xpisti
1475 2832 1596 2895 dicitur
1612 2840 1645 2894 et
1668 2831 1710 2894 de
1733 2828 1798 2893 fide

444 2936 557 3018 populi
585 2936 721 3014 ludaici,
736 2936 798 2999 hoc
815 2946 865 3000 est
882 2938 924 3000 de
940 2936 1109 3019 apostolis,
1123 2946 1157 3001 et
1184 2936 1386 3019 quicumque
1402 2936 1562 3018 apostolis
1578 2935 1797 2998 crediderunt.

447 3038 610 3116 Quoumm
625 3040 774 3121 loquetur
787 3052 896 3122 potem
918 3041 953 3104 in
974 3040 1096 3122 plebem
1122 3061 1226 3104 suom.
1250 3041 1319 3103 Pax
1338 3061 1404 3103 non
1432 3040 1561 3117 dicitur,
1585 3038 1647 3103 nisi
1663 3038 1798 3120 quando

445 3142 567 3206 bellum
585 3153 643 3206 cst.
1817 3170 1848 3223 25

487 3247 534 3310 Et
550 3247 585 3310 in
600 3256 848 3322 sanctossuos,et
864 3247 898 3310 in
914 3269 964 3311 eos
974 3248 1272 3330 quicouuertuntur
1284 3247 1332 3310 cul
1342 3269 1417 3311 cor:
1432 3248 1495 3312 hoc
1511 3257 1570 3325 est,
1585 3247 1642 3331 qui
1655 3248 1797 3330 primum

445 3351 669 3432 sequebantur
684 3372 827 3428 carnem,
842 3361 876 3416 et
894 3363 1010 3433 postea
1026 3361 1261 3427 convertuntur
1277 3353 1319 3416 ad
1337 3373 1401 3416 cor.
1420 3351 1467 3417 Ut
1479 3353 1591 3418 sciatis
1607 3352 1685 3435 quia
1701 3370 1798 3434 porro

479 3560 489 3598 1
504 3544 628 3613 loquutur]
640 3551 657 3601 S
670 3551 716 3614 (gr.
727 3547 863 3613 l.aln'os·.);
875 3552 995 3615 loquatur
1004 3550 1101 3616 reliqui.
1172 3563 1186 3614 3
1193 3547 1349 3614 prophetam]
1361 3551 1378 3600 S
1390 3549 1464 3599 inser.
1474 3549 1537 3598 dr'cit
1546 3549 1649 3616 aliquis.
1717 3563 1733 3610 4
1736 3547 1799 3614 fiat]

435 3630 561 3696 fiebat&
565 3632 626 3696 suit
637 3633 669 3682 G.
754 3634 853 3695 arrdiat]
866 3635 980 3684 audiebat
992 3635 1018 3685 S.
1122 3649 1151 3684 ro
1166 3631 1308 3696 Quomodo]
1321 3629 1553 3698 SG3quomlollA.
1657 3637 1797 3692 14coutem·

440 3713 588 3782 plotronem]
599 3715 799 3779 contemplatione
812 3713 860 3782 βΕ.
948 3727 976 3778 15
988 3722 1012 3764 et
1022 3717 1129 3780 uideam]
1141 3716 1215 3766 codd.
1230 3731 1276 3779 pro
1288 3721 1318 3763 ut
1327 3715 1424 3763 videam
1434 3715 1445 3762 i
1455 3729 1491 3777 gr.
1505 3715 1553 3763 τοῦ
1566 3706 1635 3762 ἰδεῖν.
1714 3725 1746 3762 22
1756 3711 1797 3761 ad-

444 3794 532 3856 uentu]
542 3803 636 3845 aventu
648 3796 674 3848 S.
767 3797 867 3860 Xpisti]
879 3813 929 3848 om.
944 3797 996 3848 SG.
1090 3808 1119 3862 25
1132 3794 1175 3856 est]
1193 3813 1280 3847 ornnes
1291 3797 1355 3846 codd
1368 3814 1375 3854 ;
1392 3811 1441 3845 non
1452 3803 1488 3844 ert
1500 3793 1524 3862 β.
1612 3794 1645 3844 26
1656 3795 1684 3844 r'n
1695 3793 1799 3855 sanctos]

443 3884 519 3944 super
528 3885 622 3928 sanctos
633 3877 703 3945 βΑὸ.
804 3891 834 3941 27
842 3886 918 3943 porro
929 3881 957 3930 de
968 3876 1080 3937 Iudaeis]
1091 3881 1114 3930 G
1127 3897 1178 3930 om.
1187 3887 1272 3944 porro,
1287 3880 1306 3928 P
1317 3878 1377 3929 add.
1391 3895 1445 3942 sup.
1460 3878 1494 3927 lin
1505 3895 1513 3938 ς
1520 3885 1568 3942 pro
1580 3877 1682 3926 Iudaeis
1693 3875 1748 3943 βΗ.

487 4048 513 4104 6.
530 4040 646 4124 audiat]
664 4046 769 4106 Matth.
792 4067 835 4119 rr,
856 4064 888 4123 15
904 4070 911 4122 ;
929 4049 999 4108 Luc.
1020 4049 1047 4120 8,
1069 4051 1094 4106 8.
1149 4047 1238 4108 verbu
1253 4045 1323 4107 item
1341 4046 1465 4106 Hieron.
1483 4044 1513 4104 in
1528 4045 1699 4106 Comment.
1717 4044 1798 4105 ‘Sed

447 4181 449 4187 ,
489 4143 514 4202 7.
530 4123 706 4207 auriculam]
724 4129 762 4188 Is.
780 4146 859 4204 5o‚5
887 4147 977 4206 quem
1002 4129 1031 4188 in
1057 4130 1097 4188 lo·
1148 4142 1177 4189 et
1193 4130 1250 4188 hoc
1266 4130 1433 4188 notandum
1458 4145 1553 4187 exeo
1578 4126 1661 4203 quod
1686 4125 1799 4186 dixerat

446 4225 515 4267 cum
533 4207 657 4268 Hieron.
682 4208 763 4270 ‘Cui
777 4209 879 4269 addita
895 4223 939 4269 est
953 4210 1031 4268 auris
1046 4229 1098 4286 per
1149 4219 1183 4268 ut
1195 4211 1306 4270 ru'deam
1320 4210 1394 4286 quid
1404 4209 1544 4284 loquatur
1555 4208 1587 4268 r'n
1607 4227 1658 4279 me,
1675 4207 1799 4284 prophe·

445 4288 577 4367 gratiam,
593 4307 684 4366 quam
700 4309 751 4366 per
766 4304 900 4350 naturam
926 4311 987 4350 non
1009 4292 1096 4352 habe·
1150 4292 1237 4351 ticam
1256 4291 1397 4350 visionem
1424 4303 1454 4349 et
1479 4289 1633 4366 eloquium
1658 4288 1716 4348 Dei
1738 4306 1798 4347 non

446 4373 516 4431 bat:
531 4382 563 4430 ut
579 4370 784 4448 intellegamus
807 4391 995 4449 nequaquam
1011 4393 1096 4432 aures
1148 4373 1327 4433 extrinsecus
1348 4373 1387 4431 ad
1411 4371 1569 4447 prophetas
1596 4369 1666 4442 lieri,
1682 4371 1736 4430 sed
1758 4368 1800 4428 in-

446 4453 577 4530 corporls
592 4451 687 4529 accipi
712 4453 831 4526 debere,
847 4455 900 4514 sed
916 4455 1096 4528 mentis3de
1147 4454 1300 4526 trinsecus,
1327 4465 1356 4512 et
1382 4452 1512 4512 interiori
1542 4449 1656 4511 homini
1681 4469 1799 4526 respon·

445 4533 554 4609 quibus
570 4547 598 4593 et
614 4533 643 4592 in
659 4535 812 4611 evaugelio
830 4535 977 4593 Dominus
996 4537 1094 4610 loque·
1147 4537 1226 4595 dere.
1244 4535 1383 4596 Unde...
1403 4545 1432 4592 et
1458 4532 1486 4590 in
1511 4531 1651 4608 psalmis:
1667 4533 1798 4591 Audiam

447 4615 545 4674 batur:
558 4615 803 4690 Qm'lrobetoures
813 4616 1075 4686 oudr‘eudi,oudiat.
1089 4619 1095 4643 '
1146 4619 1219 4692 quid
1229 4617 1367 4692 loquatur
1380 4616 1412 4672 iu
1427 4633 1469 4672 me
1485 4613 1631 4673 Dominus
1645 4614 1660 4673 '.

492 4699 535 4756 16.
552 4696 594 4755 od
604 4693 680 4777 eum]
702 4697 847 4756 Habacuc
864 4717 890 4770 2,
917 4716 940 4757 1.
957 4699 1007 4758 Ad
1022 4699 1096 4758 haec
1190 4717 1234 4756 20.
1253 4693 1321 4776 mel]
1336 4697 1447 4756 Thren.
1466 4715 1492 4768 2,
1512 4697 1555 4754 18.
