4060 5498
468 430 525 512 40
850 421 879 480 S.
911 420 1167 481 HIERONYMI
1199 421 1467 481 PRESBYTERI

469 623 545 686 liter
560 621 624 685 hoc
641 619 813 684 saeculum
831 639 1008 701 possumus
1026 619 1229 702 intellegere.
1247 619 1324 684 Non
1342 622 1431 684 enim
1449 639 1564 684 sumus
1580 619 1612 681 in
1628 626 1753 694 monte,
1763 615 1823 679 hoc

468 735 520 789 est
536 725 569 788 in
587 744 691 807 regno
708 722 886 800 caelorum,
902 725 961 788 sed
979 725 1012 786 in
1030 724 1125 802 valle,
1142 725 1206 789 hoc
1222 735 1272 789 est
1289 727 1322 788 in
1349 726 1497 789 tenebris
1519 723 1637 788 mundi
1660 721 1757 785 istius
1772 743 1780 799 ;
1794 729 1823 782 et

469 848 580 893 errore
595 828 693 892 eiecti
710 847 825 890 sumus
843 828 885 890 de
900 828 1059 909 paradiso
1086 849 1161 892 cum
1192 827 1305 892 Adam
1332 830 1364 891 in
1392 827 1581 893 convallem
1609 827 1825 900 lacrimarum,

469 933 526 996 ubi
543 932 761 1016 paenitentia,
777 932 833 994 ubi
862 931 1020 995 lacrimae
1044 941 1133 996 sunt.
1160 933 1198 996 ln
1227 933 1313 996 valle
1340 932 1563 1010 lacrimarum,
1590 933 1621 994 in
1640 931 1714 994 loco
1730 949 1824 1012 quern

469 1037 591 1119 posuit.
609 1036 701 1120 Quid
724 1036 840 1099 dixit?
856 1035 967 1119 Quem
996 1037 1108 1119 posuit
1134 1036 1245 1100 locum
1272 1037 1372 1101 Deus'
1395 1039 1436 1102 ad
1465 1034 1686 1101 certandum:
1714 1043 1751 1097 ut
1775 1030 1856 1110 hic5

469 1154 589 1208 contra
605 1141 790 1217 diabolum,
805 1151 925 1204 contra
941 1150 1079 1224 peccata
1095 1151 1271 1219 certemus,
1288 1151 1324 1205 ut
1342 1141 1375 1204 in
1399 1139 1600 1205 caelestibus
1623 1157 1825 1203 coronemur.

471 1247 584 1330 Quare
609 1266 690 1328 ergo
717 1245 811 1308 dedit
838 1253 1008 1308 certamen
1030 1243 1233 1326 pugnandi?
1259 1243 1434 1328 Numquid
1461 1246 1534 1308 sine
1559 1244 1743 1310 certamine
1769 1261 1825 1305 nos

469 1349 636 1415 vivilicare
654 1369 720 1413 non
738 1356 872 1430 poterat
883 1347 995 1411 Deus?
1012 1347 1081 1414 Sed
1107 1349 1202 1412 dedit
1218 1350 1313 1430 quasi
1336 1349 1548 1431 agonothita,
1564 1349 1659 1412 dedit
1675 1347 1824 1424 stadium,

470 1453 527 1519 ubi
544 1453 670 1517 luctam
697 1453 856 1516 adversus
883 1451 965 1515 vitia
989 1450 1174 1515 iaciamus:
1200 1461 1237 1514 ut
1262 1471 1328 1514 non
1347 1453 1553 1516 dormientes
1577 1473 1650 1530 nos,
1664 1452 1723 1516 sed
1740 1451 1824 1514 labo·

472 1566 594 1635 rantes,
609 1565 730 1640 postea
746 1557 868 1620 merito
883 1566 1071 1620 coronaret.
1088 1555 1180 1639 Quid
1198 1557 1373 1638 sequitur?
1845 1582 1875 1617 ι)

515 1661 648 1725 Etenim
665 1660 910 1726 benedictionem
925 1659 1019 1724 dabit
1032 1659 1092 1742 qui
1105 1660 1206 1742 legem
1221 1661 1330 1725 dedit:
1347 1672 1526 1743 propterea
1548 1663 1660 1726 locum
1677 1663 1770 1726 dedit
1785 1663 1823 1725 ad

468 1767 677 1844 certandum,
692 1777 730 1830 ut
745 1774 863 1849 postea
884 1766 1159 1829 benedictionem
1177 1766 1280 1844 daret,
1295 1767 1353 1848 qui
1381 1766 1490 1848 legem
1519 1769 1616 1833 nobis
1638 1767 1824 1833 certaminis

470 1871 616 1934 dederat.
632 1869 734 1933 Ibunt
747 1869 786 1932 de
798 1869 920 1932 virtute
942 1869 978 1932 in
994 1869 1160 1932 virtutem.
1176 1869 1284 1934 Vides
1307 1871 1387 1952 quia
1408 1871 1614 1934 conveniens
1635 1891 1752 1934 sensus
1771 1879 1826 1936 est.

474 1975 574 2038 lbunt
591 1976 633 2037 de
650 1975 771 2038 virtute
788 1975 820 2037 in
839 1974 994 2038 virtutem
1011 1998 1017 2038 :
1034 1975 1112 2038 ideo
1128 1974 1181 2036 hic
1199 1983 1363 2056 pugnant,
1379 1984 1415 2039 ut
1432 1975 1478 2039 ibi
1492 1985 1610 2057 postea
1622 1983 1826 2039 coronentur.

472 2079 612 2143 Vadunt
629 2080 671 2142 de
699 2078 821 2142 virtute
837 2079 869 2142 in
888 2079 1053 2144 virtutem.
1079 2080 1156 2143 Non
1175 2079 1274 2156 dixit,
1288 2081 1332 2142 de
1348 2079 1542 2145 infirmitate
1558 2078 1656 2142 ibunt
1673 2077 1706 2141 in
1731 2078 1824 2142 virtu-
1845 2101 1855 2138 ι
1861 2101 1876 2152 5

471 2189 563 2244 tem:
579 2181 641 2243 nisi
658 2181 747 2244 enim
765 2180 818 2244 hic
835 2182 936 2246 sortes
955 2183 1088 2262 luerint,
1116 2205 1182 2247 non
1209 2193 1304 2247 erunt
1333 2193 1450 2265 postea
1468 2184 1633 2249 fortiores.
1657 2181 1725 2247 Sed
1742 2183 1826 2245 dicat

471 2283 603 2368 aliquis,
626 2285 820 2348 Misericors
836 2295 886 2350 est
903 2288 1005 2352 Deus.
1022 2286 1089 2352 Sed
1111 2287 1223 2352 videte
1239 2288 1320 2370 quid
1337 2290 1506 2372 sequitur:
1520 2285 1785 2350 Misericordiam
1799 2295 1828 2348 et

474 2387 645 2452 veritatem
661 2388 776 2470 diligit
786 2389 959 2455 Dominus.
978 2391 1039 2454 Est
1050 2391 1186 2475 quidem
1199 2393 1397 2468 misericors,
1408 2392 1465 2456 sed
1480 2391 1540 2475 [et]
1552 2410 1667 2455 verax.
1684 2389 1827 2474 Quando

471 2492 578 2568 audis,
605 2491 802 2572 misericors,
830 2515 897 2559 non
930 2495 1035 2559 debes
1062 2515 1135 2558 esse
1162 2494 1354 2578 neglegens,
1380 2496 1459 2577 quia
1487 2499 1645 2578 sequitur,
1662 2505 1697 2559 et
1719 2515 1828 2559 verax.

472 2597 618 2661 Rursum
635 2598 772 2680 quando
787 2599 932 2663 audieris
957 2601 1145 2678 veritatem,
1161 2601 1229 2664 noli
1253 2600 1439 2682 desperare,
1466 2600 1534 2663 noli
1561 2609 1694 2666 tantum
1720 2600 1826 2663 Deum
1844 2624 1881 2660 ω

471 2710 591 2784 putare
616 2720 690 2766 esse
718 2703 914 2769 crudelem:
938 2705 1017 2787 quia
1046 2705 1220 2769 veritatem
1251 2703 1478 2768 misericordia
1504 2713 1681 2787 temperat.
1705 2709 1713 2737 ‘
1733 2703 1827 2769 Calix

471 2806 562 2870 enim
580 2807 613 2870 in
630 2826 732 2871 manu
750 2806 891 2871 Domini
907 2808 1027 2891 plenus
1044 2809 1163 2887 mixto,
1181 2809 1355 2872 inclinavit
1371 2809 1413 2872 de
1429 2809 1491 2871 lroc
1509 2810 1542 2872 in
1560 2810 1643 2874 illud
1656 2809 1664 2837 ’
1678 2833 1685 2873 ε
1698 2809 1759 2873 hoc
1771 2817 1829 2883 est,

472 2908 515 2973 de
546 2911 776 2974 misericordia
807 2913 994 2989 veritatem,
1025 2921 1057 2976 et
1089 2913 1131 2975 de
1161 2913 1303 2977 veritate
1329 2913 1593 2978 misericordiam
1622 2911 1828 2995 temperavit.

482 3013 654 3078 Vr‘debitm
669 3015 761 3078 Deus
779 3013 911 3078 deomm
937 3014 972 3076 in
1001 3013 1093 3078 Sion.
1119 3014 1267 3096 Quando
1293 3015 1392 3078 ierint
1416 3014 1459 3078 de
1475 3016 1598 3080 virtute
1615 3017 1648 3080 in
1666 3017 1829 3088 virtutem,

473 3127 553 3180 tunc
572 3119 665 3182 Deus
680 3119 820 3183 deorum
852 3119 1020 3183 videbitur
1047 3121 1080 3181 in
1108 3118 1201 3183 Sion.
1219 3119 1281 3184 Cui
1298 3128 1350 3183 est
1365 3119 1517 3201 gloriain
1534 3120 1668 3185 saecula
1685 3117 1827 3184 saeculo·
1845 3143 1878 3195 25

473 3239 557 3285 rum.
574 3222 697 3286 Amen.

510 3469 564 3519 tin
577 3470 693 3520 orantei.
707 3487 728 3521 e.
742 3471 772 3521 in
784 3471 870 3535 regno]
888 3472 917 3519 in
935 3478 1043 3521 montem
1064 3472 1089 3522 ir.
1111 3488 1132 3523 e.
1154 3473 1184 3522 in
1202 3488 1308 3535 regnum
1329 3473 1359 3522 L.
1464 3483 1492 3534 17
1504 3473 1595 3537 videte]
1607 3489 1637 3524 ex
1650 3474 1826 3523 macoma

475 3567 509 3602 m.
524 3551 554 3603 L.
658 3553 687 3604 18
697 3554 733 3616 et]
746 3569 798 3604 om.
814 3555 844 3615 L,
857 3554 904 3605 etsi
916 3553 1040 3605 sermonis
1052 3555 1234 3620 consequentia
1246 3555 1332 3619 exigit.

522 3769 543 3811 r.
562 3753 632 3811 Non
645 3753 720 3811 eninr
729 3771 830 3814 snmus
842 3754 873 3811 in
886 3749 992 3833 errante]
1005 3754 1069 3812 111²
1081 3756 1130 3828 89,
1226 3772 1238 3811 1
1244 3771 1270 3830 5.
1281 3753 1352 3812 Non
1362 3753 1488 3824 dr'xr't,de
1502 3746 1756 3829 infirmitatate]
1767 3747 1829 3807 111²

482 3852 518 3892 ro
529 3834 780 3896 ‘Consideremus
793 3836 876 3911 quod
887 3835 917 3893 ln
930 3837 1007 3894 valle
1016 3853 1131 3893 sumus:
1183 3855 1232 3912 90,
1249 3855 1265 3910 3
1283 3835 1413 3910 ‘Neque
1428 3833 1509 3894 enirn
1525 3833 1609 3908 dixit,
1626 3835 1714 3894 ibunt
1738 3829 1830 3892 dein·

478 3933 539 3973 non
564 3933 668 3975 sumus
692 3917 724 3975 in
748 3928 861 3988 monte,
887 3934 947 3974 non
974 3934 1078 3975 sumus
1100 3915 1130 3975 in
1182 3915 1346 3976 becillitate
1369 3916 1398 3974 in
1421 3914 1571 3987 virtutem,
1597 3918 1662 3988 sed,
1687 3915 1773 3974 ibunt
1793 3913 1831 3972 de

478 3996 635 4072 paradiso'
649 4009 705 4057 etc.
1183 3997 1291 4058 virtute
1305 3998 1336 4057 in
1352 3997 1502 4058 virtutem.
1520 3997 1572 4057 Vis
1588 3997 1628 4057 ibi
1645 4015 1711 4057 esse
1726 3994 1832 4055 tonis?

519 4098 547 4154 9.
566 4099 624 4140 non
635 4078 806 4139 dormientes
827 4099 885 4154 nos,
897 4077 1131 4159 sedlnhorantes]
1184 4090 1252 4139 ante
1266 4079 1316 4138 hic
1331 4091 1398 4140 esto
1419 4080 1512 4140 sortis.
1530 4078 1582 4138 Vis
1609 4079 1649 4139 ibi
1675 4076 1833 4139 coronari?

478 4159 544 4220 111²
560 4164 607 4232 66,
632 4165 669 4219 28
695 4162 824 4239 ‘Neque
846 4160 928 4221 enim
945 4160 1129 4221 dormientes
1182 4161 1231 4220 hic
1248 4179 1347 4237 pugna
1361 4163 1374 4219 '.

478 4260 533 4302 nos
544 4245 628 4303 Deus
640 4243 771 4316 adiuvat,
782 4244 835 4304 sed
848 4244 1031 4303 laborantes’
1041 4264 1050 4316 ;
1065 4247 1129 4319 185,
1228 4262 1270 4318 19.
1292 4245 1430 4318 seqnitur,
1454 4249 1483 4300 et
1499 4238 1604 4322 arerax]
1629 4243 1693 4300 111²
1714 4261 1780 4312 aro,
1797 4259 1834 4312 24

481 4341 516 4397 ¹7
534 4325 687 4400 ‘Quando
708 4325 887 4399 laboramus,
910 4337 984 4384 tunc
1008 4325 1132 4384 adiuvat
1185 4323 1295 4401 ‘Erige
1314 4342 1409 4396 aures,
1426 4335 1588 4400 peccator:
1605 4323 1774 4382 misericors
1792 4337 1835 4380 est

478 4423 534 4465 nos
564 4408 686 4467 Deus...
719 4407 842 4467 Athleta
868 4405 949 4468 enirn
979 4405 1132 4467 dormiens
1186 4405 1347 4466 Dominus.
1362 4405 1422 4465 Sed
1439 4404 1501 4464 noli
1516 4423 1583 4466 esse
1598 4406 1837 4482 neglegenszse·

479 4485 577 4562 perdit
592 4486 748 4548 victoriam
761 4489 789 4561 ’;
813 4499 844 4549 et
866 4488 916 4548 hic
938 4489 1014 4547 inira
1033 4489 1132 4547 Tract.
1187 4489 1287 4566 quitur
1302 4490 1393 4558 enirn,
1410 4497 1439 4547 et
1455 4486 1568 4547 iustus'
1582 4497 1638 4546 etc.

479 4570 519 4627 de
535 4568 613 4628 Psal.
625 4571 689 4631 XC.
706 4571 833 4648 ‘Neque
849 4569 930 4630 eninr
951 4569 1135 4630 dormientes
1230 4589 1274 4628 22.
1293 4565 1424 4648 initiari]
1441 4569 1486 4628 Ps.
1507 4585 1553 4644 74,
1567 4587 1593 4643 9.

480 4661 615 4724 coronat,
631 4654 684 4711 sed
700 4651 872 4712 laborantes
883 4654 899 4714 '.
