4160 5500
489 420 573 505 394
868 421 895 482 S.
921 421 1174 483 HIERONYMI
1197 421 1462 481 PRESBYTERI

490 637 565 703 illos
580 639 791 720 condempno
818 638 875 720 qui
903 638 936 700 in
964 639 1092 721 templo
1118 638 1266 703 lecerunt
1283 659 1360 702 vasa
1376 637 1491 721 aurea)
1506 661 1513 701 :
1529 638 1586 702 sed
1610 639 1758 703 admiror
1774 639 1845 702 Do·

492 744 628 821 minum,
644 743 700 825 qui
728 752 856 808 creator
881 743 997 808 mundi
1025 763 1092 808 non
1119 744 1204 807 inter
1228 761 1345 807 aurum
1370 751 1404 806 et
1431 749 1617 824 argentum,
1633 743 1691 804 sed
1716 741 1749 804 in
1773 741 1845 804 luto

492 847 646 914 nascitur.

534 951 582 1016 Et
588 961 736 1033 pastores
750 959 844 1016 erant
870 950 905 1013 in
929 949 1055 1032 regione
1070 949 1181 1013 endem
1197 949 1379 1031 uigilantes.
1398 947 1474 1011 Non
1492 948 1666 1012 inveniunt
1683 948 1844 1030 Xpistum

492 1056 554 1120 nisi
571 1054 762 1138 vigilantes:
778 1063 948 1137 pastorum
966 1063 1016 1117 est
1032 1053 1258 1136 vigilare.Non
1276 1055 1442 1117 invenitur
1456 1052 1607 1134 Xpistus,
1622 1052 1683 1115 nisi
1706 1051 1845 1133 vigilan·
1885 1072 1897 1122 s

491 1159 580 1224 tibus
607 1158 805 1241 pastoribus.
834 1158 936 1222 Unde
962 1157 1043 1221 dicit
1068 1167 1102 1220 et
1129 1177 1272 1239 sponsa:
1295 1156 1396 1237 ‘Ego
1422 1155 1563 1232 dormio,
1590 1165 1623 1219 et
1650 1175 1708 1220 cor
1734 1175 1846 1219 meum

490 1263 608 1347 vigilat
622 1270 637 1326 ’.
653 1267 661 1295 ‘
677 1263 756 1326 Non
773 1261 969 1326 dormitabit
985 1281 1091 1343 neque
1107 1261 1259 1337 dormiet,
1272 1259 1328 1342 qui
1345 1259 1492 1323 custodit
1512 1259 1636 1322 Israhel
1653 1259 1670 1324 ’.
1694 1261 1848 1324 Pastores

491 1377 586 1431 erant
602 1366 634 1430 in
652 1365 786 1447 regione
801 1365 927 1428 eadem.
948 1365 1102 1430 Herodes
1125 1374 1204 1441 crat,
1221 1361 1395 1446 pontifices
1422 1373 1527 1438 erant,
1545 1364 1710 1427 Pharisaei
1727 1372 1823 1428 erant
1841 1389 1848 1427 ε

492 1472 555 1536 illis
571 1469 813 1535 dormientibus
840 1467 981 1551 Xpistus
1009 1469 1042 1530 in
1066 1468 1201 1532 heremo
1229 1468 1403 1532 invenitur.
1439 1465 1620 1546 Vrgilnntes
1636 1476 1790 1549 pastores,
1818 1479 1850 1530 et

491 1573 699 1638 custodientes
714 1572 849 1653 vigilias
864 1572 963 1635 noctis
973 1582 1070 1653 snper
1075 1591 1208 1654 gregem
1221 1591 1326 1634 sicum.
1340 1570 1584 1635 Custodiebant
1599 1573 1687 1634 enirn
1702 1593 1849 1654 gregem,
1872 1597 1900 1630 n>

493 1681 638 1745 nedum
663 1679 834 1742 dormiunt
862 1677 958 1759 lupus
986 1675 1188 1756 inrumperet
1205 1700 1211 1738 :
1227 1683 1260 1736 et
1287 1674 1364 1738 ideo
1392 1673 1533 1737 multum
1560 1675 1753 1756 vigilabant,
1769 1675 1850 1759 quia

492 1783 632 1846 insidiae
647 1781 828 1844 bestiarum
845 1779 925 1843 satis
948 1777 1155 1841 inminebant
1171 1779 1273 1860 gregi.
1291 1777 1487 1858 Vigilabant
1503 1779 1597 1860 quasi
1622 1798 1758 1861 gregem
1777 1779 1849 1842 Do-

493 1885 584 1963 mini,
594 1887 651 1949 sed
668 1905 734 1948 non
751 1893 905 1966 poterant
921 1902 1135 1947 conservare:
1153 1893 1328 1963 propterea
1344 1881 1618 1963 deprecabantur,
1629 1893 1665 1946 ut
1679 1884 1849 1948 Dominus

493 1990 615 2068 veniat,
629 1998 663 2053 et
688 1998 795 2052 servet
821 2008 956 2071 gregem
982 2006 1088 2050 suurn.
1113 1985 1191 2048 Ecce
1214 1985 1350 2067 oregelns
1373 1985 1513 2048 Domini
1532 1985 1624 2048 stetit
1646 1986 1740 2051 iuxta
1767 1987 1849 2052 illos.

493 2094 597 2177 Digni
613 2101 717 2170 erant,
730 2102 766 2154 ut
782 2093 908 2156 veniret
924 2093 966 2156 ad
984 2091 1057 2156 illos
1073 2091 1221 2172 angelus,
1237 2091 1293 2173 qui
1310 2091 1356 2154 sic
1373 2090 1564 2173 vigilabant.
1577 2091 1624 2154 Et
1635 2093 1772 2157 claritas
1783 2093 1853 2157 Dei
1874 2115 1901 2167 ¹5

491 2199 711 2280 circumfulsit
723 2199 803 2275 illos,
812 2207 843 2261 et
854 2196 1226 2260 timueruntHumanus
1236 2196 1336 2259 timor
1348 2196 1506 2259 maiorem
1524 2195 1684 2261 visionem
1701 2201 1851 2281 aspicere

494 2325 561 2369 non
578 2313 698 2387 potest.
715 2301 870 2384 Denique
887 2301 965 2382 quia
980 2300 1113 2364 luerunt
1136 2299 1255 2362 timore
1272 2300 1444 2381 perterriti,
1458 2315 1632 2386 propterea
1649 2303 1848 2386 inplastrum

492 2409 587 2492 quasi
616 2406 807 2471 vulneribus
833 2406 941 2482 datur,
957 2413 990 2472 et
1017 2412 1161 2478 sanatur,
1175 2413 1208 2468 et
1225 2404 1346 2467 dicitur
1361 2428 1367 2466 :
1384 2404 1496 2469 Nolite
1517 2407 1650 2471 timere:
1667 2427 1734 2471 non
1758 2408 1849 2471 enirn

496 2511 636 2594 potestis
652 2510 767 2575 audire
783 2528 868 2592 quae
885 2509 969 2586 dico,
986 2509 1047 2571 nisi
1064 2508 1164 2571 timor
1189 2508 1367 2572 recesserit.
1384 2509 1496 2572 Notus
1510 2522 1557 2575 est
1571 2512 1661 2575 vobis
1674 2511 1768 2575 hodie
1782 2512 1849 2576 sal-

492 2624 594 2692 vator,
605 2614 664 2696 qui
673 2623 721 2676 est
736 2609 775 2674 X
766 2611 877 2695 pistus
892 2610 1066 2690 Dominus,
1082 2612 1117 2674 in
1131 2611 1263 2675 civitate
1274 2611 1397 2675 Doom'.
1416 2612 1525 2677 Multa
1539 2625 1617 2678 sunt
1633 2637 1719 2699 quac
1734 2617 1849 2680 dican·
1871 2639 1903 2674 20

493 2731 554 2784 tur.
572 2718 657 2782 Cum
684 2717 730 2780 illi
759 2718 870 2798 itaque
896 2715 1102 2791 mirarentur,
1116 2713 1221 2778 subito
1242 2716 1340 2796 sacta
1364 2725 1412 2778 est
1433 2737 1505 2780 cum
1532 2721 1646 2802 angelo
1672 2719 1850 2785 cnrrltitudo

492 2821 630 2888 rnr'litiae
644 2819 785 2886 coelestis
811 2817 1021 2882 laudantium
1037 2818 1275 2896 Dominarum
1298 2818 1483 2887 dicentium.
1500 2822 1668 2905 Quoniam
1697 2844 1782 2888 unus
1798 2827 1849 2890 di·

493 2934 588 2990 xerat
605 2924 814 2990 nativitatem
843 2922 990 3000 Domini,
1006 2941 1049 2986 ne
1075 2942 1160 2986 unus
1185 2922 1323 3003 angelus
1349 2924 1443 2987 testis
1471 2926 1646 3005 videretur,
1671 2939 1850 3011 propterea

491 3031 600 3094 omnis
617 3027 784 3092 exercitus
800 3036 907 3103 sonat,
922 3035 956 3090 et
971 3025 1051 3090 dicit
1066 3045 1073 3089 :
1093 3024 1206 3088 Glorr'a
1234 3025 1268 3088 iu
1295 3027 1424 3090 excelsis
1439 3028 1517 3106 Deo,
1532 3039 1564 3093 ct
1578 3030 1613 3093 in
1630 3040 1719 3094 terro
1727 3041 1800 3113 porc
1814 3032 1851 3096 in

491 3131 675 3197 luminibus
690 3129 787 3194 bornae
813 3130 1000 3194 voluntatis.
1018 3129 1053 3194 Si
1079 3129 1201 3193 cotidie
1217 3130 1249 3192 in
1266 3130 1358 3193 caelo
1375 3131 1489 3196 ruinae
1512 3132 1605 3211 fiunt,
1621 3137 1790 3218 quomodo
1815 3137 1849 3200 in
1872 3161 1902 3212 ²5

494 3235 587 3300 caelo
603 3234 784 3317 gloriaest,
800 3245 832 3298 et
860 3234 892 3297 in
918 3244 1003 3296 terra
1026 3253 1095 3315 pax
1112 3233 1282 3315 poscitur?
1298 3233 1420 3300 Videte
1447 3237 1527 3318 quid
1544 3238 1671 3302 dicitur.
1692 3239 1850 3304 incaelis

492 3339 608 3422 gloria,
623 3338 680 3401 ubi
697 3335 788 3401 nulla
804 3337 967 3400 dissensio
983 3346 1033 3401 est
1048 3361 1054 3399 :
1071 3337 1103 3398 in
1121 3336 1215 3400 terris
1232 3358 1310 3419 pax,
1326 3338 1381 3401 ubi
1399 3340 1485 3403 bella
1501 3342 1631 3406 cotidie.
1649 3344 1695 3407 Et
1712 3345 1745 3406 in
1762 3353 1851 3408 terra

493 3463 574 3525 pax.
592 3442 630 3505 In
648 3440 768 3524 quibus
785 3444 877 3524 pax?
895 3441 926 3502 in
944 3439 1142 3504 hominibus.
1157 3441 1199 3503 Et
1212 3461 1313 3522 quare
1329 3443 1469 3523 gentiles
1486 3464 1601 3526 pacem
1620 3447 1851 3513 nonhabent?

492 3565 593 3629 quare
612 3543 727 3608 ludaei
750 3563 866 3626 pacem
883 3563 950 3608 non
967 3543 1117 3606 habent?
1135 3543 1218 3606 Ideo
1234 3544 1376 3608 adiecit:
1394 3547 1467 3610 Pax
1483 3547 1516 3611 in
1533 3548 1723 3614 hominibus
1739 3550 1851 3617 bonae

491 3647 684 3727 voluntatis,
696 3648 759 3712 hoc
775 3657 835 3723 est,
850 3647 906 3730 qui
924 3647 1110 3729 suscipiunt
1127 3658 1241 3711 natum
1260 3649 1428 3732 Xpistum.
1872 3674 1904 3725 3⁰

526 3851 541 3889 2
554 3835 657 3898 creator]
670 3854 689 3907 χ
701 3837 775 3888 inser.
789 3844 832 3888 cst.
933 3835 949 3885 6
960 3830 1025 3900 Ego]
1037 3851 1084 3884 cccc
1096 3835 1120 3884 N
1134 3849 1197 3884 corr.
1301 3848 1329 3884 12
1341 3835 1427 3900 quasi]
1440 3837 1502 3896 FL;
1520 3845 1596 3903 snper
1607 3838 1631 3886 N
1643 3855 1697 3903 sup.
1713 3839 1747 3888 lin
1757 3856 1765 3900 ;
1775 3841 1854 3904 qnasi

492 3930 570 3987 super
582 3937 610 3990 χ.
703 3919 825 3981 Doncini]
837 3935 885 3969 om.
902 3935 929 3986 χ.
1028 3927 1056 3979 17
1070 3913 1233 3982 inplastrum]
1247 3917 1276 3977 L,
1290 3917 1314 3965 N
1330 3930 1339 3966 1
1355 3935 1389 3978 m,
1404 3919 1424 3967 F
1436 3935 1465 3970 ex
1479 3921 1668 3984 inplorent-rcum
1688 3921 1852 3985 enrplastrum

492 4019 523 4072 χ,
536 4003 562 4052 Ν
574 4019 630 4067 sup.
645 4001 690 4052 lin.
758 4013 791 4049 20
801 3999 931 4061 dicantur]
942 3999 1047 4064 scripsi;
1059 4000 1184 4048 ‹licuntur
1194 4014 1215 4066 χ
1225 4007 1250 4049 et
1262 3999 1336 4048 codd.
1412 4014 1440 4050 21
1455 4002 1549 4066 itaque]
1561 4003 1648 4066 ntique
1659 4002 1734 4070 ffb,
1748 4002 1772 4051 N
1784 4017 1851 4054 corr.

495 4099 527 4150 23
538 4085 653 4150 angelus]
665 4085 690 4134 N
702 4100 758 4150 sup.
772 4084 817 4135 lin.
831 4083 905 4133 inser.
920 4090 1029 4133 tantum.

537 4270 561 4329 7.
578 4249 693 4333 vigilat]
710 4253 796 4314 Cant.
810 4267 868 4326 5,2.
1240 4265 1285 4320 27·
1298 4249 1370 4307 bella
1381 4245 1490 4328 cotidie]
1505 4248 1629 4310 Hieron.
1642 4271 1688 4329 ep.
1703 4269 1749 4330 75,
1766 4273 1777 4312 ι
1797 4255 1854 4313 ‘ln

579 4332 706 4415 lsrnlcet]
721 4336 767 4394 Ps.
794 4352 859 4404 120,
875 4352 903 4405 4.
1198 4331 1290 4402 caelo,
1307 4329 1357 4389 ubi
1373 4347 1433 4390 non
1456 4343 1499 4390 est
1515 4345 1681 4408 peccatum,
1696 4334 1787 4411 gloria
1809 4347 1855 4395 est

536 4437 550 4474 2
555 4433 580 4494 5.
593 4417 733 4478 Sicotr'dr'c
741 4417 772 4474 in
781 4417 854 4474 caelo
866 4413 970 4471 ruinae
972 4409 1068 4492 finnt]
1078 4411 1148 4471 Hie·
1199 4421 1227 4470 et
1243 4424 1386 4488 perpetua
1402 4413 1464 4476 laus
1475 4423 1505 4472 et
1521 4412 1669 4476 indelessa
1680 4415 1855 4492 praeconia,

493 4517 556 4559 ron.
583 4501 613 4558 in
635 4498 743 4558 Matth.
761 4499 788 4569 6,
813 4515 848 4553 ιο
876 4495 1084 4554 ‘Erubescant
1112 4512 1148 4552 ex
1200 4491 1229 4551 in
1246 4503 1321 4552 terra
1335 4503 1445 4567 autem,
1462 4493 1513 4560 ubi
1538 4493 1646 4556 seditio
1671 4497 1750 4557 bella
1763 4508 1856 4575 atque

493 4581 549 4652 hac
562 4578 708 4642 sententia
722 4579 773 4655 qui
789 4575 899 4637 cotidie
910 4575 940 4636 in
956 4577 1040 4637 caelo
1050 4577 1148 4634 ruinas
1200 4573 1375 4648 discordiae,
1389 4595 1446 4653 pax
1457 4575 1647 4652 imprecanda
1662 4590 1705 4639 est
1720 4580 1727 4607 ’
1741 4589 1812 4640 etc..

493 4663 555 4726 tieri
567 4660 749 4723 mentiuntur
760 4661 775 4718 ’.
