4112 5496
543 395 914 466 COMMENTARIOLI
946 399 991 466 IN
1023 403 1219 470 PSALMOS.

778 695 993 780 XLVIII.

263 971 366 1052 Non
388 969 553 1052 uidebit
570 973 899 1080 corruptionem,
921 999 1017 1056 enm
1049 973 1212 1055 m'dorit
1241 972 1458 1081 sopientes
1478 999 1564 1054 mo-

206 1109 374 1190 rientes.
393 1109 622 1218 Sapientes
643 1121 767 1193 vocat
790 1109 919 1192 huius
936 1111 1106 1208 saeculi,
1124 1138 1149 1192 a
1165 1109 1324 1222 quibus
1336 1109 1563 1192 abscondit

208 1246 328 1329 Deus
350 1247 568 1356 mysteria,
591 1273 702 1356 quae
724 1248 915 1358 parvulis
937 1247 1149 1332 revelavit.

174 1549 188 1600 5
864 1526 908 1606 L.

267 1775 331 1856 Ut
351 1774 606 1882 iustificeris
626 1776 672 1855 in
692 1777 958 1858 sermonibus
979 1774 1080 1874 tnr's,
1102 1779 1146 1857 et
1165 1774 1315 1856 vincas
1333 1800 1430 1856 cnm
1451 1773 1566 1859 indi-

203 1913 330 1996 coris,
360 1913 495 1995 Hunc
530 1913 671 1997 locum
694 1911 948 2022 diligentius
971 1913 1013 1995 in
1050 1912 1235 2023 epistula
1262 1911 1314 1994 ad
1340 1911 1564 1996 Romanos

206 2049 370 2132 Paulus
392 2049 612 2132 edisserit:
637 2049 753 2160 quod
774 2051 895 2134 Deus
917 2077 1014 2134 cum
1037 2052 1175 2161 possit
1195 2050 1249 2134 de
1266 2049 1391 2132 nobis
1409 2051 1564 2134 iudicis

201 2187 459 2270 auctoritate
472 2187 707 2285 decernere,
727 2216 773 2271 se
790 2188 1017 2272 nobiscum
1035 2189 1139 2273 velit
1153 2188 1344 2286 iudicari,
1361 2202 1408 2271 ut
1426 2191 1565 2300 magis

160 2365 186 2401 lo
203 2326 374 2410 iustitia
386 2340 588 2436 appareat
605 2327 846 2412 iudicantis.
865 2329 1123 2437 lnpeccotis
1137 2327 1326 2436 concepit
1340 2354 1407 2409 me
1422 2332 1569 2410 moter

202 2491 313 2547 mea.
352 2464 577 2548 Obscurus
600 2465 729 2564 locus
768 2480 810 2549 et
830 2465 961 2548 altius
995 2464 1298 2548 retractandus
1324 2465 1501 2547 Incerto
1521 2472 1565 2546 et

200 2603 371 2686 occulto
392 2604 634 2713 sapientiae
655 2609 757 2686 tnoe
777 2603 1081 2712 manifestasti
1098 2603 1217 2686 mim.
1238 2603 1335 2686 Hoc
1351 2617 1427 2703 est,
1447 2601 1564 2712 quod

204 2743 247 2824 in
268 2741 360 2823 alio
381 2740 474 2824 loco
506 2741 588 2824 ait:
619 2750 627 2780 ‘
658 2741 817 2824 Revela
851 2742 1000 2825 oculos
1036 2767 1167 2840 meos,
1204 2755 1245 2822 et
1281 2738 1565 2824 considerabo

204 2877 422 2961 mirabilia
443 2878 496 2963 de
517 2879 611 2989 lege
631 2892 704 2962 tua
726 2881 745 2961 ’.
770 2880 933 2962 Docebo
954 2879 1123 2987 inipnos
1142 2878 1240 2960 m'os
1260 2882 1372 2961 ticos.
1397 2879 1565 2961 Notan-

159 3049 184 3101 ις
202 3015 310 3098 dum
335 3014 451 3126 quod
474 3028 573 3125 post
593 3015 853 3099 adulterium
875 3029 918 3100 et
938 3017 1221 3100 homicidium
1245 3018 1383 3126 possit
1402 3017 1562 3130 aliquis

201 3154 357 3238 doctor
376 3179 481 3252 esse,
506 3154 541 3236 si
564 3152 742 3264 dignam
764 3155 897 3265 egerit
919 3154 1236 3265 paenitentiam.

234 3391 249 3426 2
267 3377 465 3441 corruptionem]
484 3376 658 3439 correptionem
671 3377 702 3424 Α.
803 3387 819 3436 9
838 3375 973 3436 detentere]
993 3375 1087 3434 EAM;
1120 3375 1258 3424 discentem
1278 3375 1298 3424 C
1320 3377 1418 3440 (postea
1436 3381 1513 3438 corr.)
1535 3375 1560 3446 β.

203 3461 260 3510 Post
275 3459 381 3510 verbum
393 3459 529 3518 decernere,
544 3457 697 3508 Breviorium
710 3456 795 3507 inserit
808 3473 857 3505 non
870 3456 999 3520 insanin
1032 3472 1082 3504 non
1094 3455 1205 3520 torserit
1217 3457 1239 3505 E
1251 3459 1326 3522 (post.
1341 3473 1374 3509 m.
1388 3474 1443 3523 sup.
1458 3460 1523 3520 lin).
1538 3461 1562 3509 Α

200 3543 275 3606 (serit
287 3558 349 3591 mox
363 3548 461 3590 mutato
480 3538 622 3603 luserint),
646 3539 692 3600 M3
710 3555 760 3588 om.
784 3539 814 3590 C.
915 3539 1000 3600 sc]C;
1032 3539 1076 3587 scd
1085 3537 1198 3605 ΕΑΜβι
1217 3555 1281 3603 quoe
1299 3540 1405 3589 mulatio
1425 3540 1564 3590 inserendis

200 3625 297 3675 voculis
312 3625 321 3650 ⁸
334 3639 384 3672 non
396 3622 445 3672 hoe
457 3621 514 3671 iecit
527 3619 542 3680 ¹,
556 3630 583 3670 ut
595 3621 694 3686 opinor,
709 3635 794 3671 ansam
807 3619 885 3670 dedit.
991 3632 1019 3668 ιο
1030 3619 1158 3683 appareat]
1166 3626 1257 3683 pareat
1268 3623 1298 3670 C.

199 3789 298 3868 ipsum
315 3807 405 3860 mare,
421 3785 493 3865 quia
506 3788 675 3847 caeruleum
691 3785 738 3859 sit,
753 3797 782 3846 et
797 3797 855 3846 sae·
908 3796 1061 3864 ponuntur
1074 3783 1104 3845 in
1120 3785 1199 3862 lo'gio
1214 3783 1372 3864 pontificis,
1388 3785 1418 3846 in
1434 3787 1563 3848 hebraeo

199 3891 236 3949 pe
251 3869 327 3931 solis
351 3868 440 3929 radiis
466 3886 638 3946 percussum
653 3869 785 3929 colorem
811 3887 856 3927 su·
908 3867 998 3928 habel
1013 3865 1143 3939 Tharsis,
1160 3869 1243 3944 quod
1258 3867 1430 3929 Theodotio
1441 3879 1471 3929 et
1483 3871 1565 3946 Sym-

200 3953 405 4030 pmdietorum
422 3949 555 4026 lapidum
568 3950 672 4023 trahat,
688 3961 717 4010 el
728 3967 745 4009 a
757 3950 856 4010 colore
909 3949 1032 4008 machus
1051 3949 1160 4009 eodem
1176 3948 1267 4009 verbo
1283 3947 1464 4026 interpretati
1484 3961 1562 4024 sunt,

201 4031 749 4109 nomenacceperitl-Comment.
770 4031 799 4090 in
816 4032 854 4090 Is.
908 4028 1102 4108 Septuaginta
1126 4049 1195 4091 vero
1225 4047 1304 4090 mare
1329 4033 1562 4108 appellaverunt,

202 4135 227 4186 ι,
250 4118 307 4173 16:
324 4113 394 4172 ‘alii
409 4112 559 4189 regionem
577 4123 682 4190 putant
698 4111 812 4186 Indiae,
828 4123 857 4172 et
908 4111 988 4171 iuxta
1003 4111 1074 4171 illud
1099 4113 1182 4188 quod
1199 4111 1228 4170 in
1244 4114 1359 4188 psalmo
1375 4111 1507 4189 legimus,
1523 4115 1562 4171 In

200 4197 259 4256 hoc
274 4193 400 4254 nomine
410 4194 499 4254 etiarn
509 4194 549 4253 de
559 4193 720 4254 duodecim
733 4193 858 4271 gemmis
908 4195 1144 4270 rpr'rr'tuuiolento
1153 4191 1311 4270 confringes
1321 4213 1406 4252 narres
1418 4195 1559 4253 Ttrorsr's'.

201 4278 334 4355 lapidem
349 4274 498 4353 appellari
512 4273 564 4351 qui
574 4276 654 4352 apud
670 4293 725 4335 nos
736 4287 858 4335 vocatur
909 4275 997 4336 Conl.
1014 4274 1174 4336 Commio
1192 4277 1229 4334 Is.
1242 4277 1288 4348 66,
1304 4274 1517 4348 18;in10nam
1540 4297 1561 4348 ι,

200 4357 411 4436 chrysolithus,
427 4358 467 4416 ob
483 4355 587 4416 marini
602 4357 711 4416 coloris
725 4355 858 4416 similitu·
911 4377 927 4416 e
943 4367 999 4419 etc.

200 4440 316 4500 dinem.
340 4439 450 4499 Melius
474 4450 575 4498 autem
600 4449 654 4511 est,
669 4438 791 4498 Tharsis
813 4438 858 4498 vel
950 4459 977 4511 4.
1002 4435 1149 4518 revelavit]
1167 4437 1273 4498 Matth.
1295 4458 1339 4512 ιι,
1357 4459 1371 4496 2
1376 4456 1401 4515 5.

203 4539 286 4581 mare
301 4521 347 4580 vel
362 4520 484 4598 pelagus
498 4519 636 4580 absolute
650 4521 784 4598 accipere
800 4521 858 4581 '.-
954 4537 978 4594 7.
1002 4521 1044 4578 od
1055 4516 1212 4599 Romanos]
1228 4537 1254 4583 c.
1268 4538 1295 4596 3,
1311 4539 1337 4579 v.
1354 4541 1381 4591 4.

206 4603 241 4662 Io
258 4601 377 4664 Immel.
397 4621 441 4674 10,
458 4604 495 4661 6:
512 4605 519 4632 ‘
536 4603 593 4661 Pro
604 4601 797 4680 chrysolitho,
807 4601 859 4680 qui
955 4622 998 4672 ¹4·
1015 4601 1048 4660 de
1062 4601 1119 4675 tege
1133 4597 1199 4680 tuo]
1217 4601 1262 4660 Ps.
1283 4603 1346 4670 118,
1369 4605 1410 4662 18.

205 4703 284 4744 unus
307 4697 352 4746 est
376 4685 416 4745 de
445 4683 607 4745 duodecim
635 4683 783 4760 lapidibus
808 4684 859 4760 qul
956 4685 999 4742 16.
1022 4684 1140 4759 dignam
1155 4680 1472 4764 cgerilpoem'tennom]
1496 4685 1563 4746 Hie-

261 4813 373 4856 Aneedou
382 4813 542 4855 Mnedsolann.
552 4811 613 4854 -Τ,
625 4811 669 4854 III.
1503 4826 1515 4866 ⁷
