4154 5494
450 435 525 520 172
821 439 849 496 S.
876 437 1128 498 Hlurtouvttl
1154 439 1416 498 PRESBYTERI

442 655 575 722 alleluia
603 655 882 738 praescribuntur
897 655 930 718 in
955 653 1102 738 psalmo:
1124 673 1226 718 unum
1249 655 1294 720 de
1320 653 1386 719 fine
1412 655 1557 721 sciamus
1576 678 1651 722 esse
1681 659 1801 741 prioris

444 761 574 844 psalmi,
588 769 622 825 et
638 761 779 825 alterum
795 763 867 828 eius
883 763 941 846 qui
953 762 1109 846 sequitur.

490 863 699 948 Confiteminr'
715 865 862 943 Domino,
876 867 1030 950 quoniam
1044 866 1153 930 bonus.
1170 864 1202 930 Ο
1219 885 1278 929 vos
1293 867 1349 949 qui
1373 865 1518 948 graviter
1528 867 1684 948 peccatis,
1695 877 1728 932 et
1744 870 1802 932 de·

444 971 585 1054 speratis
615 970 658 1033 de
681 979 790 1034 vestra
814 970 930 1048 salute,
956 981 990 1035 et
1021 971 1147 1053 putatis
1178 970 1336 1052 quoniam
1368 979 1504 1054 propter
1535 969 1800 1052 magnitudinem

446 1084 657 1157 peccatorum
680 1095 747 1138 non
769 1077 908 1157 potestis
932 1075 1063 1138 veniam
1087 1075 1242 1158 adipisci:
1262 1094 1327 1157 ego
1354 1075 1447 1140 vobis
1468 1075 1646 1159 praecipio,
1668 1080 1732 1141 hoc
1750 1088 1800 1141 est
1840 1089 1856 1141 5

444 1177 1152 1264 propheta,confiteminiDomino,quoniam
1163 1177 1801 1264 bonus.Grandiasuntpeccatavestra:

445 1282 503 1346 sed
522 1301 663 1364 magnus
679 1293 729 1346 est
748 1283 922 1360 Dominus,
937 1285 994 1368 qui
1012 1287 1185 1348 miseretur
1200 1285 1308 1348 vestri.
1319 1283 1533 1349 Confitemini
1549 1305 1630 1368 ergo
1644 1267 1801 1350 Domino.

447 1387 689 1451 Paenitentiam
722 1389 820 1471 agite,
851 1388 954 1454 nolite
984 1391 1159 1471 desperare
1189 1389 1232 1452 de
1265 1388 1371 1454 sainte
1403 1398 1527 1454 vestra:
1557 1390 1722 1472 benignus
1751 1401 1801 1454 est

447 1490 621 1555 Dominus.
639 1489 853 1556 Confitemini
872 1493 1029 1571 Domino,
1046 1493 1102 1577 qui
1124 1493 1254 1557 habetis
1270 1494 1410 1575 grandia
1432 1505 1576 1576 peccata.
1594 1496 1709 1561 Nolite
1723 1516 1802 1559 con-

447 1594 547 1659 fidere
564 1595 595 1659 in
613 1603 722 1660 vestra
739 1598 869 1675 virtute,
883 1599 941 1663 sed
959 1600 991 1662 in
1010 1599 1234 1662 misericordia
1247 1598 1394 1663 Domini.
1409 1599 1574 1678 Quoniam
1590 1599 1625 1664 irr
1640 1600 1802 1664 soecrrlurrr
1825 1613 1858 1651 ¹⁰

446 1697 669 1762 misericordia
683 1699 760 1762 rius.
777 1699 901 1765 Videte
916 1702 997 1785 quid
1016 1702 1115 1779 dicat,
1131 1702 1163 1766 in
1184 1701 1362 1768 saeculum.
1378 1704 1436 1767 ‘In
1454 1703 1584 1768 insemo
1599 1714 1712 1769 autem
1728 1705 1802 1788 quis

446 1799 658 1866 confitebitur
675 1803 864 1868 Domino?'
881 1807 992 1873 Nemo
1006 1815 1058 1871 est
1074 1807 1162 1870 enim
1179 1807 1235 1890 qui
1253 1807 1358 1889 possit
1382 1809 1413 1872 in
1432 1807 1560 1873 inferno
1576 1829 1674 1892 agere
1690 1809 1801 1892 pacni·

446 1907 595 1970 tentiam.
628 1905 719 1971 Dum
750 1909 830 1972 estis
860 1910 893 1974 in
925 1911 988 1975 hoc
1018 1909 1161 1988 saeculo,
1191 1909 1305 1976 hortor
1336 1931 1394 1975 vos
1424 1905 1535 1995 agere
1554 1913 1801 1995 paenitentiam.

449 2011 663 2076 Confitemini
680 2033 761 2095 ergo
778 2013 936 2094 Domino,
952 2017 1109 2099 quoniam
1124 2015 1156 2078 in
1174 2016 1238 2080 isto
1250 2024 1381 2080 tantum
1399 2017 1532 2080 saeculo
1546 2018 1730 2081 misericors
1744 2026 1803 2079 est.

450 2117 515 2179 Hic
533 2116 678 2180 misereri
691 2127 802 2200 potest
815 2123 1015 2201 paenitenti:
1031 2120 1109 2204 quia
1126 2121 1170 2184 ibi
1189 2121 1290 2184 iudex
1307 2130 1367 2197 est,
1380 2140 1446 2185 non
1463 2133 1513 2186 est
1527 2123 1720 2187 misericors.
1738 2123 1803 2186 Hic
1827 2135 1858 2187 Ι5

448 2221 632 2286 misericors
655 2231 714 2300 est,
736 2224 780 2287 ibi
813 2225 923 2288 iudex.
942 2224 1007 2286 Hic
1028 2223 1166 2307 porrigit
1186 2243 1321 2287 manum
1345 2226 1494 2290 cadenti:
1511 2225 1556 2288 ibi
1577 2228 1672 2290 sedet
1694 2225 1804 2288 iudex.

450 2325 526 2390 Hoc
548 2335 659 2390 autem
684 2337 792 2391 totum
818 2327 889 2391 dixi
917 2327 959 2391 ad
985 2347 1041 2390 eos
1068 2327 1123 2407 qui
1148 2327 1273 2405 dicunt,
1296 2329 1454 2410 quoniam
1477 2339 1514 2394 et
1540 2330 1572 2393 in
1601 2329 1730 2394 inferno
1755 2341 1804 2393 est

448 2431 660 2513 paenitentia.
1714 2491 1716 2496 ,

494 2534 578 2626 Quis
591 2536 741 2619 loquetur
747 2537 911 2619 potentias
929 2534 1065 2598 Dorrrirri
1076 2536 1096 2597 Ρ
1113 2535 1223 2598 Nemo
1235 2535 1356 2618 dignus
1370 2545 1420 2600 est
1433 2537 1623 2618 praedicare
1638 2540 1805 2621 potentias

450 2641 565 2718 Patris,
582 2641 642 2703 nisi
659 2641 770 2705 Filius.
786 2640 895 2704 Nemo
908 2650 1018 2722 potest
1031 2641 1215 2722 potentiam
1231 2639 1338 2702 Patris
1351 2639 1451 2721 loqui,
1467 2641 1529 2704 nisi
1546 2641 1601 2705 ille
1616 2643 1672 2724 qui
1689 2653 1721 2706 et
1734 2643 1805 2724 ipse
1825 2657 1861 2694 20

448 2753 567 2824 potens
583 2753 649 2806 est:
671 2745 838 2826 potentias
855 2743 1001 2826 potentis
1018 2743 1088 2823 ipse
1104 2744 1159 2823 qui
1186 2751 1236 2806 est
1253 2743 1284 2806 in
1303 2743 1375 2806 sinu
1397 2745 1510 2822 Patris,
1526 2745 1597 2826 ipse
1612 2744 1669 2828 qui
1686 2755 1805 2826 potens

448 2857 508 2921 est,
518 2857 627 2927 potest
642 2849 831 2929 praedicare
841 2859 873 2911 et
885 2848 983 2930 loqui.
997 2847 1025 2908 A
1031 2845 1143 2910 orditas
1144 2848 1252 2928 faciet
1259 2867 1367 2910 omnes
1377 2847 1491 2911 laudes
1498 2848 1599 2914 cius?
1612 2848 1804 2930 Antequam

450 2947 616 3011 Dominus
633 2938 744 3012 nost'er
761 2952 791 3013 in
810 2951 984 3033 evangelio
1001 2951 1206 3031 praedicaret
1223 2950 1337 3012 laudes
1351 2949 1467 3028 Patris,
1484 2971 1549 3015 non
1567 2962 1638 3015 erat
1654 2953 1804 3016 auditum

449 3054 481 3115 in
499 3055 634 3118 mundo.
651 3053 762 3120 Omne
778 3055 868 3137 quod
896 3051 928 3114 in
947 3053 1047 3114 veteri
1071 3051 1143 3134 lege
1159 3052 1322 3126 scribitur,
1337 3054 1363 3114 si
1381 3055 1573 3135 spiritaliter
1585 3055 1807 3137 intellegatur,

449 3157 511 3220 hnc
528 3168 639 3239 potest
655 3159 696 3221 de
717 3161 811 3222 Patre
828 3156 984 3237 intellegi.
1826 3179 1860 3230 ας

492 3261 591 3324 Beati
603 3261 663 3344 qui
674 3263 859 3326 custodiunt
868 3260 1035 3335 iudicium,
1046 3269 1077 3323 rt
1076 3259 1215 3340 faciunt
1223 3259 1385 3323 iustitiam
1397 3261 1432 3324 in
1444 3262 1535 3326 omni
1545 3272 1689 3346 tempore.
1703 3263 1807 3327 Recte

451 3364 561 3428 David
578 3365 667 3429 dicit.
682 3365 819 3428 Fecerat
834 3376 867 3429 et
886 3366 957 3449 ipse
973 3363 1141 3440 iudicium,
1158 3365 1279 3428 lecerat
1296 3365 1472 3430 iustitiam:
1489 3367 1547 3429 sed
1564 3367 1722 3449 quoniam
1740 3388 1805 3431 non

450 3466 527 3532 fecit
543 3469 576 3531 in
593 3469 684 3532 omni
698 3479 856 3549 ternpore,
869 3478 1044 3551 propterea
1056 3468 1183 3532 cecidit.
1199 3467 1287 3551 Quid
1301 3469 1390 3533 enim
1404 3470 1508 3534 dicit?
1522 3471 1615 3533 Beati
1628 3472 1685 3552 qui
1698 3485 1807 3535 custo-

450 3573 547 3636 diunt
564 3572 732 3648 iudicium,
749 3582 782 3635 et
807 3571 931 3636 iaciunt
949 3572 1107 3636 iustitiam
1126 3573 1158 3634 in
1175 3574 1267 3636 omni
1284 3581 1443 3656 ternpore.
1465 3574 1532 3639 Sed
1549 3574 1638 3639 beati
1658 3585 1736 3639 sunt
1752 3576 1808 3658 qui

452 3675 576 3738 iaciunt
594 3677 624 3739 in
642 3677 906 3759 omnitempore.
923 3676 1012 3760 Quid
1030 3676 1118 3740 enim
1133 3678 1269 3758 prodest
1285 3677 1429 3760 aliquem
1443 3661 1560 3760 oiginti
1577 3680 1673 3743 annis
1690 3699 1762 3742 esse
1774 3679 1806 3741 in
1829 3699 1864 3750 30

488 3886 540 3936 tin
548 3883 656 3948 pralrrro]
676 3883 706 3932 in
712 3883 827 3948 psalmus
838 3882 871 3933 G.
967 3880 1060 3942 ornum]
1074 3887 1104 3929 ret
1114 3896 1196 3930 unum
1209 3878 1233 3947 β.
1329 3879 1428 3946 definr]
1440 3881 1476 3929 ad
1475 3879 1558 3945 finem
1571 3880 1597 3932 S.
1699 3881 1811 3944 30vor]

452 3966 556 4029 hocvos]
569 3966 643 4016 BSG.
728 3963 882 4030 6proplrrta]
893 3963 958 4014 codd
971 3961 1104 4027 3propiieto
1118 3960 1141 4029 β.
1229 3961 1362 4026 t3hortor]
1371 3963 1548 4012 leortoCcorr.
1637 3963 1666 4012 16
1678 3964 1715 4014 ibi
1724 3964 1811 4026 iudex]

454 4046 597 4114 duddan.
693 4044 765 4106 17et]
777 4061 826 4095 orn.
844 4043 994 4112 parada.
1010 4061 1064 4110 sup.
1080 4044 1123 4094 lin.
1214 4043 1531 4109 zopotentr‘onrlpolentr'ar
1542 4046 1569 4096 S.
1661 4057 1690 4096 21
1704 4047 1814 4112 ipseqm'

452 4131 528 4180 estin
547 4132 608 4178 sime
626 4128 722 4190 Patn's]
733 4143 784 4178 om.
800 4126 871 4192 βΒΟ.
973 4141 1004 4191 23
1016 4143 1066 4177 non
1085 4133 1141 4176 erat
1157 4128 1283 4189 auditum]
1301 4127 1344 4184 Gr
1366 4143 1416 4177 non
1435 4135 1490 4176 erat
1506 4127 1598 4176 auditu
1612 4127 1648 4186 St
1669 4143 1719 4177 rrorr
1737 4135 1813 4176 erant

452 4213 553 4262 auditae
567 4211 581 4278 β
594 4220 619 4262 et
631 4211 716 4262 ceteri.
791 4212 823 4260 26
834 4210 971 4272 iustitiam]
980 4211 1132 4260 iusrr'riasG.
1209 4210 1309 4270 zyds'cr'r
1321 4245 1327 4259 .
1341 4211 1452 4271 Fecerat]
1463 4209 1542 4266 codd;
1552 4209 1668 4258 iduum
1675 4217 1773 4274 pormr
1784 4207 1809 4276 β.

453 4293 590 4355 iustitiam]
602 4301 626 4342 rt
637 4293 764 4342 iustitiam
775 4291 798 4359 β.
886 4293 917 4343 28
927 4289 1023 4350 recidit]
1033 4292 1123 4341 cecinit
1135 4289 1181 4357 βΒ.
1261 4303 1292 4353 29
1304 4291 1354 4340 Sed
1363 4291 1429 4341 beati
1437 4307 1456 4339 s.
1468 4291 1521 4356 q.s.
1534 4292 1552 4340 ι’.
1563 4307 1585 4341 o.
1595 4290 1711 4356 temporel
1722 4307 1772 4341 om.
1784 4288 1808 4357 β.

453 4389 485 4442 30
496 4374 616 4441 aliquem]
624 4361 709 4426 'olrirti
721 4375 745 4443 β.

497 4573 540 4611 ro.
560 4553 688 4612 Domino
697 4549 722 4632 l]
740 4554 784 4611 Ps.
800 4554 826 4623 6,
844 4553 872 4611 6.
1159 4549 1306 4609 convertit
1337 4547 1652 4626 Pseudo-Augustinus
1676 4547 1726 4608 ille
1755 4565 1813 4607 ser-

498 4639 541 4694 16.
572 4653 691 4692 oronam
719 4628 844 4713 cadenti]
877 4633 963 4691 Haec
992 4629 1109 4706 aliaque
1161 4631 1258 4690 monis
1271 4648 1332 4690 xcv
1347 4632 1386 4690 ad
1397 4633 1499 4690 iratres
1511 4629 1541 4688 in
1557 4627 1813 4690 eremoconsarci·

453 4717 597 4776 nonnulla
609 4735 644 4776 ex
656 4715 701 4774 his
717 4714 889 4775 tractatibus
904 4713 933 4771 in
950 4731 1011 4773 rem
1024 4731 1107 4772 suam
1161 4724 1246 4772 nator
1261 4712 1379 4789 (Migne
1394 4731 1441 4784 40,
1462 4731 1473 4770 1
1481 4713 1560 4788 ³²3)-
