4060 5498
497 434 548 490 22
875 422 903 482 S.
936 423 1195 483 HIERONYMI
1225 424 1493 483 PRESBYTERI

497 622 620 686 cirrium
637 626 723 685 est:‘
741 622 943 704 Requiescet
959 642 1060 704 super
1074 642 1151 684 eum
1173 622 1309 704 spiritus
1323 622 1473 698 Domini,
1499 621 1635 703 spiritus
1663 620 1834 704 sapientiae

497 734 530 789 et
546 725 734 789 intellectus
746 727 762 792 ’.
781 727 881 809 Quod
895 727 1030 808 quidem
1045 727 1087 788 ad
1116 727 1280 790 insaniam
1299 726 1463 790 Arrianae
1479 726 1655 790 haereseos
1672 725 1836 789 retunden-

497 830 574 893 dam
591 828 709 892 melius
724 829 935 912 interpretati
948 841 1027 896 sunt
1040 831 1164 913 Aquila
1176 841 1209 896 et
1226 832 1439 896 Theodotion
1453 832 1604 896 dicentes
1620 830 1837 894 :‘Benedicam

497 933 684 997 Dominum
707 935 953 1000 consiliatorem
980 937 1131 1014 meum’;
1159 947 1195 1000 ut
1221 957 1286 999 non
1315 944 1385 1000 tam
1412 936 1614 1018 sapientiam
1642 943 1677 998 et
1703 932 1838 998 intellec·

496 1048 568 1102 tum
586 1037 673 1101 Filio
686 1040 784 1102 Pater
800 1040 931 1104 dederit
947 1060 1033 1123 quae
1049 1051 1127 1104 ante
1144 1060 1211 1105 non
1228 1041 1356 1118 habuit,
1380 1060 1481 1123 quam
1500 1039 1676 1104 consilium
1694 1059 1788 1102 suum
1802 1037 1838 1100 ad
1855 1063 1870 1114 5

496 1144 567 1206 eius
579 1143 780 1207 sententiam
809 1145 981 1227 copularit.
1000 1147 1048 1212 Ut
1072 1147 1244 1228 quomodo
1271 1146 1303 1208 in
1329 1145 1518 1209 Proverbiis
1540 1143 1795 1208 consiliatricem
1810 1161 1840 1204 se

498 1247 574 1310 Deo
590 1248 672 1312 dicit
688 1247 789 1311 luisse
804 1249 972 1331 sapientia
987 1251 1123 1332 quando
1143 1250 1331 1313 laetabatur
1345 1251 1427 1314 orbe
1444 1249 1604 1330 perlecto,
1631 1258 1664 1311 et
1681 1246 1840 1329 gaudebat

396 1403 400 1410 .
496 1351 559 1414 sibi
575 1351 699 1416 cotidie
715 1372 722 1428 ;
738 1352 785 1415 sic
801 1361 835 1416 et
850 1355 924 1435 ipsa
941 1354 1117 1436 sapientia,
1134 1353 1167 1416 in
1184 1374 1224 1417 eo
1242 1354 1331 1435 quod
1351 1353 1536 1418 humanum
1559 1373 1681 1434 corpus
1697 1369 1840 1432 assump-

444 1456 448 1464 '
496 1454 641 1537 sit,quod
655 1464 805 1518 mortuus
816 1465 866 1519 est
876 1468 908 1519 et
920 1458 1273 1535 resurrexit,ostendat
1285 1479 1319 1521 se
1330 1459 1402 1521 sine
1415 1459 1523 1521 Patris
1540 1455 1682 1520 consilio
1693 1475 1759 1518 non
1771 1453 1840 1517 luis·

496 1580 542 1646 se,
557 1560 615 1623 sed
633 1559 730 1622 iuxta
746 1559 827 1622 illud
845 1563 852 1591 ⁸
867 1561 915 1625 Ut
930 1560 1071 1626 lacerem
1089 1561 1297 1626 voluntatem
1315 1572 1408 1625 tuam
1427 1563 1520 1625 Deus
1537 1580 1631 1624 meus
1647 1557 1738 1622 volui
1750 1559 1765 1623 ’.
1782 1557 1840 1624 Sed
1860 1583 1888 1620 ro

495 1673 528 1728 et
544 1665 607 1728 hoc
624 1663 715 1747 quod
731 1665 890 1747 sequitur,
906 1665 1046 1747 insuper
1059 1675 1090 1729 et
1101 1688 1201 1749 usque
1216 1668 1263 1729 ad
1272 1676 1391 1730 noctem
1402 1665 1594 1729 erudierunt
1606 1685 1655 1726 me
1670 1684 1761 1726 renes
1780 1660 1842 1736 anri,

496 1766 544 1829 sic
560 1766 802 1848 accipiendum,
819 1776 855 1831 ut
872 1788 967 1832 renes
984 1789 1045 1850 pro
1060 1770 1241 1834 reconditis
1258 1770 1521 1852 cogitationibus
1534 1779 1570 1833 et
1587 1766 1756 1852 prolundo
1777 1784 1842 1828 sen-

495 1869 618 1933 tiamus
648 1868 780 1948 affectu,
802 1872 893 1952 quod
918 1874 1049 1955 proprie
1074 1869 1186 1962 ἶδίωμα
1209 1875 1444 1956 scripturarum
1481 1883 1540 1938 est.
1568 1873 1659 1936 Nam
1687 1881 1841 1955 quantum

496 1978 530 2040 in
548 1979 709 2042 memoria
726 1998 801 2042 mea
817 1989 877 2057 est,
894 1999 955 2044 nec
971 1982 1060 2064 apud
1078 1981 1358 2064 philosophorum
1374 1983 1568 2065 quempiam
1587 2001 1648 2044 nec
1670 1981 1760 2063 apud
1776 1980 1842 2042 rlre·

497 2088 617 2158 torum,
634 2101 695 2146 nec
707 2083 795 2164 apud
809 2092 935 2166 poetas,
946 2105 1008 2148 nec
1024 2087 1113 2167 apud
1131 2085 1221 2168 ipsos
1233 2087 1369 2169 quidem
1383 2087 1542 2164 medicos,
1557 2084 1614 2168 qui
1628 2093 1768 2148 naturae
1779 2103 1843 2147 cor·
1864 2109 1890 2163 ις

498 2205 616 2266 porum
629 2187 804 2250 scientiam
816 2190 1355 2273 repromittunt‚umquamlegisse
1367 2210 1419 2254 me
1433 2190 1518 2267 novi,
1528 2209 1693 2271 renespro
1703 2188 1844 2253 intellec-

497 2289 587 2353 tibus
596 2299 630 2355 et
646 2288 813 2373 profunda
829 2293 1035 2375 cogitatione
1051 2296 1189 2376 positos.
1210 2295 1382 2377 Scriptura
1398 2303 1511 2358 autem
1528 2293 1591 2357 hac
1607 2293 1844 2358 consuetudine

498 2392 611 2468 utitur,
627 2403 664 2456 ut
679 2395 816 2476 quando
827 2397 898 2460 vult
913 2409 1077 2462 secretum
1095 2398 1220 2481 aliquid
1232 2409 1266 2464 et
1279 2419 1439 2463 arcanum
1451 2399 1504 2461 vel
1518 2398 1698 2480 mysticum
1711 2398 1844 2462 demon·

497 2505 611 2576 strare,
620 2497 711 2562 dicat
722 2499 892 2564 ‘Scrutans
902 2501 1004 2566 corda
1017 2512 1049 2566 et
1061 2523 1156 2566 renes
1166 2503 1288 2581 Deus';
1304 2512 1409 2582 ut‚cor
1419 2512 1583 2566 secretum
1597 2521 1673 2566 cum
1685 2502 1738 2579 sit,
1747 2521 1845 2564 secre-

498 2604 599 2667 tiores
616 2605 726 2668 cordis
743 2616 855 2690 partes
872 2609 938 2672 sint
955 2629 1058 2676 renes.
1076 2611 1115 2673 In
1134 2610 1309 2693 Sapientia
1321 2628 1463 2692 quoque,
1478 2628 1565 2690 quae
1581 2606 1682 2672 titulo
1699 2605 1845 2671 Salomo·
1863 2634 1892 2671 ao

498 2707 549 2770 nis
566 2708 769 2787 inscribitur,
784 2710 946 2793 scriptum
972 2715 1125 2797 repperi:
1153 2715 1308 2778 ‘Renum
1336 2714 1408 2776 eius
1429 2712 1525 2776 testis
1554 2710 1659 2788 Deus,
1683 2720 1716 2773 et
1741 2710 1847 2774 cordis

498 2812 748 2896 contemplator
763 2834 868 2893 verus,
881 2825 914 2879 et
930 2816 1066 2900 linguae
1082 2818 1215 2882 auditor
1228 2819 1243 2884 ¹.
1262 2819 1301 2881 In
1319 2817 1405 2881 libro
1420 2836 1554 2900 quoque
1573 2817 1848 2892 Patriarclrarum,

496 2914 574 2979 licet
591 2915 677 2981 inter
693 2920 905 3002 apocryphos
921 2931 1142 3004 computetur,
1158 2923 1207 2987 ita
1222 2922 1344 2998 inveni,
1363 2930 1398 2985 ut
1416 2922 1587 3004 quomodo
1604 2921 1646 2986 iel
1663 2923 1707 2986 ad
1725 2924 1845 2986 iracun-

530 3244 546 3291 4
557 3231 620 3294 tana]
633 3233 661 3280 M
671 3249 679 3291 ς
690 3239 792 3282 lantum
805 3234 862 3286 OV.
965 3247 977 3300 5
989 3235 1063 3300 quae]
1077 3238 1114 3296 M,
1128 3246 1217 3302 postea
1229 3243 1319 3288 mutat.
1334 3239 1359 3287 in
1371 3239 1447 3302 quasi
1456 3255 1463 3297 ;
1472 3253 1544 3302 quem
1555 3236 1612 3288 OV.
1627 3238 1667 3289 cl.
1681 3239 1848 3304 supraadnot.

498 3311 554 3362 crit.
568 3313 600 3363 ad
613 3325 637 3372 2,
652 3323 665 3373 7
678 3323 703 3364 et
716 3328 739 3378 3,
754 3329 793 3364 22.
895 3316 1276 3383 6copularichopularetcodd.
1378 3316 1532 3377 Proverbiis]
1548 3335 1613 3375 corr.
1632 3336 1663 3370 ex
1677 3320 1807 3371 Proverbr'o
1818 3320 1849 3370 Ο.

502 3407 532 3444 10
542 3395 586 3444 red
595 3395 680 3456 iuxta]
693 3397 741 3447 OV
752 3415 760 3456 ;
771 3406 807 3447 set
817 3408 905 3451 mutat.
920 3400 1048 3451 inscilicet
1059 3403 1096 3452 M.
1179 3415 1209 3452 ιο
1220 3402 1270 3450 Sed
1283 3398 1316 3459 ct]
1333 3402 1380 3460 M;
1399 3402 1447 3452 OV
1463 3418 1514 3450 om.
1533 3409 1563 3451 el.
1647 3415 1676 3452 12
1689 3399 1746 3468 pro]
1762 3401 1852 3452 omisso

501 3478 529 3526 M
542 3484 632 3542 postea
643 3480 770 3545 supplevit
783 3483 812 3530 in
824 3497 878 3547 sup.
893 3483 937 3534 lin.
1043 3497 1071 3548 13
1084 3477 1191 3548 ἰδίωμα]
1202 3483 1312 3535 ittotnt
1322 3485 1398 3534 codd.
1498 3481 1698 3548 scripturarum]
1717 3487 1742 3534 Μ
1756 3502 1762 3542 3
1778 3485 1851 3550 scrip·

500 3566 556 3609 tum
569 3560 625 3611 OV.
730 3576 759 3624 14
771 3564 909 3632 rhetorum]
921 3567 1232 3631 V‚Omarg;relhorum
1245 3567 1282 3625 M,
1297 3567 1395 3616 Otext.
1498 3577 1526 3630 15
1539 3568 1603 3632 ipsos
1613 3564 1724 3633 quidem]
1740 3569 1786 3628 M;
1802 3584 1849 3618 orn.

502 3642 557 3693 OV.
662 3643 839 3708 18arramrm]
849 3649 992 3699 archanum
1003 3649 1078 3699 codd.
1182 3660 1211 3711 19
1222 3655 1352 3716 secretum]
1370 3665 1434 3699 corr.
1455 3665 1486 3698 ex
1506 3655 1600 3700 rectum
1621 3650 1657 3710 M,
1680 3650 1740 3701 Oin
1758 3665 1852 3714 marg.;

500 3732 595 3775 rectum
615 3726 675 3777 item
693 3727 725 3778 V.
825 3729 892 3791 cum]
909 3747 959 3780 om.
983 3731 1020 3780 M.
1122 3743 1154 3779 20
1173 3729 1252 3780 cordis
1269 3726 1364 3794 parrer]
1383 3730 1449 3790 OV;
1468 3731 1536 3780 corde
1556 3731 1584 3780 M
1603 3746 1633 3781 ex
1653 3729 1733 3779 nimia
1750 3729 1853 3779 sortasse

500 3811 706 3874 scrupulositate.
806 3815 957 3878 Salomonis]
968 3831 1007 3864 mo
1017 3815 1101 3880 suppl.
1115 3829 1171 3879 sup.
1185 3813 1230 3864 lin.
1246 3813 1282 3863 M.
1384 3825 1415 3862 22
1432 3815 1466 3862 In
1483 3814 1546 3863 libro
1562 3809 1667 3878 quoque]
1684 3813 1750 3872 OV;
1767 3815 1796 3862 ἐκ
1813 3811 1854 3860 illo

499 3907 597 3956 quoque
606 3893 671 3944 libro
681 3897 729 3959 qui
738 3904 842 3945 voratur
854 3897 891 3957 M,
904 3912 969 3962 quae
981 3896 1057 3946 lectio
1068 3905 1147 3946 artem
1160 3895 1226 3960 sapit
1238 3893 1392 3960 glossatoris.

544 4185 569 4224 2.
587 4165 757 4250 r'ntcllectus]
776 4169 815 4227 Is.
835 4189 880 4242 rr,
899 4191 922 4229 2.
1247 4175 1391 4243 quantum
1420 4169 1453 4226 r'n
1491 4167 1629 4226 memoria
1655 4187 1716 4226 mea
1736 4167 1789 4240 est]
1810 4169 1852 4232 Ci.

545 4249 571 4305 6.
586 4246 615 4306 in
627 4247 808 4330 Proverbiis]
826 4253 853 4324 8,
873 4271 906 4310 12
923 4271 986 4328 sqq.
1207 4259 1291 4310 tract.
1308 4251 1346 4310 de
1373 4247 1522 4324 principio
1547 4248 1645 4310 Marci
1672 4269 1739 4325 319,
1769 4267 1803 4326 15
1828 4261 1853 4309 et

547 4347 590 4388 ro.
608 4327 701 4412 volut]
717 4335 763 4392 Ps.
779 4352 825 4408 39,
844 4353 869 4408 9.
1207 4332 1379 4408 exemplum
1394 4327 1424 4389 in
1441 4343 1513 4392 nota
1528 4329 1603 4391 ibid.
1618 4331 1752 4390 allatum.

548 4429 591 4485 13.
612 4411 710 4482 ἰδίωμα
744 4411 972 4496 scripturarum]
997 4413 1080 4473 Hier.
1105 4432 1150 4490 ep.
1252 4409 1468 4492 19.Dcus]1’s.
1489 4431 1579 4488 7,1o.

504 4493 554 4566 85,
571 4511 598 4552 n.
615 4507 632 4567 5
661 4492 803 4556 ‘Idioma
828 4495 916 4572 igitur
939 4498 1151 4573 scripturarum
1248 4516 1292 4554 22.
1309 4491 1441 4574 auditor]
1452 4496 1521 4572 Sap.
1536 4514 1561 4566 1,
1577 4499 1595 4554 6
1610 4494 1661 4554 ubi
1677 4505 1779 4557 tamen
1796 4511 1851 4554 non

503 4584 557 4646 est,
574 4585 643 4634 ut...
659 4575 717 4634 ’Et
732 4575 807 4636 inira
824 4597 850 4654 p.
877 4579 922 4650 28,
949 4579 965 4638 l.
984 4595 999 4655 5
1033 4583 1151 4640 ‘secun
1203 4577 1472 4655 contemplatorsed
1487 4575 1669 4637 scrutatorin
1688 4577 1775 4656 Vulg.
1790 4575 1852 4654 legi-

503 4654 576 4716 dum
590 4653 666 4718 illud
682 4657 778 4730 ἰδίωμα
793 4659 1002 4738 scripturarum
1014 4662 1029 4720 '.
1204 4672 1258 4720 tur.
