<?xml version="1.0" encoding="UTF-8"?>
<!DOCTYPE html PUBLIC "-//W3C//DTD XHTML 1.0 Transitional//EN"
    "http://www.w3.org/TR/xhtml1/DTD/xhtml1-transitional.dtd">
<html xmlns="http://www.w3.org/1999/xhtml" xml:lang="en" lang="en">
 <head>
  <title>
</title>
<meta http-equiv="Content-Type" content="text/html;charset=utf-8" />
  <meta name='ocr-system' content='tesseract 3.04.00' />
  <meta name='ocr-capabilities' content='ocr_page ocr_carea ocr_par ocr_line ocrx_word'/>
</head>
<body>
  <div class='ocr_page' id='page_1' title='image "./commentarioliin00morigoog/commentarioliin00morigoog_0472.png"; bbox 0 0 4092 5502; ppageno 0'>
   <div class='ocr_carea' id='block_1_1' title="bbox 548 435 1601 523">
    <p class='ocr_par' dir='ltr' id='par_1_1' title="bbox 548 435 1601 523">
     <span class='ocr_line' id='line_1_1' title="bbox 548 435 1601 523; baseline 0.001 -27"><span class='ocrx_word' id='word_1_1' title='bbox 548 436 804 498; x_wconf 83' lang='lat' dir='ltr'>TRACTATUS</span> <span class='ocrx_word' id='word_1_2' title='bbox 827 435 884 495; x_wconf 83' lang='lat' dir='ltr'>DE</span> <span class='ocrx_word' id='word_1_3' title='bbox 907 435 1074 497; x_wconf 82' lang='lat' dir='ltr'><strong>PSALMO</strong></span> <span class='ocrx_word' id='word_1_4' title='bbox 1097 435 1289 497; x_wconf 90' lang='lat' dir='ltr'>CXLVIIII.</span> <span class='ocrx_word' id='word_1_5' title='bbox 1518 438 1601 523; x_wconf 81' lang='lat'>315</span> 
     </span>
    </p>
   </div>
   <div class='ocr_carea' id='block_1_2' title="bbox 190 651 1601 3654">
    <p class='ocr_par' dir='ltr' id='par_1_2' title="bbox 190 651 1601 3654">
     <span class='ocr_line' id='line_1_2' title="bbox 245 651 1600 738; baseline 0.001 -19"><span class='ocrx_word' id='word_1_6' title='bbox 245 655 307 732; x_wconf 87' lang='lat' dir='ltr'>xit,</span> <span class='ocrx_word' id='word_1_7' title='bbox 322 655 355 718; x_wconf 91' lang='lat' dir='ltr'>in</span> <span class='ocrx_word' id='word_1_8' title='bbox 372 654 602 738; x_wconf 80' lang='lat' dir='ltr'>conpedibus:</span> <span class='ocrx_word' id='word_1_9' title='bbox 618 673 660 718; x_wconf 87' lang='lat' dir='ltr'>ne</span> <span class='ocrx_word' id='word_1_10' title='bbox 677 652 826 735; x_wconf 78' lang='lat' dir='ltr'>magistri</span> <span class='ocrx_word' id='word_1_11' title='bbox 855 651 998 718; x_wconf 91' lang='lat' dir='ltr'>multum</span> <span class='ocrx_word' id='word_1_12' title='bbox 1022 662 1199 730; x_wconf 89' lang='lat' dir='ltr'>currerent,</span> <span class='ocrx_word' id='word_1_13' title='bbox 1216 671 1257 718; x_wconf 92' lang='lat' dir='ltr'>ne</span> <span class='ocrx_word' id='word_1_14' title='bbox 1280 651 1405 718; x_wconf 88' lang='lat' dir='ltr'>multos</span> <span class='ocrx_word' id='word_1_15' title='bbox 1420 653 1600 738; x_wconf 90' lang='lat' dir='ltr'>decipiant,</span> 
     </span>
     <span class='ocr_line' id='line_1_3' title="bbox 244 757 1601 842; baseline 0.001 -18"><span class='ocrx_word' id='word_1_16' title='bbox 244 761 302 824; x_wconf 89' lang='lat' dir='ltr'>sed</span> <span class='ocrx_word' id='word_1_17' title='bbox 328 757 538 842; x_wconf 89' lang='lat' dir='ltr'>conligentur</span> <span class='ocrx_word' id='word_1_18' title='bbox 564 767 597 824; x_wconf 90' lang='lat' dir='ltr'>et</span> <span class='ocrx_word' id='word_1_19' title='bbox 623 766 722 824; x_wconf 89' lang='lat' dir='ltr'>stent.</span> <span class='ocrx_word' id='word_1_20' title='bbox 738 757 786 822; x_wconf 85' lang='lat' dir='ltr'>Et</span> <span class='ocrx_word' id='word_1_21' title='bbox 812 757 930 821; x_wconf 83' lang='lat' dir='ltr'>nobiles</span> <span class='ocrx_word' id='word_1_22' title='bbox 952 777 1063 822; x_wconf 81' lang='lat' dir='ltr'>eorum</span> <span class='ocrx_word' id='word_1_23' title='bbox 1089 757 1123 820; x_wconf 85' lang='lat' dir='ltr'>in</span> <span class='ocrx_word' id='word_1_24' title='bbox 1151 757 1289 822; x_wconf 69' lang='lat' dir='ltr'>manicis</span> <span class='ocrx_word' id='word_1_25' title='bbox 1304 761 1441 841; x_wconf 65' lang='lat' dir='ltr'>serrem</span> <span class='ocrx_word' id='word_1_26' title='bbox 1461 761 1601 826; x_wconf 83' lang='lat' dir='ltr'>Nobiles</span> 
     </span>
     <span class='ocr_line' id='line_1_4' title="bbox 244 862 1598 950; baseline 0.003 -22"><span class='ocrx_word' id='word_1_27' title='bbox 244 883 368 929; x_wconf 80' lang='lat' dir='ltr'>eorum</span> <span class='ocrx_word' id='word_1_28' title='bbox 383 863 511 928; x_wconf 82' lang='lat' dir='ltr'>Videas</span> <span class='ocrx_word' id='word_1_29' title='bbox 526 863 612 927; x_wconf 88' lang='lat' dir='ltr'>inter</span> <span class='ocrx_word' id='word_1_30' title='bbox 627 863 812 927; x_wconf 89' lang='lat' dir='ltr'>haereticos</span> <span class='ocrx_word' id='word_1_31' title='bbox 827 863 937 928; x_wconf 84' lang='lat' dir='ltr'>dicere</span> <span class='ocrx_word' id='word_1_32' title='bbox 954 862 1028 927; x_wconf 90' lang='lat' dir='ltr'>illos</span> <span class='ocrx_word' id='word_1_33' title='bbox 1043 885 1050 926; x_wconf 76' lang='grc' dir='ltr'><strong>ε</strong></span> <span class='ocrx_word' id='word_1_34' title='bbox 1070 863 1137 928; x_wconf 91' lang='lat' dir='ltr'>Iste</span> <span class='ocrx_word' id='word_1_35' title='bbox 1149 865 1199 928; x_wconf 90' lang='lat' dir='ltr'>vir</span> <span class='ocrx_word' id='word_1_36' title='bbox 1214 866 1334 930; x_wconf 87' lang='lat' dir='ltr'>doetus</span> <span class='ocrx_word' id='word_1_37' title='bbox 1350 875 1410 943; x_wconf 89' lang='lat' dir='ltr'>est,</span> <span class='ocrx_word' id='word_1_38' title='bbox 1427 866 1481 931; x_wconf 91' lang='lat' dir='ltr'>ille</span> <span class='ocrx_word' id='word_1_39' title='bbox 1502 869 1598 950; x_wconf 87' lang='lat' dir='ltr'>signa</span> 
     </span>
     <span class='ocr_line' id='line_1_5' title="bbox 245 965 1598 1055; baseline 0.001 -23"><span class='ocrx_word' id='word_1_40' title='bbox 245 967 333 1046; x_wconf 87' lang='lat' dir='ltr'>lacit,</span> <span class='ocrx_word' id='word_1_41' title='bbox 348 968 410 1033; x_wconf 90' lang='lat' dir='ltr'>istc</span> <span class='ocrx_word' id='word_1_42' title='bbox 425 968 607 1032; x_wconf 85' lang='lat' dir='ltr'>daemones</span> <span class='ocrx_word' id='word_1_43' title='bbox 632 967 717 1032; x_wconf 88' lang='lat' dir='ltr'>eicit.</span> <span class='ocrx_word' id='word_1_44' title='bbox 734 967 850 1032; x_wconf 84' lang='lat' dir='ltr'>Sancti</span> <span class='ocrx_word' id='word_1_45' title='bbox 869 965 1016 1044; x_wconf 88' lang='lat' dir='ltr'>Domini,</span> <span class='ocrx_word' id='word_1_46' title='bbox 1033 967 1089 1049; x_wconf 92' lang='lat' dir='ltr'>qui</span> <span class='ocrx_word' id='word_1_47' title='bbox 1117 965 1242 1033; x_wconf 88' lang='lat' dir='ltr'>habent</span> <span class='ocrx_word' id='word_1_48' title='bbox 1267 969 1398 1054; x_wconf 85' lang='lat' dir='ltr'>gladios</span> <span class='ocrx_word' id='word_1_49' title='bbox 1425 971 1598 1055; x_wconf 86' lang='lat' dir='ltr'>ancipites,</span> 
     </span>
     <span class='ocr_line' id='line_1_6' title="bbox 213 1071 1598 1158; baseline 0.001 -21"><span class='ocrx_word' id='word_1_50' title='bbox 213 1095 226 1147; x_wconf 83' lang='lat'>5</span> <span class='ocrx_word' id='word_1_51' title='bbox 244 1073 308 1138; x_wconf 87' lang='lat' dir='ltr'>hoc</span> <span class='ocrx_word' id='word_1_52' title='bbox 322 1081 383 1148; x_wconf 90' lang='lat' dir='ltr'>est,</span> <span class='ocrx_word' id='word_1_53' title='bbox 398 1074 539 1138; x_wconf 90' lang='lat' dir='ltr'>duorum</span> <span class='ocrx_word' id='word_1_54' title='bbox 557 1073 715 1156; x_wconf 87' lang='lat' dir='ltr'>capitum,</span> <span class='ocrx_word' id='word_1_55' title='bbox 730 1073 820 1136; x_wconf 88' lang='lat' dir='ltr'>etde</span> <span class='ocrx_word' id='word_1_56' title='bbox 836 1071 938 1136; x_wconf 87' lang='lat' dir='ltr'>veteri</span> <span class='ocrx_word' id='word_1_57' title='bbox 954 1072 1046 1135; x_wconf 91' lang='lat' dir='ltr'>etde</span> <span class='ocrx_word' id='word_1_58' title='bbox 1064 1093 1151 1137; x_wconf 88' lang='lat' dir='ltr'>novo</span> <span class='ocrx_word' id='word_1_59' title='bbox 1167 1083 1380 1152; x_wconf 89' lang='lat' dir='ltr'>testamento,</span> <span class='ocrx_word' id='word_1_60' title='bbox 1394 1075 1500 1158; x_wconf 89' lang='lat' dir='ltr'>ligant</span> <span class='ocrx_word' id='word_1_61' title='bbox 1524 1075 1598 1141; x_wconf 92' lang='lat' dir='ltr'>illos</span> 
     </span>
     <span class='ocr_line' id='line_1_7' title="bbox 245 1177 1598 1260; baseline 0.003 -20"><span class='ocrx_word' id='word_1_62' title='bbox 245 1178 432 1260; x_wconf 88' lang='lat' dir='ltr'>magistros,</span> <span class='ocrx_word' id='word_1_63' title='bbox 448 1186 480 1241; x_wconf 90' lang='lat' dir='ltr'>et</span> <span class='ocrx_word' id='word_1_64' title='bbox 497 1177 717 1259; x_wconf 88' lang='lat' dir='ltr'>praepediunt</span> <span class='ocrx_word' id='word_1_65' title='bbox 740 1177 843 1260; x_wconf 90' lang='lat' dir='ltr'>pedes</span> <span class='ocrx_word' id='word_1_66' title='bbox 859 1177 1017 1259; x_wconf 89' lang='lat' dir='ltr'>ipsorum,</span> <span class='ocrx_word' id='word_1_67' title='bbox 1034 1195 1075 1240; x_wconf 89' lang='lat' dir='ltr'>ne</span> <span class='ocrx_word' id='word_1_68' title='bbox 1091 1179 1220 1260; x_wconf 86' lang='lat' dir='ltr'>possint</span> <span class='ocrx_word' id='word_1_69' title='bbox 1246 1199 1384 1244; x_wconf 89' lang='lat' dir='ltr'>currere.</span> <span class='ocrx_word' id='word_1_70' title='bbox 1402 1180 1447 1245; x_wconf 86' lang='lat' dir='ltr'>Et</span> <span class='ocrx_word' id='word_1_71' title='bbox 1469 1181 1598 1245; x_wconf 90' lang='lat' dir='ltr'>nobiles</span> 
     </span>
     <span class='ocr_line' id='line_1_8' title="bbox 244 1279 1597 1362; baseline 0.003 -17"><span class='ocrx_word' id='word_1_72' title='bbox 244 1301 358 1345; x_wconf 87' lang='lat' dir='ltr'>corum</span> <span class='ocrx_word' id='word_1_73' title='bbox 386 1281 418 1345; x_wconf 94' lang='lat' dir='ltr'>in</span> <span class='ocrx_word' id='word_1_74' title='bbox 446 1281 583 1348; x_wconf 82' lang='lat' dir='ltr'>manicis</span> <span class='ocrx_word' id='word_1_75' title='bbox 608 1280 727 1345; x_wconf 76' lang='lat' dir='ltr'>ferreis.</span> <span class='ocrx_word' id='word_1_76' title='bbox 749 1279 882 1362; x_wconf 87' lang='lat' dir='ltr'>Ligant,</span> <span class='ocrx_word' id='word_1_77' title='bbox 909 1299 975 1344; x_wconf 90' lang='lat' dir='ltr'>non</span> <span class='ocrx_word' id='word_1_78' title='bbox 1010 1281 1167 1344; x_wconf 90' lang='lat' dir='ltr'>occidunt</span> <span class='ocrx_word' id='word_1_79' title='bbox 1182 1303 1190 1359; x_wconf 93' lang='lat'>;</span> <span class='ocrx_word' id='word_1_80' title='bbox 1217 1302 1283 1347; x_wconf 92' lang='lat' dir='ltr'>non</span> <span class='ocrx_word' id='word_1_81' title='bbox 1312 1283 1523 1362; x_wconf 88' lang='lat' dir='ltr'>interficiunt,</span> <span class='ocrx_word' id='word_1_82' title='bbox 1538 1286 1597 1348; x_wconf 89' lang='lat' dir='ltr'>sed</span> 
     </span>
     <span class='ocr_line' id='line_1_9' title="bbox 245 1383 1598 1469; baseline 0.004 -21"><span class='ocrx_word' id='word_1_83' title='bbox 245 1385 359 1469; x_wconf 91' lang='lat' dir='ltr'>ligant.</span> <span class='ocrx_word' id='word_1_84' title='bbox 374 1385 536 1450; x_wconf 89' lang='lat' dir='ltr'>Vinciunt</span> <span class='ocrx_word' id='word_1_85' title='bbox 552 1403 680 1462; x_wconf 88' lang='lat' dir='ltr'>manus,</span> <span class='ocrx_word' id='word_1_86' title='bbox 695 1394 729 1450; x_wconf 91' lang='lat' dir='ltr'>et</span> <span class='ocrx_word' id='word_1_87' title='bbox 745 1384 896 1468; x_wconf 86' lang='lat' dir='ltr'>captivos</span> <span class='ocrx_word' id='word_1_88' title='bbox 911 1383 1039 1448; x_wconf 88' lang='lat' dir='ltr'>ducunt</span> <span class='ocrx_word' id='word_1_89' title='bbox 1058 1386 1101 1448; x_wconf 95' lang='lat' dir='ltr'>ad</span> <span class='ocrx_word' id='word_1_90' title='bbox 1119 1386 1293 1452; x_wconf 85' lang='lat' dir='ltr'>ecclesiam</span> <span class='ocrx_word' id='word_1_91' title='bbox 1320 1387 1460 1452; x_wconf 90' lang='lat' dir='ltr'>vinculis</span> <span class='ocrx_word' id='word_1_92' title='bbox 1476 1389 1598 1454; x_wconf 80' lang='lat' dir='ltr'>ferreis.</span> 
     </span>
     <span class='ocr_line' id='line_1_10' title="bbox 245 1485 1596 1572; baseline 0.001 -17"><span class='ocrx_word' id='word_1_93' title='bbox 245 1489 393 1556; x_wconf 88' lang='lat' dir='ltr'>Catenae</span> <span class='ocrx_word' id='word_1_94' title='bbox 405 1489 488 1553; x_wconf 88' lang='lat' dir='ltr'>istae</span> <span class='ocrx_word' id='word_1_95' title='bbox 501 1507 567 1552; x_wconf 90' lang='lat' dir='ltr'>non</span> <span class='ocrx_word' id='word_1_96' title='bbox 581 1485 664 1553; x_wconf 89' lang='lat' dir='ltr'>liunt</span> <span class='ocrx_word' id='word_1_97' title='bbox 677 1489 739 1552; x_wconf 89' lang='lat' dir='ltr'>nisi</span> <span class='ocrx_word' id='word_1_98' title='bbox 751 1489 795 1553; x_wconf 93' lang='lat' dir='ltr'>de</span> <span class='ocrx_word' id='word_1_99' title='bbox 804 1487 1004 1552; x_wconf 89' lang='lat' dir='ltr'>testimoniis</span> <span class='ocrx_word' id='word_1_100' title='bbox 1014 1489 1263 1572; x_wconf 89' lang='lat' dir='ltr'>scripturarum,</span> <span class='ocrx_word' id='word_1_101' title='bbox 1273 1492 1353 1555; x_wconf 93' lang='lat' dir='ltr'>dum</span> <span class='ocrx_word' id='word_1_102' title='bbox 1365 1492 1596 1558; x_wconf 88' lang='lat' dir='ltr'>testimonium</span> 
     </span>
     <span class='ocr_line' id='line_1_11' title="bbox 199 1591 1596 1678; baseline 0.004 -24"><span class='ocrx_word' id='word_1_103' title='bbox 199 1617 229 1654; x_wconf 82' lang='grc' dir='ltr'>ιο</span> <span class='ocrx_word' id='word_1_104' title='bbox 245 1597 347 1678; x_wconf 84' lang='lat' dir='ltr'>lungo</span> <span class='ocrx_word' id='word_1_105' title='bbox 362 1593 563 1660; x_wconf 88' lang='lat' dir='ltr'>testimonio.</span> <span class='ocrx_word' id='word_1_106' title='bbox 580 1591 617 1658; x_wconf 90' lang='lat' dir='ltr'>Si</span> <span class='ocrx_word' id='word_1_107' title='bbox 633 1591 682 1656; x_wconf 89' lang='lat' dir='ltr'>vis</span> <span class='ocrx_word' id='word_1_108' title='bbox 709 1599 746 1656; x_wconf 90' lang='lat' dir='ltr'>ut</span> <span class='ocrx_word' id='word_1_109' title='bbox 770 1609 837 1655; x_wconf 90' lang='lat' dir='ltr'>non</span> <span class='ocrx_word' id='word_1_110' title='bbox 855 1600 1052 1673; x_wconf 85' lang='lat' dir='ltr'>rumpantur</span> <span class='ocrx_word' id='word_1_111' title='bbox 1079 1591 1163 1656; x_wconf 88' lang='lat' dir='ltr'>istae</span> <span class='ocrx_word' id='word_1_112' title='bbox 1184 1603 1332 1673; x_wconf 85' lang='lat' dir='ltr'>catenae,</span> <span class='ocrx_word' id='word_1_113' title='bbox 1348 1615 1415 1659; x_wconf 92' lang='lat' dir='ltr'>non</span> <span class='ocrx_word' id='word_1_114' title='bbox 1432 1595 1499 1661; x_wconf 90' lang='lat' dir='ltr'>sint</span> <span class='ocrx_word' id='word_1_115' title='bbox 1516 1596 1596 1660; x_wconf 91' lang='lat' dir='ltr'>sim·</span> 
     </span>
     <span class='ocr_line' id='line_1_12' title="bbox 245 1694 1598 1783; baseline 0.002 -22"><span class='ocrx_word' id='word_1_116' title='bbox 245 1697 356 1780; x_wconf 89' lang='lat' dir='ltr'>plices,</span> <span class='ocrx_word' id='word_1_117' title='bbox 371 1696 430 1761; x_wconf 88' lang='lat' dir='ltr'>sed</span> <span class='ocrx_word' id='word_1_118' title='bbox 446 1697 523 1776; x_wconf 84' lang='lat' dir='ltr'>hinc</span> <span class='ocrx_word' id='word_1_119' title='bbox 550 1696 629 1760; x_wconf 90' lang='lat' dir='ltr'>inde</span> <span class='ocrx_word' id='word_1_120' title='bbox 644 1701 835 1763; x_wconf 86' lang='lat' dir='ltr'>contextae.</span> <span class='ocrx_word' id='word_1_121' title='bbox 851 1697 858 1726; x_wconf 82' lang='lat'>¹</span> <span class='ocrx_word' id='word_1_122' title='bbox 876 1694 905 1757; x_wconf 94' lang='lat' dir='ltr'>F</span> <span class='ocrx_word' id='word_1_123' title='bbox 907 1694 1058 1758; x_wconf 90' lang='lat' dir='ltr'>uniculus</span> <span class='ocrx_word' id='word_1_124' title='bbox 1079 1696 1202 1779; x_wconf 83' lang='lat' dir='ltr'>triplex</span> <span class='ocrx_word' id='word_1_125' title='bbox 1219 1719 1286 1762; x_wconf 91' lang='lat' dir='ltr'>non</span> <span class='ocrx_word' id='word_1_126' title='bbox 1304 1699 1469 1783; x_wconf 84' lang='lat' dir='ltr'>rumpitur</span> <span class='ocrx_word' id='word_1_127' title='bbox 1486 1700 1501 1764; x_wconf 90' lang='lat'>&#39;.</span> <span class='ocrx_word' id='word_1_128' title='bbox 1522 1701 1598 1765; x_wconf 90' lang='lat' dir='ltr'>Hoc</span> 
     </span>
     <span class='ocr_line' id='line_1_13' title="bbox 244 1799 778 1886; baseline -0.009 -20"><span class='ocrx_word' id='word_1_129' title='bbox 244 1811 357 1868; x_wconf 91' lang='lat' dir='ltr'>autem</span> <span class='ocrx_word' id='word_1_130' title='bbox 373 1811 482 1868; x_wconf 90' lang='lat' dir='ltr'>totum</span> <span class='ocrx_word' id='word_1_131' title='bbox 498 1821 601 1886; x_wconf 87' lang='lat' dir='ltr'>quare</span> <span class='ocrx_word' id='word_1_132' title='bbox 618 1799 683 1864; x_wconf 87' lang='lat' dir='ltr'>fit?</span> <span class='ocrx_word' id='word_1_133' title='bbox 774 1875 778 1882; x_wconf 31' lang='grc' dir='ltr'>Ι</span> 
     </span>
     <span class='ocr_line' id='line_1_14' title="bbox 293 1900 1596 1990; baseline 0.001 -20"><span class='ocrx_word' id='word_1_134' title='bbox 293 1906 480 1987; x_wconf 84' lang='lat' dir='ltr'>Utfaciant</span> <span class='ocrx_word' id='word_1_135' title='bbox 496 1905 586 1968; x_wconf 81' lang='lat' dir='ltr'>ineis</span> <span class='ocrx_word' id='word_1_136' title='bbox 596 1901 753 1968; x_wconf 85' lang='lat' dir='ltr'>iudicium</span> <span class='ocrx_word' id='word_1_137' title='bbox 769 1900 987 1982; x_wconf 82' lang='lat' dir='ltr'>conscriptum.</span> <span class='ocrx_word' id='word_1_138' title='bbox 1000 1901 1101 1986; x_wconf 86' lang='lat' dir='ltr'>Quod</span> <span class='ocrx_word' id='word_1_139' title='bbox 1114 1913 1165 1968; x_wconf 91' lang='lat' dir='ltr'>est</span> <span class='ocrx_word' id='word_1_140' title='bbox 1181 1903 1340 1969; x_wconf 92' lang='lat' dir='ltr'>iudicium</span> <span class='ocrx_word' id='word_1_141' title='bbox 1353 1906 1596 1990; x_wconf 81' lang='lat' dir='ltr'>conscriptum?</span> 
     </span>
     <span class='ocr_line' id='line_1_15' title="bbox 205 1997 1595 2093; baseline 0.001 -18"><span class='ocrx_word' id='word_1_142' title='bbox 205 1997 208 2004; x_wconf 69' lang='grc'><strong>’</strong></span> <span class='ocrx_word' id='word_1_143' title='bbox 244 2011 294 2076; x_wconf 94' lang='lat' dir='ltr'>Ut</span> <span class='ocrx_word' id='word_1_144' title='bbox 309 2010 366 2093; x_wconf 92' lang='lat' dir='ltr'>qui</span> <span class='ocrx_word' id='word_1_145' title='bbox 383 2009 526 2092; x_wconf 91' lang='lat' dir='ltr'>primum</span> <span class='ocrx_word' id='word_1_146' title='bbox 558 2014 762 2090; x_wconf 85' lang='lat' dir='ltr'>negaverant</span> <span class='ocrx_word' id='word_1_147' title='bbox 778 2004 899 2082; x_wconf 88' lang='lat' dir='ltr'>Deum,</span> <span class='ocrx_word' id='word_1_148' title='bbox 915 2015 1121 2070; x_wconf 89' lang='lat' dir='ltr'>revertantur</span> <span class='ocrx_word' id='word_1_149' title='bbox 1136 2017 1253 2090; x_wconf 87' lang='lat' dir='ltr'>postea</span> <span class='ocrx_word' id='word_1_150' title='bbox 1269 2029 1328 2091; x_wconf 89' lang='lat' dir='ltr'>per</span> <span class='ocrx_word' id='word_1_151' title='bbox 1344 2010 1595 2092; x_wconf 87' lang='lat' dir='ltr'>paenitentiam.</span> 
     </span>
     <span class='ocr_line' id='line_1_16' title="bbox 198 2109 1596 2196; baseline 0.003 -21"><span class='ocrx_word' id='word_1_152' title='bbox 198 2137 225 2190; x_wconf 77' lang='grc' dir='ltr'>ις</span> <span class='ocrx_word' id='word_1_153' title='bbox 245 2115 409 2180; x_wconf 90' lang='lat' dir='ltr'>Iudicium</span> <span class='ocrx_word' id='word_1_154' title='bbox 433 2112 681 2194; x_wconf 90' lang='lat' dir='ltr'>conscriptum:</span> <span class='ocrx_word' id='word_1_155' title='bbox 698 2117 735 2173; x_wconf 92' lang='lat' dir='ltr'>ut</span> <span class='ocrx_word' id='word_1_156' title='bbox 750 2109 900 2196; x_wconf 89' lang='lat' dir='ltr'>captivos</span> <span class='ocrx_word' id='word_1_157' title='bbox 928 2129 1005 2175; x_wconf 90' lang='lat' dir='ltr'>suos</span> <span class='ocrx_word' id='word_1_158' title='bbox 1030 2110 1172 2189; x_wconf 91' lang='lat' dir='ltr'>solvant,</span> <span class='ocrx_word' id='word_1_159' title='bbox 1187 2121 1224 2176; x_wconf 89' lang='lat' dir='ltr'>ut</span> <span class='ocrx_word' id='word_1_160' title='bbox 1239 2132 1325 2196; x_wconf 93' lang='lat' dir='ltr'>quos</span> <span class='ocrx_word' id='word_1_161' title='bbox 1348 2113 1542 2196; x_wconf 87' lang='lat' dir='ltr'>ligaverant,</span> <span class='ocrx_word' id='word_1_162' title='bbox 1559 2125 1596 2180; x_wconf 88' lang='lat' dir='ltr'>ut</span> 
     </span>
     <span class='ocr_line' id='line_1_17' title="bbox 242 2214 1597 2302; baseline -0.001 -18"><span class='ocrx_word' id='word_1_163' title='bbox 242 2238 328 2302; x_wconf 91' lang='lat' dir='ltr'>quos</span> <span class='ocrx_word' id='word_1_164' title='bbox 353 2217 484 2282; x_wconf 87' lang='lat' dir='ltr'>vinctos</span> <span class='ocrx_word' id='word_1_165' title='bbox 514 2216 556 2280; x_wconf 92' lang='lat' dir='ltr'>de</span> <span class='ocrx_word' id='word_1_166' title='bbox 588 2215 726 2280; x_wconf 88' lang='lat' dir='ltr'>ecclesia</span> <span class='ocrx_word' id='word_1_167' title='bbox 756 2214 933 2290; x_wconf 86' lang='lat' dir='ltr'>duxerant,</span> <span class='ocrx_word' id='word_1_168' title='bbox 960 2215 992 2276; x_wconf 93' lang='lat' dir='ltr'>in</span> <span class='ocrx_word' id='word_1_169' title='bbox 1019 2214 1158 2278; x_wconf 90' lang='lat' dir='ltr'>ecclesia</span> <span class='ocrx_word' id='word_1_170' title='bbox 1182 2224 1300 2298; x_wconf 88' lang='lat' dir='ltr'>postea</span> <span class='ocrx_word' id='word_1_171' title='bbox 1327 2217 1520 2282; x_wconf 91' lang='lat' dir='ltr'>dissolvant.</span> <span class='ocrx_word' id='word_1_172' title='bbox 1547 2219 1597 2284; x_wconf 92' lang='lat' dir='ltr'>Ut</span> 
     </span>
     <span class='ocr_line' id='line_1_18' title="bbox 243 2318 1597 2404; baseline -0.001 -15"><span class='ocrx_word' id='word_1_173' title='bbox 243 2324 369 2389; x_wconf 85' lang='lat' dir='ltr'>iaciunt</span> <span class='ocrx_word' id='word_1_174' title='bbox 396 2322 430 2386; x_wconf 86' lang='lat' dir='ltr'>in</span> <span class='ocrx_word' id='word_1_175' title='bbox 455 2321 503 2384; x_wconf 91' lang='lat' dir='ltr'>eis</span> <span class='ocrx_word' id='word_1_176' title='bbox 530 2319 689 2384; x_wconf 86' lang='lat' dir='ltr'>iudicium</span> <span class='ocrx_word' id='word_1_177' title='bbox 717 2318 953 2401; x_wconf 88' lang='lat' dir='ltr'>conscriptum.</span> <span class='ocrx_word' id='word_1_178' title='bbox 969 2318 1091 2382; x_wconf 88' lang='lat' dir='ltr'>Verbis</span> <span class='ocrx_word' id='word_1_179' title='bbox 1118 2319 1375 2402; x_wconf 89' lang='lat' dir='ltr'>simplicioribus</span> <span class='ocrx_word' id='word_1_180' title='bbox 1403 2322 1529 2404; x_wconf 92' lang='lat' dir='ltr'>loquor.</span> <span class='ocrx_word' id='word_1_181' title='bbox 1547 2323 1597 2388; x_wconf 91' lang='lat' dir='ltr'>Ut</span> 
     </span>
     <span class='ocr_line' id='line_1_19' title="bbox 242 2422 1597 2509; baseline -0.001 -17"><span class='ocrx_word' id='word_1_182' title='bbox 242 2428 366 2493; x_wconf 84' lang='lat' dir='ltr'>iaciant</span> <span class='ocrx_word' id='word_1_183' title='bbox 382 2428 415 2491; x_wconf 89' lang='lat' dir='ltr'>in</span> <span class='ocrx_word' id='word_1_184' title='bbox 431 2427 479 2491; x_wconf 89' lang='lat' dir='ltr'>eis</span> <span class='ocrx_word' id='word_1_185' title='bbox 495 2425 653 2490; x_wconf 91' lang='lat' dir='ltr'>iudicium</span> <span class='ocrx_word' id='word_1_186' title='bbox 667 2422 913 2505; x_wconf 89' lang='lat' dir='ltr'>conscriptum:</span> <span class='ocrx_word' id='word_1_187' title='bbox 930 2422 992 2485; x_wconf 93' lang='lat' dir='ltr'>hoc</span> <span class='ocrx_word' id='word_1_188' title='bbox 1009 2432 1069 2499; x_wconf 87' lang='lat' dir='ltr'>est,</span> <span class='ocrx_word' id='word_1_189' title='bbox 1079 2432 1116 2487; x_wconf 90' lang='lat' dir='ltr'>ut</span> <span class='ocrx_word' id='word_1_190' title='bbox 1132 2424 1178 2488; x_wconf 91' lang='lat' dir='ltr'>sic</span> <span class='ocrx_word' id='word_1_191' title='bbox 1188 2443 1245 2487; x_wconf 88' lang='lat' dir='ltr'>eos</span> <span class='ocrx_word' id='word_1_192' title='bbox 1256 2424 1413 2501; x_wconf 88' lang='lat' dir='ltr'>iudicent,</span> <span class='ocrx_word' id='word_1_193' title='bbox 1424 2426 1597 2509; x_wconf 88' lang='lat' dir='ltr'>quomodo</span> 
     </span>
     <span class='ocr_line' id='line_1_20' title="bbox 242 2525 1598 2614; baseline 0 -19"><span class='ocrx_word' id='word_1_194' title='bbox 242 2532 275 2595; x_wconf 90' lang='lat' dir='ltr'>in</span> <span class='ocrx_word' id='word_1_195' title='bbox 291 2531 461 2614; x_wconf 89' lang='lat' dir='ltr'>scripturis</span> <span class='ocrx_word' id='word_1_196' title='bbox 472 2527 596 2594; x_wconf 89' lang='lat' dir='ltr'>sanctis</span> <span class='ocrx_word' id='word_1_197' title='bbox 608 2529 777 2611; x_wconf 86' lang='lat' dir='ltr'>digestum</span> <span class='ocrx_word' id='word_1_198' title='bbox 790 2536 849 2590; x_wconf 90' lang='lat' dir='ltr'>est.</span> <span class='ocrx_word' id='word_1_199' title='bbox 863 2525 978 2591; x_wconf 86' lang='lat' dir='ltr'>Gloria</span> <span class='ocrx_word' id='word_1_200' title='bbox 986 2525 1063 2589; x_wconf 77' lang='lat' dir='ltr'>haec</span> <span class='ocrx_word' id='word_1_201' title='bbox 1074 2535 1122 2589; x_wconf 83' lang='lat' dir='ltr'>est</span> <span class='ocrx_word' id='word_1_202' title='bbox 1132 2528 1281 2592; x_wconf 83' lang='lat' dir='ltr'>omnibus</span> <span class='ocrx_word' id='word_1_203' title='bbox 1288 2530 1412 2593; x_wconf 87' lang='lat' dir='ltr'>sanctis</span> <span class='ocrx_word' id='word_1_204' title='bbox 1422 2531 1498 2595; x_wconf 87' lang='lat' dir='ltr'>eius.</span> <span class='ocrx_word' id='word_1_205' title='bbox 1509 2532 1598 2595; x_wconf 88' lang='lat' dir='ltr'>Vere</span> 
     </span>
     <span class='ocr_line' id='line_1_21' title="bbox 192 2631 1597 2718; baseline 0.001 -22"><span class='ocrx_word' id='word_1_206' title='bbox 192 2660 224 2696; x_wconf 76' lang='grc' dir='ltr'>ιο</span> <span class='ocrx_word' id='word_1_207' title='bbox 241 2656 308 2700; x_wconf 90' lang='lat' dir='ltr'>non</span> <span class='ocrx_word' id='word_1_208' title='bbox 326 2635 430 2718; x_wconf 88' lang='lat' dir='ltr'>gloria</span> <span class='ocrx_word' id='word_1_209' title='bbox 447 2645 507 2712; x_wconf 87' lang='lat' dir='ltr'>est,</span> <span class='ocrx_word' id='word_1_210' title='bbox 523 2633 579 2697; x_wconf 92' lang='lat' dir='ltr'>ubi</span> <span class='ocrx_word' id='word_1_211' title='bbox 606 2644 656 2696; x_wconf 89' lang='lat' dir='ltr'>est</span> <span class='ocrx_word' id='word_1_212' title='bbox 673 2651 801 2707; x_wconf 91' lang='lat' dir='ltr'>aurum,</span> <span class='ocrx_word' id='word_1_213' title='bbox 816 2631 871 2694; x_wconf 92' lang='lat' dir='ltr'>ubi</span> <span class='ocrx_word' id='word_1_214' title='bbox 889 2639 938 2693; x_wconf 90' lang='lat' dir='ltr'>est</span> <span class='ocrx_word' id='word_1_215' title='bbox 955 2639 1140 2712; x_wconf 89' lang='lat' dir='ltr'>argentum,</span> <span class='ocrx_word' id='word_1_216' title='bbox 1158 2633 1213 2695; x_wconf 91' lang='lat' dir='ltr'>ubi</span> <span class='ocrx_word' id='word_1_217' title='bbox 1230 2652 1393 2714; x_wconf 91' lang='lat' dir='ltr'>gemmae,</span> <span class='ocrx_word' id='word_1_218' title='bbox 1410 2635 1465 2698; x_wconf 92' lang='lat' dir='ltr'>ubi</span> <span class='ocrx_word' id='word_1_219' title='bbox 1487 2645 1597 2699; x_wconf 85' lang='lat' dir='ltr'>vestes</span> 
     </span>
     <span class='ocr_line' id='line_1_22' title="bbox 240 2733 1596 2825; baseline -0.001 -20"><span class='ocrx_word' id='word_1_220' title='bbox 240 2743 365 2806; x_wconf 86' lang='lat' dir='ltr'>siricae.</span> <span class='ocrx_word' id='word_1_221' title='bbox 383 2740 596 2825; x_wconf 87' lang='lat' dir='ltr'>Quicumque</span> <span class='ocrx_word' id='word_1_222' title='bbox 611 2735 714 2801; x_wconf 89' lang='lat' dir='ltr'>habet</span> <span class='ocrx_word' id='word_1_223' title='bbox 743 2734 823 2798; x_wconf 92' lang='lat' dir='ltr'>istos</span> <span class='ocrx_word' id='word_1_224' title='bbox 849 2733 989 2815; x_wconf 89' lang='lat' dir='ltr'>gladios,</span> <span class='ocrx_word' id='word_1_225' title='bbox 1004 2734 1085 2813; x_wconf 89' lang='lat' dir='ltr'>quid</span> <span class='ocrx_word' id='word_1_226' title='bbox 1111 2735 1213 2799; x_wconf 88' lang='lat' dir='ltr'>habet</span> <span class='ocrx_word' id='word_1_227' title='bbox 1239 2736 1329 2800; x_wconf 89' lang='lat' dir='ltr'>aliud</span> <span class='ocrx_word' id='word_1_228' title='bbox 1347 2739 1596 2803; x_wconf 85' lang='lat' dir='ltr'>necessarium?</span> 
     </span>
     <span class='ocr_line' id='line_1_23' title="bbox 240 2836 1597 2928; baseline -0.002 -18"><span class='ocrx_word' id='word_1_229' title='bbox 240 2845 328 2910; x_wconf 89' lang='lat' dir='ltr'>Vide</span> <span class='ocrx_word' id='word_1_230' title='bbox 338 2847 419 2928; x_wconf 91' lang='lat' dir='ltr'>quid</span> <span class='ocrx_word' id='word_1_231' title='bbox 431 2845 530 2920; x_wconf 88' lang='lat' dir='ltr'>dicat,</span> <span class='ocrx_word' id='word_1_232' title='bbox 544 2840 657 2906; x_wconf 91' lang='lat' dir='ltr'>Gloria</span> <span class='ocrx_word' id='word_1_233' title='bbox 670 2840 752 2903; x_wconf 88' lang='lat' dir='ltr'>haec</span> <span class='ocrx_word' id='word_1_234' title='bbox 766 2847 816 2902; x_wconf 89' lang='lat' dir='ltr'>est</span> <span class='ocrx_word' id='word_1_235' title='bbox 825 2836 981 2901; x_wconf 88' lang='lat' dir='ltr'>omnibus</span> <span class='ocrx_word' id='word_1_236' title='bbox 991 2839 1115 2901; x_wconf 90' lang='lat' dir='ltr'>sanctis</span> <span class='ocrx_word' id='word_1_237' title='bbox 1126 2839 1203 2903; x_wconf 91' lang='lat' dir='ltr'>eius.</span> <span class='ocrx_word' id='word_1_238' title='bbox 1217 2841 1388 2922; x_wconf 85' lang='lat' dir='ltr'>Rogemus</span> <span class='ocrx_word' id='word_1_239' title='bbox 1400 2842 1597 2920; x_wconf 90' lang='lat' dir='ltr'>Dominum,</span> 
     </span>
     <span class='ocr_line' id='line_1_24' title="bbox 241 2941 1593 3029; baseline -0.003 -15"><span class='ocrx_word' id='word_1_240' title='bbox 241 2959 278 3015; x_wconf 93' lang='lat' dir='ltr'>ut</span> <span class='ocrx_word' id='word_1_241' title='bbox 294 2949 380 3013; x_wconf 87' lang='lat' dir='ltr'>hanc</span> <span class='ocrx_word' id='word_1_242' title='bbox 396 2947 580 3012; x_wconf 90' lang='lat' dir='ltr'>habeamus</span> <span class='ocrx_word' id='word_1_243' title='bbox 596 2944 735 3027; x_wconf 88' lang='lat' dir='ltr'>gloriam</span> <span class='ocrx_word' id='word_1_244' title='bbox 750 2953 803 3006; x_wconf 90' lang='lat' dir='ltr'>:ut</span> <span class='ocrx_word' id='word_1_245' title='bbox 814 2941 963 3025; x_wconf 88' lang='lat' dir='ltr'>gladium</span> <span class='ocrx_word' id='word_1_246' title='bbox 977 2941 1019 3004; x_wconf 88' lang='lat' dir='ltr'>de</span> <span class='ocrx_word' id='word_1_247' title='bbox 1030 2963 1086 3004; x_wconf 90' lang='lat' dir='ltr'>ore</span> <span class='ocrx_word' id='word_1_248' title='bbox 1099 2944 1202 3006; x_wconf 90' lang='lat' dir='ltr'>nostri</span> <span class='ocrx_word' id='word_1_249' title='bbox 1221 2944 1404 3010; x_wconf 89' lang='lat' dir='ltr'>Salvatoris</span> <span class='ocrx_word' id='word_1_250' title='bbox 1420 2948 1593 3029; x_wconf 86' lang='lat' dir='ltr'>egrediens</span> 
     </span>
     <span class='ocr_line' id='line_1_25' title="bbox 240 3045 1597 3129; baseline 0 -12"><span class='ocrx_word' id='word_1_251' title='bbox 240 3061 347 3118; x_wconf 86' lang='lat' dir='ltr'>armet</span> <span class='ocrx_word' id='word_1_252' title='bbox 363 3061 494 3116; x_wconf 89' lang='lat' dir='ltr'>nostras</span> <span class='ocrx_word' id='word_1_253' title='bbox 512 3069 639 3125; x_wconf 90' lang='lat' dir='ltr'>manus,</span> <span class='ocrx_word' id='word_1_254' title='bbox 662 3057 694 3112; x_wconf 90' lang='lat' dir='ltr'>et</span> <span class='ocrx_word' id='word_1_255' title='bbox 722 3047 889 3129; x_wconf 89' lang='lat' dir='ltr'>possimus</span> <span class='ocrx_word' id='word_1_256' title='bbox 916 3045 1047 3109; x_wconf 90' lang='lat' dir='ltr'>dicere:</span> <span class='ocrx_word' id='word_1_257' title='bbox 1064 3050 1070 3076; x_wconf 83' lang='lat'>⁸</span> <span class='ocrx_word' id='word_1_258' title='bbox 1088 3046 1289 3112; x_wconf 87' lang='lat' dir='ltr'>Benedictus</span> <span class='ocrx_word' id='word_1_259' title='bbox 1308 3051 1474 3116; x_wconf 90' lang='lat' dir='ltr'>Dominus</span> <span class='ocrx_word' id='word_1_260' title='bbox 1504 3053 1597 3117; x_wconf 89' lang='lat' dir='ltr'>Deus</span> 
     </span>
     <span class='ocr_line' id='line_1_26' title="bbox 190 3146 1595 3241; baseline 0.001 -23"><span class='ocrx_word' id='word_1_261' title='bbox 190 3177 222 3234; x_wconf 84' lang='lat'>²5</span> <span class='ocrx_word' id='word_1_262' title='bbox 241 3178 343 3236; x_wconf 89' lang='lat' dir='ltr'>meus,</span> <span class='ocrx_word' id='word_1_263' title='bbox 358 3157 414 3241; x_wconf 91' lang='lat' dir='ltr'>qui</span> <span class='ocrx_word' id='word_1_264' title='bbox 431 3155 530 3220; x_wconf 88' lang='lat' dir='ltr'>docet</span> <span class='ocrx_word' id='word_1_265' title='bbox 547 3172 666 3217; x_wconf 89' lang='lat' dir='ltr'>manus</span> <span class='ocrx_word' id='word_1_266' title='bbox 682 3171 772 3214; x_wconf 90' lang='lat' dir='ltr'>meas</span> <span class='ocrx_word' id='word_1_267' title='bbox 799 3150 841 3213; x_wconf 92' lang='lat' dir='ltr'>ad</span> <span class='ocrx_word' id='word_1_268' title='bbox 871 3146 1043 3230; x_wconf 89' lang='lat' dir='ltr'>proelium,</span> <span class='ocrx_word' id='word_1_269' title='bbox 1059 3159 1091 3212; x_wconf 88' lang='lat' dir='ltr'>et</span> <span class='ocrx_word' id='word_1_270' title='bbox 1116 3151 1239 3232; x_wconf 89' lang='lat' dir='ltr'>digitos</span> <span class='ocrx_word' id='word_1_271' title='bbox 1268 3173 1361 3217; x_wconf 88' lang='lat' dir='ltr'>meos</span> <span class='ocrx_word' id='word_1_272' title='bbox 1377 3155 1419 3218; x_wconf 91' lang='lat' dir='ltr'>ad</span> <span class='ocrx_word' id='word_1_273' title='bbox 1436 3155 1561 3219; x_wconf 90' lang='lat' dir='ltr'>bellum</span> <span class='ocrx_word' id='word_1_274' title='bbox 1578 3155 1595 3221; x_wconf 89' lang='lat'>’.</span> 
     </span>
     <span class='ocr_line' id='line_1_27' title="bbox 241 3251 1595 3346; baseline -0.001 -21"><span class='ocrx_word' id='word_1_275' title='bbox 241 3261 307 3346; x_wconf 85' lang='lat' dir='ltr'>Qui</span> <span class='ocrx_word' id='word_1_276' title='bbox 323 3261 408 3324; x_wconf 89' lang='lat' dir='ltr'>banc</span> <span class='ocrx_word' id='word_1_277' title='bbox 425 3260 640 3342; x_wconf 90' lang='lat' dir='ltr'>romphaeam</span> <span class='ocrx_word' id='word_1_278' title='bbox 669 3255 781 3330; x_wconf 87' lang='lat' dir='ltr'>habet,</span> <span class='ocrx_word' id='word_1_279' title='bbox 795 3251 917 3316; x_wconf 90' lang='lat' dir='ltr'>saeculi</span> <span class='ocrx_word' id='word_1_280' title='bbox 943 3251 1092 3333; x_wconf 90' lang='lat' dir='ltr'>gladium</span> <span class='ocrx_word' id='word_1_281' title='bbox 1110 3273 1176 3317; x_wconf 91' lang='lat' dir='ltr'>non</span> <span class='ocrx_word' id='word_1_282' title='bbox 1203 3256 1307 3321; x_wconf 91' lang='lat' dir='ltr'>timet.</span> <span class='ocrx_word' id='word_1_283' title='bbox 1325 3257 1391 3342; x_wconf 85' lang='lat' dir='ltr'>Qui</span> <span class='ocrx_word' id='word_1_284' title='bbox 1408 3259 1508 3323; x_wconf 91' lang='lat' dir='ltr'>istum</span> <span class='ocrx_word' id='word_1_285' title='bbox 1525 3259 1595 3343; x_wconf 88' lang='lat' dir='ltr'>gla-</span> 
     </span>
     <span class='ocr_line' id='line_1_28' title="bbox 238 3355 1595 3445; baseline -0.001 -16"><span class='ocrx_word' id='word_1_286' title='bbox 238 3366 332 3429; x_wconf 90' lang='lat' dir='ltr'>dium</span> <span class='ocrx_word' id='word_1_287' title='bbox 343 3363 453 3440; x_wconf 90' lang='lat' dir='ltr'>babet,</span> <span class='ocrx_word' id='word_1_288' title='bbox 466 3360 588 3426; x_wconf 90' lang='lat' dir='ltr'>saeculi</span> <span class='ocrx_word' id='word_1_289' title='bbox 600 3359 749 3444; x_wconf 87' lang='lat' dir='ltr'>gladium</span> <span class='ocrx_word' id='word_1_290' title='bbox 762 3377 828 3422; x_wconf 91' lang='lat' dir='ltr'>non</span> <span class='ocrx_word' id='word_1_291' title='bbox 840 3357 945 3420; x_wconf 90' lang='lat' dir='ltr'>timet.</span> <span class='ocrx_word' id='word_1_292' title='bbox 956 3355 1042 3418; x_wconf 87' lang='lat' dir='ltr'>Rem</span> <span class='ocrx_word' id='word_1_293' title='bbox 1053 3356 1148 3420; x_wconf 88' lang='lat' dir='ltr'>vobis</span> <span class='ocrx_word' id='word_1_294' title='bbox 1158 3359 1235 3422; x_wconf 91' lang='lat' dir='ltr'>dico</span> <span class='ocrx_word' id='word_1_295' title='bbox 1246 3381 1377 3425; x_wconf 91' lang='lat' dir='ltr'>novam.</span> <span class='ocrx_word' id='word_1_296' title='bbox 1390 3362 1595 3445; x_wconf 89' lang='lat' dir='ltr'>Frequenter</span> 
     </span>
     <span class='ocr_line' id='line_1_29' title="bbox 239 3458 1593 3552; baseline -0.001 -20"><span class='ocrx_word' id='word_1_297' title='bbox 239 3467 388 3552; x_wconf 87' lang='lat' dir='ltr'>gladium</span> <span class='ocrx_word' id='word_1_298' title='bbox 419 3465 543 3531; x_wconf 90' lang='lat' dir='ltr'>sacculi</span> <span class='ocrx_word' id='word_1_299' title='bbox 571 3465 666 3528; x_wconf 89' lang='lat' dir='ltr'>istius</span> <span class='ocrx_word' id='word_1_300' title='bbox 693 3461 848 3527; x_wconf 88' lang='lat' dir='ltr'>concedit</span> <span class='ocrx_word' id='word_1_301' title='bbox 875 3459 968 3523; x_wconf 92' lang='lat' dir='ltr'>illum</span> <span class='ocrx_word' id='word_1_302' title='bbox 995 3458 1168 3541; x_wconf 88' lang='lat' dir='ltr'>gladium:</span> <span class='ocrx_word' id='word_1_303' title='bbox 1196 3461 1385 3546; x_wconf 84' lang='lat' dir='ltr'>frequenter</span> <span class='ocrx_word' id='word_1_304' title='bbox 1413 3468 1523 3530; x_wconf 88' lang='lat' dir='ltr'>evenit</span> <span class='ocrx_word' id='word_1_305' title='bbox 1556 3476 1593 3532; x_wconf 92' lang='lat' dir='ltr'>ut</span> 
     </span>
     <span class='ocr_line' id='line_1_30' title="bbox 239 3563 1594 3654; baseline -0.001 -18"><span class='ocrx_word' id='word_1_306' title='bbox 239 3572 362 3638; x_wconf 89' lang='lat' dir='ltr'>saeculi</span> <span class='ocrx_word' id='word_1_307' title='bbox 378 3571 511 3654; x_wconf 86' lang='lat' dir='ltr'>gladius</span> <span class='ocrx_word' id='word_1_308' title='bbox 534 3566 753 3634; x_wconf 89' lang='lat' dir='ltr'>donet&#39;nobis</span> <span class='ocrx_word' id='word_1_309' title='bbox 779 3565 872 3629; x_wconf 91' lang='lat' dir='ltr'>illum</span> <span class='ocrx_word' id='word_1_310' title='bbox 898 3563 1057 3646; x_wconf 88' lang='lat' dir='ltr'>gladium.</span> <span class='ocrx_word' id='word_1_311' title='bbox 1075 3565 1111 3630; x_wconf 89' lang='lat' dir='ltr'>Si</span> <span class='ocrx_word' id='word_1_312' title='bbox 1137 3568 1225 3632; x_wconf 90' lang='lat' dir='ltr'>enirn</span> <span class='ocrx_word' id='word_1_313' title='bbox 1242 3569 1344 3634; x_wconf 90' lang='lat' dir='ltr'>istum</span> <span class='ocrx_word' id='word_1_314' title='bbox 1361 3591 1428 3636; x_wconf 92' lang='lat' dir='ltr'>non</span> <span class='ocrx_word' id='word_1_315' title='bbox 1444 3572 1594 3636; x_wconf 90' lang='lat' dir='ltr'>timueri-</span> 
     </span>
    </p>
   </div>
   <div class='ocr_carea' id='block_1_3' title="bbox 227 3766 1597 4579">
    <p class='ocr_par' dir='ltr' id='par_1_3' title="bbox 227 3766 1597 4579">
     <span class='ocr_line' id='line_1_31' title="bbox 273 3766 1594 3841; baseline -0.002 -15"><span class='ocrx_word' id='word_1_316' title='bbox 273 3790 282 3826; x_wconf 86' lang='grc' dir='ltr'>ι</span> <span class='ocrx_word' id='word_1_317' title='bbox 296 3775 430 3841; x_wconf 74' lang='lat' dir='ltr'>decipiam]</span> <span class='ocrx_word' id='word_1_318' title='bbox 441 3775 577 3838; x_wconf 59' lang='lat' dir='ltr'>deciperent</span> <span class='ocrx_word' id='word_1_319' title='bbox 590 3769 614 3838; x_wconf 80' lang='grc' dir='ltr'>β.</span> <span class='ocrx_word' id='word_1_320' title='bbox 716 3783 730 3818; x_wconf 87' lang='lat'>2</span> <span class='ocrx_word' id='word_1_321' title='bbox 741 3766 906 3831; x_wconf 63' lang='lat' dir='ltr'>conligemur]</span> <span class='ocrx_word' id='word_1_322' title='bbox 926 3769 1132 3830; x_wconf 58' lang='lat' dir='ltr'>conliguntur&amp;</span> <span class='ocrx_word' id='word_1_323' title='bbox 1152 3770 1292 3834; x_wconf 67' lang='lat' dir='ltr'>alligemur</span> <span class='ocrx_word' id='word_1_324' title='bbox 1303 3773 1332 3822; x_wconf 92' lang='lat' dir='ltr'>C.</span> <span class='ocrx_word' id='word_1_325' title='bbox 1434 3787 1448 3836; x_wconf 85' lang='lat'>3</span> <span class='ocrx_word' id='word_1_326' title='bbox 1461 3774 1525 3836; x_wconf 85' lang='lat' dir='ltr'>illos]</span> <span class='ocrx_word' id='word_1_327' title='bbox 1537 3775 1594 3833; x_wconf 88' lang='lat' dir='ltr'>CS;</span> 
     </span>
     <span class='ocr_line' id='line_1_32' title="bbox 236 3849 1592 3925; baseline -0.004 -17"><span class='ocrx_word' id='word_1_328' title='bbox 236 3875 286 3910; x_wconf 90' lang='lat' dir='ltr'>om.</span> <span class='ocrx_word' id='word_1_329' title='bbox 302 3855 326 3925; x_wconf 99' lang='grc' dir='ltr'><strong>β</strong></span> <span class='ocrx_word' id='word_1_330' title='bbox 404 3854 513 3917; x_wconf 84' lang='lat' dir='ltr'>illc]illa</span> <span class='ocrx_word' id='word_1_331' title='bbox 526 3855 552 3904; x_wconf 93' lang='lat' dir='ltr'>S.</span> <span class='ocrx_word' id='word_1_332' title='bbox 631 3852 724 3912; x_wconf 83' lang='lat' dir='ltr'>4ciril]</span> <span class='ocrx_word' id='word_1_333' title='bbox 735 3853 805 3901; x_wconf 77' lang='lat' dir='ltr'>eiecit</span> <span class='ocrx_word' id='word_1_334' title='bbox 816 3854 842 3901; x_wconf 86' lang='lat' dir='ltr'>S.</span> <span class='ocrx_word' id='word_1_335' title='bbox 927 3851 974 3915; x_wconf 80' lang='lat' dir='ltr'>qui</span> <span class='ocrx_word' id='word_1_336' title='bbox 985 3849 1083 3911; x_wconf 60' lang='lat' dir='ltr'>habnt]</span> <span class='ocrx_word' id='word_1_337' title='bbox 1095 3851 1243 3917; x_wconf 83' lang='lat' dir='ltr'>CIS;quia</span> <span class='ocrx_word' id='word_1_338' title='bbox 1255 3854 1279 3903; x_wconf 86' lang='grc' dir='ltr'>Ιι.</span> <span class='ocrx_word' id='word_1_339' title='bbox 1296 3853 1319 3922; x_wconf 82' lang='grc' dir='ltr'>β.</span> <span class='ocrx_word' id='word_1_340' title='bbox 1408 3869 1437 3904; x_wconf 85' lang='grc' dir='ltr'>ιο</span> <span class='ocrx_word' id='word_1_341' title='bbox 1448 3857 1487 3918; x_wconf 79' lang='lat' dir='ltr'>ut]</span> <span class='ocrx_word' id='word_1_342' title='bbox 1499 3872 1549 3908; x_wconf 85' lang='lat' dir='ltr'>orn.</span> <span class='ocrx_word' id='word_1_343' title='bbox 1562 3857 1592 3906; x_wconf 89' lang='lat' dir='ltr'>C.</span> 
     </span>
     <span class='ocr_line' id='line_1_33' title="bbox 239 3933 1597 4006; baseline -0.006 -16"><span class='ocrx_word' id='word_1_344' title='bbox 239 3953 264 3990; x_wconf 85' lang='lat' dir='ltr'>tt</span> <span class='ocrx_word' id='word_1_345' title='bbox 279 3937 548 4006; x_wconf 63' lang='lat' dir='ltr'>Fum&#39;culudssinser.</span> <span class='ocrx_word' id='word_1_346' title='bbox 561 3937 637 3986; x_wconf 80' lang='lat' dir='ltr'>mim.</span> <span class='ocrx_word' id='word_1_347' title='bbox 736 3933 992 3997; x_wconf 81' lang='lat' dir='ltr'>non]Sadd.sacile.</span> <span class='ocrx_word' id='word_1_348' title='bbox 1088 3935 1228 3998; x_wconf 79' lang='lat' dir='ltr'>rumpitur]</span> <span class='ocrx_word' id='word_1_349' title='bbox 1240 3944 1372 4001; x_wconf 79' lang='lat' dir='ltr'>mnrpetur</span> <span class='ocrx_word' id='word_1_350' title='bbox 1383 3937 1409 3988; x_wconf 90' lang='lat' dir='ltr'>S.</span> <span class='ocrx_word' id='word_1_351' title='bbox 1513 3950 1542 3998; x_wconf 86' lang='lat'>14</span> <span class='ocrx_word' id='word_1_352' title='bbox 1548 3947 1597 4002; x_wconf 71' lang='lat' dir='ltr'>per</span> 
     </span>
     <span class='ocr_line' id='line_1_34' title="bbox 231 4014 1595 4088; baseline -0.002 -15"><span class='ocrx_word' id='word_1_353' title='bbox 231 4020 340 4088; x_wconf 68' lang='lat' dir='ltr'>pataria]</span> <span class='ocrx_word' id='word_1_354' title='bbox 352 4023 363 4072; x_wconf 96' lang='lat'>1</span> <span class='ocrx_word' id='word_1_355' title='bbox 375 4027 445 4086; x_wconf 78' lang='lat' dir='ltr'>3post</span> <span class='ocrx_word' id='word_1_356' title='bbox 450 4028 478 4085; x_wconf 84' lang='lat' dir='ltr'>p.</span> <span class='ocrx_word' id='word_1_357' title='bbox 493 4020 534 4070; x_wconf 90' lang='lat' dir='ltr'>CS</span> <span class='ocrx_word' id='word_1_358' title='bbox 545 4037 552 4078; x_wconf 87' lang='lat'><strong>;</strong></span> <span class='ocrx_word' id='word_1_359' title='bbox 564 4019 630 4082; x_wconf 72' lang='lat' dir='ltr'>adp.</span> <span class='ocrx_word' id='word_1_360' title='bbox 646 4017 670 4084; x_wconf 82' lang='grc' dir='ltr'>β,</span> <span class='ocrx_word' id='word_1_361' title='bbox 767 4026 794 4079; x_wconf 83' lang='lat'>15</span> <span class='ocrx_word' id='word_1_362' title='bbox 806 4015 914 4075; x_wconf 78' lang='lat' dir='ltr'>solvant]</span> <span class='ocrx_word' id='word_1_363' title='bbox 925 4015 1022 4062; x_wconf 77' lang='lat' dir='ltr'>salvent</span> <span class='ocrx_word' id='word_1_364' title='bbox 1033 4014 1099 4064; x_wconf 91' lang='lat' dir='ltr'>CIS.</span> <span class='ocrx_word' id='word_1_365' title='bbox 1198 4017 1226 4065; x_wconf 85' lang='lat'>16</span> <span class='ocrx_word' id='word_1_366' title='bbox 1237 4015 1340 4077; x_wconf 83' lang='lat' dir='ltr'>vinctos]</span> <span class='ocrx_word' id='word_1_367' title='bbox 1351 4018 1437 4083; x_wconf 87' lang='lat' dir='ltr'>scripsi</span> <span class='ocrx_word' id='word_1_368' title='bbox 1449 4037 1456 4078; x_wconf 92' lang='lat'>;</span> <span class='ocrx_word' id='word_1_369' title='bbox 1468 4020 1575 4070; x_wconf 81' lang='lat' dir='ltr'>victusS</span> <span class='ocrx_word' id='word_1_370' title='bbox 1589 4038 1595 4078; x_wconf 71' lang='grc' dir='ltr'><strong>ς</strong></span> 
     </span>
     <span class='ocr_line' id='line_1_35' title="bbox 234 4095 1595 4172; baseline -0.003 -17"><span class='ocrx_word' id='word_1_371' title='bbox 234 4121 283 4156; x_wconf 89' lang='lat' dir='ltr'>om.</span> <span class='ocrx_word' id='word_1_372' title='bbox 299 4103 363 4172; x_wconf 75' lang='grc' dir='ltr'><strong>βΟΙ.</strong></span> <span class='ocrx_word' id='word_1_373' title='bbox 462 4103 490 4151; x_wconf 83' lang='lat' dir='ltr'>dc</span> <span class='ocrx_word' id='word_1_374' title='bbox 500 4101 608 4162; x_wconf 82' lang='lat' dir='ltr'>ccclesia]</span> <span class='ocrx_word' id='word_1_375' title='bbox 621 4101 662 4150; x_wconf 77' lang='lat' dir='ltr'>As</span> <span class='ocrx_word' id='word_1_376' title='bbox 676 4119 682 4158; x_wconf 88' lang='lat'>;</span> <span class='ocrx_word' id='word_1_377' title='bbox 695 4101 725 4147; x_wconf 85' lang='lat' dir='ltr'>ab</span> <span class='ocrx_word' id='word_1_378' title='bbox 735 4099 831 4147; x_wconf 83' lang='lat' dir='ltr'>ecclesia</span> <span class='ocrx_word' id='word_1_379' title='bbox 845 4095 860 4162; x_wconf 83' lang='grc' dir='ltr'><strong>β</strong></span> <span class='ocrx_word' id='word_1_380' title='bbox 873 4115 879 4156; x_wconf 93' lang='grc'><strong>;</strong></span> <span class='ocrx_word' id='word_1_381' title='bbox 899 4098 934 4144; x_wconf 86' lang='lat' dir='ltr'>ad</span> <span class='ocrx_word' id='word_1_382' title='bbox 942 4098 1063 4146; x_wconf 81' lang='lat' dir='ltr'>ecclesiam</span> <span class='ocrx_word' id='word_1_383' title='bbox 1078 4097 1119 4148; x_wconf 89' lang='lat' dir='ltr'>lC.</span> <span class='ocrx_word' id='word_1_384' title='bbox 1222 4111 1254 4148; x_wconf 88' lang='lat'>20</span> <span class='ocrx_word' id='word_1_385' title='bbox 1265 4115 1314 4148; x_wconf 82' lang='lat' dir='ltr'>rum</span> <span class='ocrx_word' id='word_1_386' title='bbox 1322 4101 1416 4164; x_wconf 78' lang='lat' dir='ltr'>gloria]</span> <span class='ocrx_word' id='word_1_387' title='bbox 1436 4102 1477 4151; x_wconf 90' lang='lat' dir='ltr'>CS</span> <span class='ocrx_word' id='word_1_388' title='bbox 1489 4117 1538 4150; x_wconf 87' lang='lat' dir='ltr'>om.</span> <span class='ocrx_word' id='word_1_389' title='bbox 1554 4117 1595 4160; x_wconf 61' lang='lat' dir='ltr'>ne:</span> 
     </span>
     <span class='ocr_line' id='line_1_36' title="bbox 233 4179 1593 4254; baseline -0.006 -16"><span class='ocrx_word' id='word_1_390' title='bbox 233 4187 368 4254; x_wconf 78' lang='lat' dir='ltr'>gellonem.</span> <span class='ocrx_word' id='word_1_391' title='bbox 469 4196 497 4233; x_wconf 88' lang='lat'>21</span> <span class='ocrx_word' id='word_1_392' title='bbox 513 4189 587 4232; x_wconf 79' lang='lat' dir='ltr'>vestes</span> <span class='ocrx_word' id='word_1_393' title='bbox 598 4182 697 4242; x_wconf 84' lang='lat' dir='ltr'>siricae]</span> <span class='ocrx_word' id='word_1_394' title='bbox 709 4181 768 4238; x_wconf 90' lang='lat' dir='ltr'>CS;</span> <span class='ocrx_word' id='word_1_395' title='bbox 786 4181 929 4228; x_wconf 78' lang='lat' dir='ltr'>vestimenta</span> <span class='ocrx_word' id='word_1_396' title='bbox 941 4187 1002 4227; x_wconf 84' lang='lat' dir='ltr'>sunl</span> <span class='ocrx_word' id='word_1_397' title='bbox 1012 4182 1088 4227; x_wconf 85' lang='lat' dir='ltr'>scrr&#39;ra</span> <span class='ocrx_word' id='word_1_398' title='bbox 1102 4179 1126 4246; x_wconf 77' lang='grc' dir='ltr'>β.</span> <span class='ocrx_word' id='word_1_399' title='bbox 1230 4184 1395 4248; x_wconf 82' lang='lat' dir='ltr'>Quicumque]</span> <span class='ocrx_word' id='word_1_400' title='bbox 1408 4183 1554 4248; x_wconf 80' lang='lat' dir='ltr'>ubicumque</span> <span class='ocrx_word' id='word_1_401' title='bbox 1567 4187 1593 4234; x_wconf 90' lang='lat' dir='ltr'>S.</span> 
     </span>
     <span class='ocr_line' id='line_1_37' title="bbox 233 4260 1597 4334; baseline -0.006 -14"><span class='ocrx_word' id='word_1_402' title='bbox 233 4282 265 4334; x_wconf 85' lang='lat'>23</span> <span class='ocrx_word' id='word_1_403' title='bbox 277 4276 306 4318; x_wconf 83' lang='lat' dir='ltr'>ut</span> <span class='ocrx_word' id='word_1_404' title='bbox 313 4266 441 4333; x_wconf 81' lang='lat' dir='ltr'>gladium]</span> <span class='ocrx_word' id='word_1_405' title='bbox 453 4264 488 4316; x_wconf 89' lang='lat' dir='ltr'>Cl</span> <span class='ocrx_word' id='word_1_406' title='bbox 501 4265 547 4326; x_wconf 87' lang='lat' dir='ltr'>(ita</span> <span class='ocrx_word' id='word_1_407' title='bbox 559 4264 666 4330; x_wconf 87' lang='lat' dir='ltr'>antiqui,</span> <span class='ocrx_word' id='word_1_408' title='bbox 679 4271 742 4313; x_wconf 88' lang='lat' dir='ltr'>teste</span> <span class='ocrx_word' id='word_1_409' title='bbox 755 4263 867 4311; x_wconf 90' lang='lat' dir='ltr'>Varrone</span> <span class='ocrx_word' id='word_1_410' title='bbox 881 4261 887 4284; x_wconf 84' lang='lat'><strong><em>⁴</em></strong></span> <span class='ocrx_word' id='word_1_411' title='bbox 903 4260 941 4309; x_wconf 87' lang='lat' dir='ltr'>De</span> <span class='ocrx_word' id='word_1_412' title='bbox 954 4260 1040 4324; x_wconf 87' lang='lat' dir='ltr'>lingua</span> <span class='ocrx_word' id='word_1_413' title='bbox 1052 4262 1130 4310; x_wconf 84' lang='lat' dir='ltr'>latina</span> <span class='ocrx_word' id='word_1_414' title='bbox 1143 4261 1186 4322; x_wconf 83' lang='lat'>¹8,</span> <span class='ocrx_word' id='word_1_415' title='bbox 1200 4267 1242 4324; x_wconf 75' lang='lat'>49)</span> <span class='ocrx_word' id='word_1_416' title='bbox 1253 4281 1260 4322; x_wconf 87' lang='lat'>;</span> <span class='ocrx_word' id='word_1_417' title='bbox 1272 4271 1302 4313; x_wconf 82' lang='lat' dir='ltr'>ut</span> <span class='ocrx_word' id='word_1_418' title='bbox 1309 4266 1412 4326; x_wconf 79' lang='lat' dir='ltr'>gladius</span> <span class='ocrx_word' id='word_1_419' title='bbox 1425 4264 1449 4331; x_wconf 83' lang='grc' dir='ltr'>β.</span> <span class='ocrx_word' id='word_1_420' title='bbox 1534 4276 1597 4327; x_wconf 74' lang='lat' dir='ltr'>24e1</span> 
     </span>
     <span class='ocr_line' id='line_1_38' title="bbox 227 4342 1595 4418; baseline -0.004 -16"><span class='ocrx_word' id='word_1_421' title='bbox 227 4354 352 4418; x_wconf 77' lang='lat' dir='ltr'>possimus</span> <span class='ocrx_word' id='word_1_422' title='bbox 366 4387 424 4400; x_wconf 90' lang='grc'>......</span> <span class='ocrx_word' id='word_1_423' title='bbox 438 4347 645 4407; x_wconf 62' lang='lat' dir='ltr'>adhelardum.</span> <span class='ocrx_word' id='word_1_424' title='bbox 663 4344 686 4412; x_wconf 82' lang='grc' dir='ltr'>β.</span> <span class='ocrx_word' id='word_1_425' title='bbox 791 4343 821 4392; x_wconf 88' lang='lat'>26</span> <span class='ocrx_word' id='word_1_426' title='bbox 836 4342 977 4404; x_wconf 80' lang='lat' dir='ltr'>Quic&#39;slum</span> <span class='ocrx_word' id='word_1_427' title='bbox 992 4382 1051 4392; x_wconf 89' lang='grc'>......</span> <span class='ocrx_word' id='word_1_428' title='bbox 1066 4360 1115 4392; x_wconf 83' lang='lat' dir='ltr'>non</span> <span class='ocrx_word' id='word_1_429' title='bbox 1127 4345 1207 4406; x_wconf 83' lang='lat' dir='ltr'>timet]</span> <span class='ocrx_word' id='word_1_430' title='bbox 1231 4363 1280 4395; x_wconf 89' lang='lat' dir='ltr'>om.</span> <span class='ocrx_word' id='word_1_431' title='bbox 1297 4346 1321 4413; x_wconf 82' lang='grc' dir='ltr'>β.</span> <span class='ocrx_word' id='word_1_432' title='bbox 1428 4347 1459 4396; x_wconf 86' lang='lat'>28</span> <span class='ocrx_word' id='word_1_433' title='bbox 1466 4349 1595 4410; x_wconf 83' lang='lat' dir='ltr'>gladium]</span> 
     </span>
     <span class='ocr_line' id='line_1_39' title="bbox 232 4425 1596 4497; baseline -0.006 -11"><span class='ocrx_word' id='word_1_434' title='bbox 232 4435 292 4492; x_wconf 88' lang='lat' dir='ltr'>CS;</span> <span class='ocrx_word' id='word_1_435' title='bbox 308 4431 412 4497; x_wconf 77' lang='lat' dir='ltr'>gladius</span> <span class='ocrx_word' id='word_1_436' title='bbox 424 4427 449 4497; x_wconf 92' lang='grc' dir='ltr'><strong>β</strong></span> <span class='ocrx_word' id='word_1_437' title='bbox 550 4429 666 4489; x_wconf 78' lang='lat' dir='ltr'>comedit]</span> <span class='ocrx_word' id='word_1_438' title='bbox 687 4425 719 4495; x_wconf 85' lang='grc' dir='ltr'>β;</span> <span class='ocrx_word' id='word_1_439' title='bbox 740 4425 892 4482; x_wconf 52' lang='lat' dir='ltr'>concedet&amp;</span> <span class='ocrx_word' id='word_1_440' title='bbox 912 4425 1017 4474; x_wconf 81' lang='lat' dir='ltr'>concidit</span> <span class='ocrx_word' id='word_1_441' title='bbox 1035 4425 1105 4475; x_wconf 73' lang='lat' dir='ltr'>acl.</span> <span class='ocrx_word' id='word_1_442' title='bbox 1207 4429 1356 4490; x_wconf 75' lang='lat' dir='ltr'>r&#39;llum10m.</span> <span class='ocrx_word' id='word_1_443' title='bbox 1372 4428 1401 4478; x_wconf 87' lang='lat' dir='ltr'>C.</span> <span class='ocrx_word' id='word_1_444' title='bbox 1502 4443 1534 4491; x_wconf 91' lang='lat'>29</span> <span class='ocrx_word' id='word_1_445' title='bbox 1546 4446 1596 4480; x_wconf 85' lang='lat' dir='ltr'>non</span> 
     </span>
     <span class='ocr_line' id='line_1_40' title="bbox 230 4507 1127 4579; baseline -0.01 -13"><span class='ocrx_word' id='word_1_446' title='bbox 230 4513 403 4576; x_wconf 78' lang='lat' dir='ltr'>timuerimus]</span> <span class='ocrx_word' id='word_1_447' title='bbox 414 4512 487 4572; x_wconf 71' lang='lat'>0133</span> <span class='ocrx_word' id='word_1_448' title='bbox 501 4509 517 4579; x_wconf 91' lang='grc' dir='ltr'><strong>β</strong></span> <span class='ocrx_word' id='word_1_449' title='bbox 528 4527 579 4562; x_wconf 81' lang='lat' dir='ltr'>om.</span> <span class='ocrx_word' id='word_1_450' title='bbox 593 4509 753 4575; x_wconf 84' lang='lat' dir='ltr'>negationem</span> <span class='ocrx_word' id='word_1_451' title='bbox 764 4528 771 4569; x_wconf 73' lang='lat'><em>3</em></span> <span class='ocrx_word' id='word_1_452' title='bbox 783 4507 938 4560; x_wconf 75' lang='lat' dir='ltr'>tenuerimus</span> <span class='ocrx_word' id='word_1_453' title='bbox 949 4507 973 4556; x_wconf 86' lang='grc' dir='ltr'>Α</span> <span class='ocrx_word' id='word_1_454' title='bbox 985 4509 1046 4567; x_wconf 91' lang='lat' dir='ltr'>(om.</span> <span class='ocrx_word' id='word_1_455' title='bbox 1059 4511 1127 4564; x_wconf 81' lang='lat' dir='ltr'>non).</span> 
     </span>
    </p>
   </div>
   <div class='ocr_carea' id='block_1_4' title="bbox 275 4691 1395 4778">
    <p class='ocr_par' dir='ltr' id='par_1_4' title="bbox 275 4691 1395 4778">
     <span class='ocr_line' id='line_1_41' title="bbox 275 4691 1395 4778; baseline 0.003 -22"><span class='ocrx_word' id='word_1_456' title='bbox 275 4718 318 4757; x_wconf 91' lang='lat'>11.</span> <span class='ocrx_word' id='word_1_457' title='bbox 336 4715 393 4756; x_wconf 86' lang='lat' dir='ltr'>non</span> <span class='ocrx_word' id='word_1_458' title='bbox 406 4691 566 4775; x_wconf 77' lang='lat' dir='ltr'>rucupitur]</span> <span class='ocrx_word' id='word_1_459' title='bbox 582 4696 680 4754; x_wconf 90' lang='lat' dir='ltr'>Eccle.</span> <span class='ocrx_word' id='word_1_460' title='bbox 698 4715 724 4767; x_wconf 86' lang='lat'>4,</span> <span class='ocrx_word' id='word_1_461' title='bbox 746 4715 788 4754; x_wconf 86' lang='lat'>12.</span> <span class='ocrx_word' id='word_1_462' title='bbox 979 4715 1023 4774; x_wconf 85' lang='lat'>25.</span> <span class='ocrx_word' id='word_1_463' title='bbox 1037 4699 1079 4756; x_wconf 84' lang='lat' dir='ltr'>ad</span> <span class='ocrx_word' id='word_1_464' title='bbox 1090 4695 1206 4778; x_wconf 79' lang='lat' dir='ltr'>bellum]</span> <span class='ocrx_word' id='word_1_465' title='bbox 1224 4701 1269 4758; x_wconf 93' lang='lat' dir='ltr'>Ps.</span> <span class='ocrx_word' id='word_1_466' title='bbox 1290 4719 1354 4776; x_wconf 82' lang='lat'>143,</span> <span class='ocrx_word' id='word_1_467' title='bbox 1372 4721 1395 4760; x_wconf 88' lang='lat'>1.</span> 
     </span>
    </p>
   </div>
   <div class='ocr_carea' id='block_1_5' title="bbox 0 0 2050 5502">
    <p class='ocr_par' dir='ltr' id='par_1_5' title="bbox 0 0 2050 5502">
     <span class='ocr_line' id='line_1_42' title="bbox 0 0 2050 5502; baseline 0 2"><span class='ocrx_word' id='word_1_468' title='bbox 0 0 2050 5502; x_wconf 95' lang='lat' dir='ltr'> </span> 
     </span>
    </p>
   </div>
  </div>
 </body>
</html>
