4112 5496
771 407 1061 474 PRAEFATIO.
1558 401 1592 476 V

239 632 476 740 riolorum
493 633 574 740 alii
595 634 773 742 seriem
790 631 1077 756 exhibuere,
1095 675 1308 770 eamque
1334 678 1363 740 a
1388 635 1591 772 quibus-

237 774 312 880 vis
352 775 782 914 interpolamentis
818 817 1010 913 puram,
1046 775 1430 882 lacerationibus
1456 777 1592 882 inde-

237 957 424 1024 mnem.

317 1057 607 1195 Utramque
656 1058 755 1164 iam
804 1057 854 1163 in
899 1059 995 1163 hoc
1030 1058 1173 1165 tertio
1202 1059 1592 1165 Anecdotorum

235 1198 496 1305 volumine
516 1200 765 1307 edendam
787 1199 1005 1337 suscepi:
1027 1200 1076 1358 in
1098 1241 1200 1336 quo
1221 1199 1410 1336 priores
1430 1224 1537 1336 part
1541 1243 1593 1306 es

238 1338 498 1448 Commen
504 1340 689 1446 tariolis
733 1340 1037 1447 tribuere
991 1382 1156 1446 visum
1198 1363 1272 1445 est
1276 1342 1458 1499 ‚nquod
1491 1383 1592 1446 non

233 1477 303 1587 ab
329 1480 437 1587 aliis
465 1481 661 1618 excepti
688 1481 831 1587 1111
744 1504 962 1619 terisque
989 1481 1224 1603 mandati,
1254 1483 1382 1587 sicut
1421 1507 1594 1588 tracta-

235 1645 320 1728 tus
370 1621 437 1726 illi
481 1623 695 1746 oratorii,
735 1622 826 1728 sed
873 1623 1072 1760 proprie
1114 1664 1331 1760 vereque
1373 1623 1495 1729 ab
1484 1665 1594 1761 ipso

240 1764 569 1901 Hieronymo
594 1764 764 1904 scripti
784 1765 1153 1903 compositique
1179 1787 1307 1871 sunt

315 1907 401 2011 De
422 1904 597 2012 hisce.
587 1906 737 2044 igitur
763 1907 1019 2015 Commen
1025 1906 1210 2012 tariolis
1248 1906 1408 2012 brevit
1390 1929 1465 2012 ter
1484 1948 1593 2044 pro-

233 2046 428 2206 loquar,
464 2089 567 2185 quo
611 2089 784 2154 eorum
813 2047 897 2153 fiat
946 2048 1062 2155 edit
1030 2073 1099 2154 rto
1125 2048 1527 2153 commendatior
1547 2072 1594 2155 et

232 2230 360 2294 usus
387 2188 663 2295 iucundior.

902 2330 933 2390 x

867 2407 968 2467 vlt*

271 2612 569 2750 Principio
609 2612 766 2719 oculis
792 2613 1088 2719 subicienda
1131 2639 1248 2721 sunt
1286 2616 1591 2753 Hieronymi

230 2755 395 2913 ipsius
420 2754 586 2877 verba,
609 2797 738 2892 quae
764 2754 915 2892 paulo
940 2778 1066 2860 ante
1073 2796 1478 2863 commemoravi.
1504 2757 1591 2863 Sic

228 2896 388 3036 igitur
413 2895 507 3016 ille,
536 2936 651 3001 cum
690 2895 823 3001 salsis
859 2895 1208 3003 criminibusa
1240 2898 1488 3003 Ruffino
1478 2899 1591 3004 msi-

227 3036 392 3144 mulat
374 3060 454 3142 us
471 3078 562 3174 pro
578 3079 632 3144 se
648 3036 836 3144 (116616
817 3043 948 3174 t.(ap
967 3038 1151 3176 Migne
1172 3079 1196 3142 2
1208 3081 1251 3171 3
1266 3045 1408 3174 432):
1428 3038 1591 3146 ‘lllud

226 3219 454 3317 quoque,
483 3178 658 3335 inquit,
688 3219 889 3317 carpere
916 3178 1036 3284 dicit
1017 3203 1109 3301 tur,
1133 3179 1271 3316 quod
1310 3180 1590 3286 secundum

226 3318 526 3456 psalmum
515 3341 753 3457 interpret
755 3360 860 3441 ans
889 3360 980 3458 pro
1025 3361 1085 3424 co
1111 3322 1249 3457 quod
1275 3320 1551 3479 'legimus
1540 3363 1589 3426 m

225 3459 389 3566 latino
413 3460 756 3594 Adprehendi
752 3478 797 3564 te
819 3407 1151 3596 dis-apuam,
1180 3484 1228 3567 et
1272 3503 1321 3567 rn
1355 3462 1590 3568 hebraico

223 3601 487 3708 volumine
533 3601 774 3738 scriptum
820 3625 894 3707 est
939 3643 1096 3708 nescu
1142 3645 1251 3724 unx,
1285 3603 1550 3709 dixerim
1539 3645 1588 3709 rn

223 3741 656 3848 commentariolis
683 3743 807 3847 meis
835 3744 1060 3847 Adorale
1074 3745 1281 3878 filiurn·
1314 3768 1362 3850 et
1392 3787 1588 3850 rursum

225 3924 385 4040 omne
418 3882 716 3988 Psalterium
744 3884 794 3987 in
828 3885 1123 4042 Romanum
1158 3910 1356 3991 vertens
1389 3928 1588 4009 sonum,

223 4024 376 4164 quasi
403 4025 671 4130 immemor
694 4025 891 4162 exposit
895 4025 1023 4131 ionis
1063 4026 1298 4163 antiquae
1333 4028 1587 4165 posuerim

223 4165 640 4304 Adoratepure:
667 4167 861 4303 quodu
831 4168 1010 4325 utique
1031 4167 1125 4271 sibi
1148 4209 1258 4326 esse
1285 4192 1402 4327 cont
1405 4211 1587 4274 rarrum

223 4307 469 4414 omnibus
496 4330 644 4445 patet.
614 4307 772 4412 t’Et
754 4333 971 4445 tpaucrs
1000 4309 1267 4467 interiectis
1312 4310 1378 4416 ita
1422 4352 1588 4448 prose-

223 4449 427 4587 quitur:
456 4448 690 4588 ‘Quid
679 4449 829 4587 igitur
857 4450 1075 4587 peccavi,
1109 4451 1150 4556 si
1193 4452 1404 4558 verbum
1431 4452 1586 4611 ambi

222 4631 387 4748 guum
429 4589 724 4696 diversat
653 4613 724 4695 mt
727 4631 867 4729 erpre
872 4591 1057 4697 tatione
1084 4593 1320 4715 converti,
1349 4616 1396 4699 et
1421 4594 1506 4730 qui
1535 4593 1584 4700 in

225 4757 488 4840 comment
469 4731 668 4856 tarioliS,
697 4731 783 4838 ubi
804 4733 1005 4840 libertas
1031 4757 1105 4841 est
1129 4734 1421 4859 disserendi,
1449 4735 1584 4842 dixe-
