4154 5494
493 381 571 462 160
865 401 893 470 s.
919 399 1173 462 uranonvur
1197 402 1462 462 susurrum

487 617 670 684 iaciamus?
686 619 734 683 Et
746 617 898 701 puerulum
915 639 1021 683 meum
1040 639 1113 684 cum
1128 618 1213 703 fletu
1234 619 1413 686 rurscam.
1429 621 1522 686 erril
1539 620 1621 684 mihi
1641 623 1713 684 enit
1735 639 1844 698 suave,

487 743 594 806 neque
610 725 714 806 panis,
730 743 837 806 neque
853 726 1026 805 poculum:
1042 724 1101 788 sed
1117 735 1248 789 lantum
1269 726 1446 791 caelestem
1466 745 1588 808 panem
1603 725 1844 804 desiderabam,

487 829 519 892 id
536 839 587 892 est
603 829 773 910 Xpistum.
1533 857 1537 866 ·
1675 833 1679 837 ’

530 934 560 996 Α
570 935 664 1013 facie
674 933 745 996 irae
758 942 791 996 et
804 931 1043 1013 indignationis
1058 943 1140 996 tuae.
1159 933 1203 998 Et
1220 933 1300 996 haec
1312 933 1426 998 omnia
1442 933 1615 1012 faciebam,
1629 934 1842 996 considerans

485 1041 665 1106 adventum
679 1051 773 1105 tuum
784 1051 817 1104 et
831 1039 976 1104 futurum
988 1038 1155 1102 iudicium
1169 1037 1258 1116 Quia
1268 1038 1398 1104 elevans
1406 1039 1621 1102 adluutime.
1636 1037 1712 1102 Hoc
1721 1037 1843 1106 dicant,
1878 1057 1888 1108 5

486 1255 603 1328 postea
618 1247 818 1312 ceciderunt
835 1248 1007 1330 Siquidem
1025 1249 1131 1312 sancti
1147 1249 1280 1313 dicunt:
1296 1250 1375 1332 quia
1390 1249 1524 1313 elevans
1538 1246 1675 1311 tenuisti
1690 1267 1753 1310 me

528 1350 611 1414 Dies
626 1349 692 1414 mei
703 1351 788 1414 sicut
801 1352 919 1416 umbra
933 1352 1185 1416 declinaverunt.
1201 1352 1238 1418 Si
1254 1355 1335 1428 dies,
1358 1363 1487 1436 quanto
1508 1353 1615 1436 magis
1631 1351 1764 1416 noctes?
1779 1351 1841 1414 hoc

485 1465 546 1532 cst,
560 1457 588 1519 si
605 1457 726 1534 lumen,
741 1468 869 1540 quanto
885 1457 991 1539 magis
1014 1457 1192 1521 tenebrae?
1215 1456 1263 1520 Et
1275 1477 1331 1539 ego
1349 1455 1557 1537 neutsenum
1571 1455 1657 1520 ami.
1673 1455 1840 1539 Quoniam

484 1561 571 1625 sicut
588 1559 710 1639 lenum,
726 1563 772 1624 sic
789 1563 966 1644 pertransit
982 1561 1094 1640 homo,
1109 1573 1143 1626 et
1158 1563 1310 1628 siccatur.
1862 1579 1889 1614 ¹⁰

533 1664 583 1728 Tu
597 1686 756 1748 exurgens
776 1665 976 1730 misereberis
993 1665 1085 1730 Sion.
1104 1667 1159 1730 Ex
1176 1667 1240 1730 hoc
1261 1667 1423 1730 versiculo
1448 1666 1661 1733 manifestum
1680 1673 1732 1728 est
1752 1664 1840 1746 quod

484 1789 528 1834 ex
542 1789 682 1852 persona
696 1771 777 1836 Sion
791 1769 901 1834 dictus
913 1781 963 1836 est
977 1770 1040 1834 iste
1051 1771 1210 1853 psalmus,
1220 1783 1254 1836 et
1267 1791 1334 1835 non
1346 1791 1391 1834 ex
1402 1789 1545 1854 persona
1556 1769 1747 1852 prophetae.
1759 1767 1839 1833 Sion

484 1883 596 1936 autern
622 1882 674 1937 est
698 1875 832 1956 quaein
852 1874 987 1956 specula
1004 1877 1113 1956 posita
1144 1886 1204 1953 est,
1219 1887 1254 1940 et
1274 1895 1414 1958 eaquae
1436 1875 1573 1938 veniunt
1587 1875 1631 1938 de
1646 1874 1746 1956 longe
1767 1893 1840 1954 pro·

483 1973 634 2055 spiciens.
650 1975 744 2038 Haec
756 1995 836 2057 ergo
847 1974 939 2051 Sion,
950 1996 1036 2058 quae
1048 1976 1080 2038 in
1094 1975 1163 2040 alto
1174 1978 1282 2058 posita
1294 1987 1345 2040 est
1356 1987 1390 2040 et
1402 1977 1435 2040 in
1448 1977 1600 2054 sublime,
1610 1977 1740 2042 cecidit.
1751 1977 1840 2058 Ergo

484 2079 558 2160 ‘qui
573 2087 640 2142 stat
657 2079 769 2142 videat
784 2099 827 2142 ne
841 2080 958 2143 cadat!
976 2079 1065 2158 Quia
1081 2089 1204 2162 ternpus
1227 2081 1403 2145 miserendi
1414 2081 1493 2157 erus,
1514 2083 1594 2163 quia
1608 2081 1698 2145 venit
1711 2091 1841 2163 tenpus.
1860 2099 1886 2151 15

486 2181 558 2270 Aut
574 2191 710 2265 propter
721 2182 961 2265 paenitentiam
974 2193 1106 2266 tempus
1119 2194 1170 2248 est
1182 2185 1370 2262 miserendi,
1384 2194 1443 2249 aut
1458 2186 1641 2266 secundum
1657 2186 1837 2249 adventum

484 2285 668 2352 Salvatoris
683 2286 858 2369 significat.
874 2285 1031 2352 Confidat
1049 2308 1129 2370 ergo
1145 2289 1200 2370 qui
1218 2289 1288 2372 agit
1308 2290 1560 2373 paenitentiam,
1575 2288 1734 2372 quoniam
1751 2286 1841 2350 venit

484 2399 617 2472 tempus
633 2389 799 2454 salvandi:
816 2391 1000 2454 misericors
1016 2401 1067 2454 est
1082 2391 1171 2454 enim
1189 2391 1365 2458 Dominus.

530 2491 694 2572 eraniam
702 2493 897 2576 placuerunt
914 2495 1019 2559 seruis
1034 2495 1100 2558 tuis
1118 2495 1242 2577 lapides
1257 2495 1336 2560 eius.
1358 2495 1505 2579 Lapides
1525 2497 1631 2562 sancti
1647 2505 1740 2560 sunt:
1756 2506 1841 2560 terra

483 2606 606 2673 autern,
622 2597 685 2661 hoc
698 2609 758 2676 est,
774 2609 966 2679 peccatores
983 2599 1241 2664 misericordiam
1259 2601 1397 2664 Domini
1414 2602 1575 2684 indigent.
1858 2622 1886 2658 20

941 2837 1016 2911 DE
1048 2837 1271 2912 PSALMO
1301 2838 1389 2912 Cll.

455 3051 457 3058 ’
528 3059 666 3124 Benedic
679 3061 794 3123 antima
810 3081 881 3122 meu
897 3059 1047 3134 Domina,
1062 3068 1093 3121 et
1106 3059 1217 3122 omnia
1231 3079 1314 3141 quae
1330 3059 1420 3122 intra
1437 3079 1486 3120 me
1499 3068 1578 3121 sunt
1593 3059 1720 3122 nomini
1731 3072 1838 3123 sancto

482 3163 559 3226 eins.
572 3164 701 3228 Dicitur
713 3173 746 3228 et
763 3165 795 3226 in
808 3163 875 3226 alio
887 3163 974 3226 loco:
990 3161 1136 3226 ‘Scitote
1152 3163 1310 3245 quoniam
1323 3161 1489 3226 Dominus
1505 3163 1575 3246 ipse
1592 3173 1642 3228 est
1658 3163 1778 3230 Deus’
1794 3167 1837 3230 Et

481 3287 567 3330 nunc
583 3267 714 3344 dicitur,
732 3269 774 3331 Et
789 3269 904 3331 omnia
919 3287 1004 3350 quae
1020 3269 1106 3331 intra
1123 3287 1175 3330 me
1191 3277 1269 3332 sunt
1286 3268 1412 3330 nomini
1428 3277 1545 3332 sancto
1561 3267 1638 3333 eius
1662 3269 1699 3335 Si
1714 3270 1836 3335 dixeri·

481 3391 563 3450 mus,
581 3372 726 3436 Benedic
742 3373 854 3436 anima
870 3393 945 3436 mea
957 3374 1115 3450 Domino,
1126 3383 1161 3436 et
1178 3373 1345 3436 Dominus
1362 3371 1528 3436 Dominus
1540 3383 1600 3450 est,
1612 3374 1702 3456 quod
1715 3393 1834 3438 nomen
1853 3391 1880 3441 25

479 3475 533 3539 hic
542 3478 671 3559 quaerit
682 3477 842 3540 Domini?
855 3476 891 3541 Si
906 3477 1072 3541 Dominus
1086 3478 1253 3541 Dominus
1266 3477 1462 3559 appellatur,
1473 3476 1553 3560 quid
1565 3477 1654 3555 dicit,
1668 3477 1713 3541 Et
1725 3479 1836 3542 omnia

478 3601 565 3665 quae
578 3583 663 3646 intra
676 3601 729 3646 me
745 3592 822 3645 sunt
839 3581 966 3645 nomini
983 3593 1099 3646 sancto
1115 3583 1208 3646 eius?
1224 3582 1403 3645 Adventus
1420 3582 1503 3658 Filii,
1520 3601 1641 3645 nomen
1657 3582 1764 3646 Patris
1779 3591 1835 3646 est.

478 3685 572 3748 Ante
587 3685 768 3748 adventum
789 3683 900 3766 Xpisti
923 3685 1088 3748 sciebatur
1119 3685 1220 3762 Deus,
1238 3687 1336 3749 Pater
1352 3685 1574 3768 ignorabatur.
1592 3685 1746 3768 Denique
1768 3687 1836 3770 ipsc

516 3886 525 3923 1
532 3873 674 3940 suciamus]
694 3872 766 3931 PSG,
781 3871 911 3936 satiamus
931 3873 969 3930 B;
981 3871 1107 3936 suciernus
1128 3871 1173 3921 AC
1186 3889 1193 3931 ;
1205 3870 1322 3936 sacr'mus
1343 3869 1366 3937 β.
1469 3871 1607 3934 mirtulam]
1624 3873 1788 3936 iesuperuhnnr
1805 3873 1833 3924 C.

481 3971 496 4016 4
509 3955 563 4004 irae
573 3953 607 4014 et]
620 3952 635 4020 β
647 3971 697 4004 orn.
711 3961 742 4002 ct.
812 3963 825 4016 5
837 3953 959 4014 adlisistr]
971 3954 1076 4002 allisisti
1087 3951 1134 4020 βΒ,
1147 3953 1223 4003 Cam
1234 3970 1241 4012 3
1253 3953 1349 4002 alisnu'
1359 3953 1377 4003 S
1387 3971 1395 4012 ;
1407 3953 1504 4003 alesisti
1514 3955 1537 4004 G
1550 3973 1557 4014 ;
1568 3954 1659 4004 elisisti
1671 3956 1696 4005 P.
1769 3967 1783 4018 7
1794 3957 1835 4006 ele·

480 4035 879 4096 vanstenrristr'1eleuuseleuasti
889 4035 916 4085 S.
1004 4035 1337 4100 13specula]specnloBCP.
1430 4052 1495 4099 quae
1506 4039 1614 4086 ueniunt
1623 4038 1653 4086 de
1664 4039 1734 4102 longe
1740 4038 1836 4103 prospi-

480 4119 1027 4184 ciens]quaedeorsunralongepraspr'citS.
1132 4131 1161 4178 14
1172 4115 1315 4177 et]S;om.
1331 4115 1382 4183 βεῐ
1396 4117 1495 4183 reliqui.
1588 4117 1836 4180 aomiserr'cordicrrr]

480 4201 588 4260 BPSG;
608 4201 778 4250 nriserr'curdiu
799 4199 848 4268 βΕ.
957 4200 1082 4264 r'udr'gent]
1101 4199 1211 4250 suddit
1233 4199 1413 4263 doxologiam
1433 4201 1456 4250 G
1477 4201 1546 4250 Haec
1564 4201 1722 4250 centrisr'mus
1738 4201 1835 4266 primus

478 4285 591 4350 psainrus
603 4285 710 4332 multum
723 4283 810 4332 nriuus
820 4283 962 4346 dogmanuu
975 4284 1060 4340 habet3
1074 4280 1187 4349 liicinnis
1198 4279 1348 4346 quibusdam
1358 4281 1570 4334 adnotatiunculis
1582 4283 1704 4349 psalmum
1717 4286 1749 4334 nd
1762 4283 1835 4334 finem

481 4383 559 4433 usque
572 4367 737 4433 prosequitur.
839 4379 866 4414 21
888 4375 933 4416 DE
946 4378 1075 4418 PSALMO
1089 4364 1148 4426 cll]
1170 4363 1247 4413 Initio
1267 4363 1318 4413 sere
1337 4365 1452 4428 congruit
1473 4381 1530 4416 curn
1551 4365 1680 4415 Breviorio
1699 4365 1748 4416 col.
1766 4375 1833 4428 1197,

482 4451 577 4516 reliqua
591 4450 930 4514 veromultumdiscrepunt.
1032 4461 1062 4510 23
1074 4447 1173 4508 Salute]
1185 4447 1222 4496 Et
1232 4448 1313 4495 scitote
1326 4445 1393 4513 pus.
1495 4446 1526 4496 26
1541 4447 1663 4510 Domini]
1675 4447 1834 4504 Dominolir

481 4533 608 4584 Dominus
621 4529 644 4599 β.

527 4681 682 4764 ¹s-cad01]
703 4705 712 4743 1
732 4686 800 4746 Cor.
821 4705 865 4756 ιο,
888 4704 929 4742 12.
1028 4639 1032 4648 Ι
1229 4703 1272 4758 ²3·
1292 4679 1385 4762 Deus]
1401 4684 1447 4742 Ps.
1465 4702 1512 4758 99,
1531 4701 1555 4740 u.
1657 4718 1662 4728 ·
