4158 5492
439 413 488 472 10
805 417 833 476 S.
858 415 1113 479 HIERONYMI
1136 419 1400 480 PRESBYTERI

477 629 571 694 Deus
597 649 677 714 ergo
701 630 764 695 hoc
791 631 886 696 nobis
913 641 1069 716 praestet,
1085 643 1121 699 ut
1145 634 1209 699 tria
1224 655 1290 700 non
1319 633 1489 714 iaciamus,
1509 636 1578 702 duo
1604 635 1784 703 faciamus:

437 734 530 818 ligno
545 734 633 800 vitae
648 755 878 819 conparemur,
905 757 971 802 non
988 737 1092 802 simus
1108 737 1211 822 impii,
1226 739 1283 821 qui
1305 751 1530 823 conparantur
1557 741 1702 824 pulveri:
1719 761 1785 806 non

422 840 539 904 ¹simus
555 850 755 924 peccatores,
771 840 930 924 quoniam
948 850 1138 924 peccatores
1149 862 1215 907 non
1227 852 1403 925 resurgunt
1418 845 1450 908 in
1461 845 1601 910 consilio
1617 846 1788 922 iustorum,

435 953 470 1008 ut
487 944 540 1008 via
556 943 645 1008 mala
661 939 774 1027 pereat
788 967 795 1008 ε
811 953 845 1009 et
861 946 1098 1010 benedicamus
1126 947 1246 1023 Deum,
1262 947 1314 1011 cui
1330 947 1373 1011 sit
1387 945 1494 1030 gloria
1518 949 1551 1014 in
1568 947 1701 1014 saecula
1717 968 1788 1012 sae-

433 1048 594 1114 culorum.
610 1047 730 1113 Amen.
1825 1063 1839 1116 5

916 1203 992 1276 DE
1023 1203 1247 1308 Psnnuo
1274 1204 1319 1278 v,

480 1389 627 1475 Quintus
643 1389 790 1473 psalmus
806 1387 869 1454 hoc
886 1389 984 1453 titulo
1009 1398 1225 1470 praenotatur
1240 1413 1247 1454 :
1262 1389 1304 1454 In
1315 1389 1422 1474 finem
1444 1399 1505 1474 pro
1518 1389 1650 1474 eo'qnae
1666 1390 1789 1455 heredi-

435 1506 534 1562 tatem
556 1493 767 1577 consequitur,
785 1493 936 1576 psalmus
950 1491 1073 1555 David
1092 1491 1191 1556 Multi
1217 1501 1337 1576 putant
1360 1491 1474 1559 titulos
1499 1494 1542 1559 ad
1560 1493 1706 1578 psalmos
1722 1514 1788 1558 non

436 1601 609 1682 pertinere,
624 1607 657 1663 et
674 1597 736 1662 hoc
764 1617 830 1680 qua
846 1596 974 1660 ratione
1001 1595 1187 1672 aestiment,
1204 1595 1363 1662 nesciunt.
1381 1595 1417 1664 Si
1445 1598 1579 1682 quidem
1606 1609 1672 1665 n'on
1689 1597 1789 1664 habe·

436 1713 549 1782 rentur
575 1703 608 1766 in
635 1701 786 1766 hebraeis
813 1709 846 1765 et
873 1698 1000 1784 graecis
1027 1709 1061 1764 et
1088 1699 1200 1764 latinis
1226 1699 1461 1778 voluminibus,
1491 1710 1579 1767 recte
1609 1704 1790 1786 putarent:
1812 1718 1842 1756 ¹⁰

436 1827 523 1872 nunc
540 1827 618 1870 vero
634 1825 709 1870 cum
738 1805 770 1868 in
788 1803 950 1870 hebraicis
966 1801 1152 1868 habeantur
1179 1803 1280 1882 libris,
1295 1813 1328 1869 et
1356 1805 1505 1870 maxime
1522 1805 1584 1871 iste
1599 1806 1716 1871 titulus
1732 1808 1789 1890 qui

436 1912 470 1975 in
495 1910 613 1994 quinto
641 1908 772 1993 psalmo
796 1915 1012 1992 praenotatus
1042 1916 1101 1985 est,
1131 1907 1232 1972 miror
1256 1928 1313 1972 eos
1343 1909 1406 1974 hoc
1437 1910 1521 1974 velle
1551 1911 1672 1992 dicere,
1701 1913 1791 1995 quod

432 2005 561 2098 ‘aliquid
579 2015 611 2078 in
628 2014 791 2097 scriptura
805 2012 877 2076 sine
892 2030 993 2075 causa
1008 2009 1060 2075 sit.
1077 2008 1113 2074 Si
1129 2011 1218 2074 enim
1234 2017 1242 2044 ¹
1258 2011 1328 2075 iota
1343 2031 1447 2078 unum
1463 2022 1497 2077 et
1513 2033 1598 2078 unus
1619 2035 1709 2099 apex
1725 2019 1791 2081 no'n

438 2119 576 2183 transiet
588 2119 631 2182 de
647 2117 721 2199 lege
737 2116 753 2194 ',
770 2123 897 2199 quanto
913 2115 1020 2196 magis
1036 2121 1132 2179 tanta
1146 2113 1248 2178 verba
1263 2114 1314 2180 vel
1330 2114 1503 2199 syllabae?

480 2222 523 2286 In
529 2223 634 2306 finem
644 2233 707 2305 pro
721 2241 759 2283 ea
773 2240 855 2302 quae
865 2217 1074 2282 hereditatem
1088 2217 1299 2300 consequitur,
1307 2220 1458 2302 psalmus
1472 2219 1596 2287 David.
1615 2221 1794 2287 Hereditas
1814 2237 1844 2290 ¹5

434 2319 553 2390 'nostra
570 2346 636 2390 non
653 2327 686 2388 in
702 2323 868 2407 principio
893 2321 1144 2404 repromittitur,
1160 2321 1217 2386 sed
1234 2323 1267 2386 in
1296 2321 1362 2388 fine
1378 2324 1502 2389 mundi.
1524 2323 1638 2388 ludaei
1655 2325 1687 2387 in
1705 2325 1794 2408 prin·

438 2431 528 2513 cipio
553 2429 704 2493 obtinere
729 2447 764 2492 se
789 2435 999 2510 putaverunt,
1026 2445 1087 2490 nos
1113 2425 1144 2488 in
1174 2423 1239 2510 fine
1264 2430 1507 2511 consequimur.
1529 2427 1631 2493 Unde
1656 2427 1738 2493 dicit
1760 2435 1793 2491 et

438 2533 610 2617 apostolus
623 2531 789 2596 lohannes
802 2535 827 2595 :‘
844 2529 962 2607 Filioii,
975 2529 1156 2593 novissima
1166 2529 1247 2594 hora
1262 2539 1313 2594 est
1329 2530 1345 2595 '.
1364 2531 1403 2598 In
1421 2532 1602 2598 novissima
1617 2553 1698 2617 ergo
1713 2533 1795 2598 hora

440 2635 514 2702 finis
530 2646 599 2702 est:
616 2637 649 2720 in
666 2633 731 2700 fine
747 2635 923 2700 hereditas.
937 2634 979 2698 In
994 2634 1101 2718 finem
1117 2645 1180 2717 pro
1205 2655 1340 2718 eaquae
1354 2633 1563 2703 hereditatem
1585 2637 1794 2720 consequitur.

440 2741 538 2829 Quae
553 2752 603 2806 cst
620 2742 683 2806 ista
699 2759 785 2823 quae
800 2740 1020 2804 hereditatem
1038 2738 1274 2824 consequitur?
1300 2737 1384 2805 Mihi
1400 2739 1532 2806 videtur
1547 2741 1638 2824 quod
1654 2742 1795 2807 ecclesia
1815 2760 1849 2798 oo

438 2850 503 2914 sit:
522 2849 595 2930 ipsa
611 2857 662 2912 est
678 2847 766 2910 enim
784 2865 869 2929 quae
885 2844 1104 2910 hereditatem
1120 2845 1342 2929 consequitur.
1358 2845 1517 2910 Psalmus
1531 2845 1655 2912 Dauid
1671 2845 1794 2912 Cantat

440 2954 472 3016 in
491 2951 654 3034 principio
681 2951 770 3034 quod
787 2947 927 3013 ecclesia
953 2948 1095 3031 accipiat
1111 2947 1144 3011 in
1171 2945 1281 3015 finem.
1297 2947 1444 3034 Quintus
1472 2969 1552 3032 ergo
1579 2950 1727 3034 psalmus
1750 2970 1794 3015 ex

440 3074 582 3138 persona
597 3053 756 3118 ecclesiae
772 3063 830 3118 est.
847 3051 917 3116 Alii
935 3051 1040 3116 multa
1057 3051 1317 3133 interpretantur
1334 3077 1342 3117 ι
1367 3051 1462 3117 multi
1478 3055 1597 3118 dicunt
1611 3057 1794 3119 secundum

440 3158 612 3222 historiam
626 3157 668 3221 de
680 3156 836 3221 israhelis
850 3156 984 3239 populo,
994 3155 1085 3239 quod
1101 3154 1202 3220 vellet
1213 3156 1331 3221 reverti
1342 3155 1384 3220 de
1396 3155 1569 3239 Babylone
1580 3156 1612 3221 in
1627 3157 1796 3223 Iudaeam.

443 3261 519 3326 Hoc
549 3261 595 3324 illi
621 3262 901 3343 interpretantur:
929 3280 994 3324 non
1026 3268 1104 3324 sunt
1135 3261 1342 3344 interpretati
1366 3259 1408 3324 In
1433 3261 1548 3345 finem,
1572 3281 1638 3325 non
1666 3261 1737 3326 Pro
1760 3282 1798 3326 ea
1817 3279 1849 3336 ey

439 3384 521 3448 quoe
535 3362 744 3429 hereditatem
758 3363 968 3446 consequitur.
985 3364 1058 3428 Nos
1074 3383 1154 3448 ergo
1169 3363 1372 3447 spiritalibus
1388 3366 1551 3449 spiritalia
1566 3378 1797 3449 conparantes,

441 3467 648 3530 orationibus
670 3466 788 3531 vestris
819 3486 863 3530 ex
887 3487 1028 3551 persona
1052 3468 1211 3532 ecclesiae
1234 3467 1334 3532 istum
1365 3468 1533 3551 psalmum
1557 3471 1719 3535 disserere
1750 3469 1797 3532 ni·

444 3579 561 3635 temur.

493 3673 597 3739 Verba
623 3694 694 3738 mea
710 3673 847 3739 auribus
866 3676 988 3759 percipe
1002 3676 1150 3741 Domine.
1174 3676 1294 3742 Nullus
1310 3676 1412 3741 habet
1438 3679 1525 3742 hanc
1553 3675 1709 3743 fiduciam
1733 3677 1795 3742 nisi

442 3779 588 3844 ecclesia.
606 3777 672 3861 Qui
690 3789 845 3861 peccator
859 3789 919 3858 est,
936 3799 1001 3843 non
1020 3789 1070 3846 est
1096 3799 1196 3844 ausus
1212 3779 1329 3858 dicere,
1346 3780 1458 3845 Verba
1482 3801 1556 3846 mea
1573 3781 1708 3846 auribus
1724 3802 1796 3864 per·
1818 3803 1851 3854 30

477 3963 487 4001 1
507 3950 626 4016 praestet]
643 3965 707 4001 corr.
729 3965 760 4000 ex
772 3949 905 4014 praestitit
926 3951 956 4000 C.
987 3949 1027 4000 Cl.
1052 3949 1251 4000 commentariol.
1277 3967 1315 4015 ps.
1343 3949 1398 4012 108,
1423 3950 1465 4000 ubi
1489 3950 1514 4000 in
1535 3951 1614 4001 tribus
1633 3949 1708 4002 codd.
1732 3953 1800 4000 stetit

442 4047 488 4097 pro
507 4037 554 4080 stet
574 4029 673 4095 legitur.
757 4031 824 4092 qut]
837 4031 896 4090 CS;
917 4039 941 4080 et
954 4031 1006 4095 μῦ.
1109 4031 1154 4094 sit]
1167 4033 1223 4096 μ8;
1239 4032 1324 4096 estB·,
1345 4048 1395 4082 om.
1417 4031 1440 4082 G
1452 4049 1460 4091 ;
1478 4040 1513 4082 est
1531 4033 1610 4083 honor
1625 4041 1649 4082 et
1664 4033 1748 4098 glorio
1765 4033 1797 4084 A.

441 4112 541 4176 6Quae
560 4113 592 4162 ad
613 4111 713 4162 titulum
732 4113 868 4176 pertinent,
891 4113 1007 4178 leguntur
1027 4130 1067 4180 ap.
1093 4112 1182 4178 Mignc
1198 4114 1238 4176 26,
1255 4113 1361 4178 1361·2;
1379 4130 1444 4179 quae
1463 4115 1496 4164 ad
1516 4114 1598 4180 ipsum
1619 4115 1752 4180 psalmum,
1773 4116 1800 4165 in

443 4194 571 4246 Breviorio
582 4193 645 4244 ibid.
658 4195 706 4244 col.
718 4193 818 4256 878-82.
905 4208 935 4255 14
946 4193 1064 4267 transiet]
1072 4201 1185 4245 transeat
1195 4195 1228 4246 G.
1325 4193 1354 4245 16
1364 4195 1463 4262 insint]
1475 4196 1549 4247 codd.
1564 4197 1712 4262 plerumque
1723 4196 1764 4247 hic
1775 4205 1800 4248 et

442 4277 467 4328 in
487 4293 558 4344 seqq.
573 4279 602 4327 r'n
610 4277 704 4344 finem,
720 4277 783 4328 sorte
798 4276 858 4342 qnia
880 4277 1051 4342 Hieronymus
1066 4278 1143 4327 verba
1159 4293 1224 4342 quae
1244 4279 1311 4342 apud
1324 4289 1380 4327 Lxx
1401 4278 1518 4344 leguntur
1530 4273 1576 4339 (sie
1592 4272 1722 4339 tricilar)
1741 4295 1799 4330 con·

441 4369 536 4412 stanter
546 4359 655 4412 retinuit.
726 4373 757 4410 22
768 4359 884 4425 accipiat]
897 4359 962 4424 pBC
974 4377 981 4420 r
994 4361 1085 4425 occepit
1096 4361 1113 4411 S
1124 4375 1131 4420 ς
1144 4360 1248 4424 recipiat
1257 4360 1289 4410 G.
1358 4371 1389 4424 23
1398 4361 1457 4412 Alii
1464 4361 1556 4424 mutto]
1569 4361 1633 4426 uBC
1644 4378 1652 4421 ;
1663 4363 1714 4412 olii
1725 4362 1802 4412 multi

442 4445 466 4495 G
481 4445 631 4506 ;alr'iolitrr
641 4445 668 4495 S.
769 4453 801 4507 25
814 4443 874 4500 non}
886 4449 945 4492 ante
958 4443 1008 4491 Pro
1015 4459 1043 4492 ea
1055 4441 1129 4494 inser.
1145 4443 1165 4493 C
1176 4460 1184 4504 5
1196 4457 1247 4494 orn.
1263 4443 1336 4508 uGS.

487 4615 530 4667 14.
547 4593 581 4654 de
594 4591 662 4675 lege]
680 4595 787 4654 Matth.
805 4609 831 4671 5,
853 4596 896 4653 18.
1189 4597 1234 4652 26.
1250 4590 1451 4674 conparantes]
1473 4613 1485 4652 1
1504 4594 1572 4656 Cor.
1591 4613 1616 4666 2,
1638 4613 1681 4671 ¹3·

488 4679 533 4737 18.
547 4677 620 4737 horo
631 4671 683 4756 est]
704 4696 714 4734 1
734 4676 778 4735 10.
794 4695 820 4750 a,
836 4677 879 4734 18.
