4160 5500
490 389 573 492 396
871 411 898 470 s.
924 409 1178 470 murionum
1202 411 1468 470 pensaurum

487 649 565 709 sepe
581 647 718 710 puerum
737 627 937 710 vagientem,
953 629 1115 693 iacentem
1135 629 1197 693 Dei
1215 627 1329 706 lilium,
1345 646 1442 692 suum
1467 627 1581 706 filiurn,
1597 648 1700 694 unum
1718 629 1847 695 filium:

489 733 622 798 videbat
640 734 813 810 iacentem,
828 743 862 798 et
886 733 1078 798 conserebat
1104 754 1189 818 quae
1205 734 1365 814 audierat,
1381 753 1536 816 quaeque
1551 733 1686 818 legerat,
1702 754 1777 800 cum
1793 735 1846 800 his

489 857 572 918 quae
588 838 732 902 videbat.

532 941 620 1023 Quia
648 941 704 1004 illa
728 940 920 1005 conterebat
947 940 979 1003 in
1006 940 1106 1004 corde
1130 960 1201 1018 suo,
1217 950 1250 1005 et
1277 961 1338 1005 nos
1362 950 1542 1007 tractemus
1559 944 1591 1008 in
1608 946 1709 1010 corde
1723 954 1848 1022 nostro,

489 1046 577 1126 quod
606 1045 765 1109 hodierna
792 1045 846 1108 die
872 1045 1015 1128 Xpistus
1043 1046 1197 1108 nascitur.
1223 1045 1292 1108 Alii
1324 1057 1446 1129 putant
1471 1050 1562 1133 quod
1589 1051 1622 1113 in
1648 1050 1847 1133 Epiphaniis
1883 1070 1896 1122 5

489 1152 652 1216 nascitur:
670 1171 735 1214 non
759 1152 958 1214 damnamus
984 1149 1125 1213 aliorum
1154 1150 1357 1232 opinionem,
1374 1161 1522 1218 nostram
1539 1154 1710 1238 sequimur
1724 1155 1847 1219 doctri-

489 1276 575 1319 nam.
590 1260 598 1287 ⁴
616 1256 854 1338 Unusquisque
869 1255 901 1317 in
919 1275 980 1318 suo
995 1274 1094 1317 sensu
1111 1255 1260 1319 abundet
1276 1279 1282 1318 :
1298 1264 1331 1319 et
1348 1253 1485 1320 forsitan
1499 1257 1658 1324 revelabit
1669 1259 1847 1342 unicuique

491 1363 656 1426 Dominus
671 1363 687 1426 ¹.
706 1363 752 1426 Et
779 1360 824 1424 illi
852 1359 908 1444 qui
937 1369 1016 1423 tunc
1041 1359 1155 1422 dicunt
1184 1359 1274 1422 nasci
1293 1357 1513 1442 Salvatorem,
1528 1372 1563 1427 et
1579 1382 1640 1427 nos
1665 1363 1721 1445 qui
1744 1362 1847 1428 hodie

487 1467 628 1529 dicimus
656 1465 756 1543 nasci,
772 1485 874 1530 unum
901 1463 1084 1528 Dominum
1110 1462 1260 1538 colimus,
1275 1482 1379 1527 unurn
1409 1464 1608 1531 infantulum
1637 1467 1846 1550 suscipimus.

489 1569 556 1635 Sed
585 1572 765 1650 videamus,
792 1570 870 1653 quia
895 1569 1003 1652 magis
1027 1567 1257 1632 rationabilius
1287 1567 1372 1632 ratio
1399 1580 1512 1634 nostra
1540 1590 1606 1635 non
1633 1571 1847 1655 reprehendit
1869 1593 1898 1630 to

488 1676 579 1754 alios,
595 1678 652 1740 sed
671 1696 730 1740 nos
747 1677 874 1759 probat.
889 1677 965 1738 Non
984 1683 1060 1738 sunt
1077 1682 1191 1737 nostra
1206 1692 1293 1755 quae
1310 1673 1484 1757 loquimur,
1502 1676 1665 1740 maiorum
1679 1677 1845 1741 sententia

489 1789 558 1843 est:
576 1782 746 1843 universus
763 1781 905 1843 mundus
922 1789 1038 1842 contra
1054 1778 1151 1840 huius
1164 1777 1354 1859 provinciae
1366 1778 1558 1860 opinionem
1577 1778 1730 1863 loquitur.
1744 1780 1846 1846 Dicat

488 1882 606 1966 aliquis
622 1907 628 1947 ε
648 1885 713 1948 Hic
730 1885 870 1968 Xpistus
899 1894 996 1948 natus
1023 1892 1096 1946 cst:
1122 1903 1202 1966 ergo
1218 1884 1326 1964 magis
1342 1881 1388 1944 illi
1404 1883 1522 1962 sciunt,
1537 1884 1593 1966 qui
1619 1885 1727 1966 longe,
1741 1903 1845 1968 quam

489 1987 541 2050 isti
569 1989 625 2069 qui
651 2010 755 2071 prope
779 1999 856 2053 sunt
872 1989 883 2051 ?
900 1989 1006 2052 Vobis
1030 1988 1087 2070 qui
1113 1989 1295 2050 dixerunt?
1323 1985 1390 2068 Qui
1415 1995 1493 2050 sunt
1518 1987 1550 2050 in
1579 1989 1642 2051 ista
1665 1988 1846 2071 provincia,

489 2093 602 2175 utique
619 2095 772 2176 apostoli,
790 2096 916 2172 Petrus,
933 2091 1063 2168 Paulus,
1079 2099 1113 2153 et
1129 2091 1229 2154 ceteri
1244 2089 1396 2171 apostoli.
1408 2089 1480 2154 Vos
1496 2090 1647 2169 eiecistis,
1658 2111 1724 2154 non
1735 2111 1846 2155 susce·
1869 2115 1896 2168 ις

489 2197 607 2277 pimus.
624 2199 749 2277 Petrus,
764 2201 820 2281 qui
838 2199 890 2261 hic
908 2197 969 2261 suit
985 2217 1060 2258 cum
1082 2195 1244 2270 Iohanne,
1260 2193 1315 2278 qui
1344 2193 1397 2256 hic
1413 2192 1475 2256 luit
1490 2213 1566 2257 cum
1586 2194 1718 2271 Iacobo,
1733 2204 1767 2258 et
1782 2214 1846 2259 nos

489 2299 521 2359 in
538 2301 711 2365 occidente
726 2303 849 2366 docuit.
868 2301 911 2364 Et
929 2302 1028 2363 vestri
1044 2301 1142 2382 igitur
1158 2307 1192 2361 et
1211 2298 1314 2362 nostri
1330 2297 1474 2380 apostoli
1493 2299 1640 2378 magistri
1656 2308 1742 2363 sunt.
1756 2298 1846 2364 Dico

489 2411 521 2463 ct
537 2403 634 2467 aliud.
654 2405 768 2469 Iudaei
785 2428 825 2470 eo
841 2417 992 2488 tempore
1020 2403 1206 2485 regnabant
1231 2403 1263 2464 in
1284 2401 1418 2466 Iudaea.
1435 2401 1590 2484 Denique
1605 2401 1764 2484 scriptum
1791 2413 1847 2468 est

489 2504 521 2565 in
538 2505 680 2570 Actibus
707 2509 933 2592 apostolorum
951 2534 957 2571 ι
973 2514 980 2540 ‘
999 2508 1043 2572 Et
1060 2507 1148 2570 sacta
1177 2515 1236 2582 est,
1252 2505 1369 2588 inquit,
1385 2506 1571 2586 persecutio
1596 2525 1719 2588 magna
1735 2506 1767 2569 in
1784 2505 1846 2571 illo

488 2618 647 2691 tempore,
674 2623 707 2676 et
734 2615 883 2696 dissipati
910 2626 987 2675 sunt
1012 2612 1184 2674 credentes
1202 2610 1217 2674 ¹.
1243 2609 1286 2672 Et
1313 2609 1452 2672 iterum:
1480 2608 1517 2671 ln
1545 2608 1694 2692 Cyprum
1725 2610 1844 2684 ierunt,
1865 2645 1897 2681 20

488 2710 715 2794 Antiochiam,
731 2727 838 2780 toturn
856 2715 969 2778 orbern
983 2717 1256 2798 penetraverunt,
1272 2712 1328 2794 qui
1344 2711 1387 2776 de
1405 2712 1537 2776 Iudaeis
1556 2711 1688 2796 expulsi
1705 2713 1846 2780 fuerant.

487 2813 656 2896 Quoniam
674 2821 773 2902 igitur
788 2829 820 2883 et
840 2820 953 2882 ludaei
983 2818 1166 2900 regnabant
1193 2827 1268 2899 post
1295 2815 1523 2879 ascensionem
1547 2816 1685 2880 Domini
1701 2816 1844 2900 quadra·

486 2921 579 3002 ginta
592 2923 723 2988 duobus
740 2927 845 3002 annis,
861 2925 938 2988 alibi
967 2947 1033 3006 pax
1060 2933 1139 3002 erat,
1155 2925 1208 2988 hic
1232 2923 1356 2987 bellum
1373 2932 1463 2987 erat:
1480 2924 1587 3006 magis
1606 2925 1719 3006 itaque
1734 2925 1847 3006 potuit

486 3029 622 3090 traditio
650 3031 694 3094 ibi
719 3031 851 3106 servari,
874 3051 974 3112 quam
1001 3031 1064 3106 hic,
1081 3029 1135 3092 ubi
1161 3028 1336 3092 discordia.
1359 3027 1492 3090 Deinde
1518 3037 1595 3108 post
1619 3028 1846 3110 quadraginta

487 3131 571 3194 duos
595 3154 702 3196 annos
729 3136 820 3198 venit
844 3134 1076 3216 Vespasianus
1102 3143 1136 3196 et
1163 3133 1286 3195 Titus:
1316 3130 1473 3194 subversa
1500 3140 1578 3195 sunt
1606 3130 1845 3212 Hierosolyma
1865 3167 1894 3219 ²3

486 3245 586 3316 atque
602 3238 771 3300 destructa
787 3261 793 3301 :
811 3258 928 3300 omnes
955 3237 1012 3319 qui
1041 3237 1155 3300 ludaei
1181 3236 1314 3298 suerunt
1329 3244 1363 3297 et
1380 3233 1549 3316 Xpistiani
1575 3237 1708 3317 penitus
1735 3236 1842 3302 eiecti.

487 3340 618 3403 Deinde
634 3351 709 3422 post
726 3361 832 3404 annos
850 3341 974 3404 multos
991 3342 1153 3422 usquead
1174 3340 1384 3403 Hadrianum
1402 3337 1549 3401 solitudo
1567 3339 1689 3403 mansit
1702 3363 1709 3404 :
1721 3340 1755 3404 in
1777 3339 1844 3406 ista

487 3445 654 3526 provincia
671 3445 779 3508 nullus
799 3446 1008 3518 ludaeorum,
1024 3444 1134 3507 nullus
1152 3444 1404 3525 Xpistianorum
1422 3452 1502 3506 erat.
1519 3442 1622 3506 Venit
1640 3443 1845 3523 Hadrianus,

485 3559 519 3612 et
535 3551 691 3632 quoniam
711 3571 821 3614 rursus
838 3552 869 3613 in
888 3550 1038 3615 Galilaea
1062 3548 1304 3612 rebellaverunt
1324 3546 1447 3623 ludaei,
1464 3545 1618 3628 reliquias
1634 3547 1737 3630 ipsius
1763 3548 1844 3612 civi·

520 3770 529 3806 1
544 3763 629 3824 snum]
642 3757 665 3806 N
678 3774 731 3822 sup.
747 3755 791 3805 lin.
806 3756 863 3804 add.
879 3771 934 3819 qne.
1032 3768 1047 3813 4
1060 3753 1205 3817 [preferebat]
1219 3751 1243 3800 N
1256 3767 1310 3815 sup.
1325 3751 1368 3801 lin.
1382 3756 1460 3815 repet.
1474 3765 1538 3815 quae
1548 3751 1651 3802 viselat.
1752 3762 1766 3816 5
1779 3753 1845 3818 Epi.

482 3839 597 3901 plram'r's]
609 3838 768 3902 ephipham'r‘s
789 3839 813 3886 N
824 3855 831 3895 ;
852 3835 1016 3900 aepliplam's
1031 3836 1058 3884 F.
1159 3832 1326 3897 bscqrrr'mnr]
1339 3835 1360 3883 F
1372 3851 1378 3892 3
1398 3847 1533 3897 sequamur
1543 3832 1597 3900 χΝ.
1699 3843 1713 3895 7
1725 3835 1846 3898 abuma]

483 3922 595 3969 stimulat
614 3937 641 3989 χ.
762 3933 788 3968 tt
812 3935 853 3967 nos
870 3917 967 3982 probari
987 3933 1006 3984 χ
1027 3925 1051 3965 et
1074 3917 1148 3965 codd.
1170 3931 1215 3978 pro
1238 3931 1287 3964 non
1305 3916 1416 3979 probat?
1543 3913 1614 3963 161!
1633 3915 1685 3978 nos]
1706 3931 1726 3984 χ
1744 3932 1795 3967 om.
1808 3925 1843 3969 et.

485 4015 516 4050 20
527 4003 623 4067 imunt]
634 4008 758 4050 venerunt
769 4017 796 4069 χ.
899 4013 928 4048 22
945 3999 1069 4060 (bonnm
1089 3996 1179 4059 r'gr'turl
1193 3997 1239 4045 FN
1251 4015 1258 4054 ς
1278 3997 1498 4063 ᾳνοηιοιίοινμχ.
1600 3999 1723 4062 23potur't
1738 3999 1846 4050 trndr'tr'o

484 4085 533 4145 ini]
545 4085 648 4134 traditio
660 4084 697 4132 r'bae'
706 4085 789 4132 delmi!
802 4099 827 4149 χ.
899 4093 928 4144 25
941 4084 1010 4145 sunt]
1025 4085 1052 4142 F,
1069 4083 1091 4130 N
1107 4095 1116 4130 1
1130 4099 1152 4130 m
1165 4100 1171 4141 ;
1184 4089 1220 4130 cst
1232 4083 1255 4130 N
1268 4097 1322 4145 sup.
1337 4081 1372 4130 lin
1383 4099 1389 4140 ;
1401 4096 1451 4130 orn.
1467 4097 1493 4149 χ.
1570 4081 1602 4130 26
1605 4081 1728 4146 formant]
1732 4081 1847 4147 suerunt

484 4167 534 4233 gt,
551 4168 574 4214 N
588 4182 650 4216 corr.
751 4164 834 4225 arbuti]
845 4167 970 4213 er'ecrrrmt
981 4181 1009 4233 χ.

524 4361 548 4417 5.
573 4345 641 4401 Alii
660 4351 770 4417 putant
796 4342 872 4416 quad
894 4343 925 4398 in
954 4339 1134 4415 Epiphanio
1186 4337 1341 4412 hucusque
1367 4335 1544 4397 venerabilis
1565 4345 1618 4410 est,
1635 4355 1705 4410 non,
1731 4347 1763 4397 ut
1778 4339 1843 4415 qui-

481 4421 621 4503 nnscr'lnr]
639 4425 763 4482 Hieron.
782 4423 809 4480 in
825 4425 931 4480 Erech.
950 4441 972 4490 r,
988 4442 1004 4496 3
1019 4425 1025 4450 ‘
1040 4421 1133 4495 Quin·
1184 4419 1253 4477 dani
1271 4430 1383 4494 putant,
1396 4418 1511 4478 Natalis
1526 4417 1657 4478 incarne
1670 4420 1687 4478 ’.

481 4519 540 4564 tarn
571 4519 670 4563 autent
694 4505 774 4564 diem
802 4504 912 4563 mensis
934 4501 1078 4577 adiungit,
1100 4513 1131 4558 ut
1225 4503 1250 4559 8.
1270 4497 1428 4579 Dominus]
1452 4502 1540 4560 Rom.
1561 4518 1606 4572 14,
1623 4517 1639 4577 5
1666 4512 1696 4560 et
1711 4499 1786 4560 Phil.
1812 4521 1841 4578 3,

479 4587 624 4660 significet
648 4587 803 4659 baptisma,
821 4585 927 4661 inquo
948 4583 1041 4661 aperti
1062 4595 1131 4642 sunt
1187 4601 1230 4658 15.

478 4667 598 4730 Christo
628 4669 712 4740 cncli,
742 4681 769 4726 et
802 4665 1037 4743 Epiphaniorunt
1067 4665 1130 4724 dies
1226 4685 1269 4721 20.
1283 4660 1432 4743 credentes]
1449 4666 1513 4724 Act.
1529 4667 1557 4734 8,
1578 4683 1601 4722 t.
