4202 5492
455 407 512 492 70
837 411 865 470 S.
891 411 1144 473 HIERONYMI
1167 416 1432 476 PRESBYTERI

466 626 620 709 Denique
637 639 670 691 et
685 629 839 710 apostoli,
854 631 1011 712 quoniam
1030 632 1174 713 Spiritus
1194 642 1329 696 sanctus
1343 635 1560 698 descenderat
1576 655 1674 716 super
1695 655 1752 697 eos
1775 641 1809 696 et

462 729 645 812 inpleverat
668 753 735 809 eos,
749 741 784 795 et
799 733 1020 816 loquebantur
1037 735 1157 818 linguis
1172 737 1280 812 variis,
1296 719 1471 820 propterea
1487 738 1683 802 dicebantur
1699 751 1809 801 musto

458 833 558 915 pleni.
1003 845 1009 858 '

504 944 616 1010 Multa
631 957 709 1010 sunt
736 968 821 1030 quae
845 948 999 1013 dicantur
1023 953 1067 1014 de
1090 951 1157 1014 vini
1184 955 1344 1036 mysterio
1359 963 1393 1019 et
1416 953 1459 1017 de
1474 953 1642 1017 ebrietate.
1659 952 1700 1015 ln
1704 953 1809 1036 finem

454 1059 517 1132 pro
527 1049 749 1128 torcularibus,
760 1051 882 1134 Asaplr.
896 1052 1045 1118 Octavus
1061 1055 1219 1137 psalmus,
1233 1068 1267 1121 et
1283 1060 1517 1140 octogesimus,
1537 1067 1572 1122 et
1586 1057 1810 1139 octogesimus
1846 1082 1860 1135 ς

459 1154 586 1218 tertius.
604 1155 726 1220 Nullus
741 1156 825 1220 alius
852 1167 983 1239 poterat
1010 1157 1132 1223 habere
1147 1161 1324 1225 torcularia
1346 1182 1513 1238 numerus,
1529 1161 1591 1224 nisi
1608 1171 1755 1239 octavus,
1777 1172 1811 1225 et

346 1257 349 1265 '
461 1260 695 1340 octogesimus,
710 1270 744 1324 et
768 1265 994 1346 octogesimus
1017 1265 1143 1330 tertius.
1161 1265 1310 1332 Octavus
1336 1266 1407 1330 dies
1433 1265 1679 1330 resurrectionis
1703 1265 1809 1329 estin

460 1362 620 1445 singulari
648 1385 795 1432 numero.
823 1367 967 1432 Rursum
996 1369 1028 1432 in
1056 1379 1134 1434 octo
1153 1372 1336 1435 decadibus
1358 1369 1583 1452 octogesimus
1600 1367 1683 1430 alius
1706 1368 1811 1432 maior

461 1485 627 1533 numerus.
643 1468 776 1534 Videtis
792 1493 874 1566 ergo
886 1475 1044 1556 quoniam
1071 1475 1152 1538 haec
1168 1475 1345 1540 torcularia
1360 1495 1428 1539 non
1454 1473 1733 1557 praescribuntur,
1747 1473 1811 1536 nisi

462 1571 494 1634 in
510 1573 566 1638 die
582 1575 839 1653 resurrectionis,
861 1587 990 1655 octava,
1005 1590 1039 1643 et
1054 1580 1268 1662 octogesima.
1287 1579 1387 1643 Dicat
1403 1578 1543 1662 aliquis:
1560 1577 1673 1660 Quare
1695 1587 1812 1659 postea
1833 1606 1864 1643 ro

462 1676 584 1740 dicitur
611 1679 643 1741 in
671 1682 879 1762 octogesimo
905 1684 1004 1747 tertio
1030 1684 1232 1747 torcularia?
1252 1685 1346 1747 Haec
1372 1682 1549 1747 torcularia
1575 1682 1619 1746 ad
1637 1681 1812 1745 Trinitatis

464 1785 659 1862 mysterium
688 1786 864 1868 pertinent.
893 1787 1072 1870 Propterea
1098 1797 1132 1852 et
1159 1799 1226 1853 tres
1250 1797 1328 1851 sunt
1344 1787 1618 1852 chorodidascali.
1636 1787 1676 1850 In
1692 1795 1813 1849 octavo

463 1887 592 1963 dicitur,
620 1887 771 1952 Psaimus
797 1891 931 1955 David:
958 1893 990 1954 in
1007 1893 1223 1973 octogesimo,
1247 1891 1367 1975 Asaph
1384 1917 1391 1957 :
1411 1889 1444 1955 in
1472 1891 1681 1972 octogesimo
1706 1890 1814 1963 tertio,

464 1990 606 2055 filiorum
624 1991 741 2058 Chore
758 1993 908 2059 Octavus
924 2006 975 2060 est
992 1997 1113 2070 David,
1127 1997 1184 2079 qui
1203 1997 1439 2079 interpretatur
1455 1995 1549 2060 sortis
1575 2014 1686 2058 manu.
1704 1993 1813 2057 Prima

463 2097 552 2161 enim
565 2107 679 2162 nostra
691 2100 830 2164 victoria
840 2119 988 2182 pugnam
1002 2101 1103 2165 habet
1118 2110 1219 2183 atque
1235 2101 1358 2164 luctam
1375 2125 1382 2166 :
1398 2109 1575 2184 propterea
1588 2099 1711 2163 dicitnr
1722 2097 1814 2161 tortis
1836 2128 1845 2164 ι
1850 2125 1864 2179 5

464 2222 564 2266 manu
583 2204 704 2269 David.
721 2205 876 2270 Secunda
891 2226 980 2284 vera,
994 2205 1058 2270 hoc
1073 2217 1124 2272 est
1140 2207 1172 2270 in
1189 2208 1405 2289 octogesimo,
1422 2205 1550 2289 Asaph.
1566 2203 1685 2287 Asaplr
1701 2213 1813 2268 autern

466 2306 702 2390 interpretatur
718 2329 901 2392 synagoga.
921 2311 959 2374 In
976 2321 1096 2374 octavo
1112 2331 1192 2394 ergo
1208 2291 1380 2388 vincimus,
1395 2321 1429 2375 et
1452 2311 1485 2374 in
1506 2307 1714 2392 octogesimo
1737 2328 1813 2372 cum

465 2409 614 2474 Domino
639 2433 890 2496 congregamur.
910 2414 947 2476 In
964 2413 1170 2496 octogesimo
1186 2435 1265 2478 vero
1280 2415 1389 2491 tertio,
1404 2412 1546 2477 filiorum
1563 2413 1681 2477 Chore.
1705 2411 1815 2476 Chore

463 2511 699 2594 interpretatur
724 2514 909 2583 Calvaria‘
926 2518 1082 2582 Ascende
1106 2518 1208 2596 calve,
1236 2519 1380 2582 ascende
1410 2517 1502 2582 calve
1515 2517 1529 2581 '.
1556 2517 1632 2580 Hoc
1659 2516 1814 2579 dicebant
1880 2539 1883 2544 ·

462 2618 562 2680 etiam
575 2617 666 2701 pueri
686 2619 854 2699 Helisaeo,
865 2623 1024 2705 quoniam
1038 2642 1154 2704 passus
1171 2623 1277 2688 iuerat
1294 2624 1325 2686 in
1344 2623 1418 2686 loco
1430 2621 1602 2685 calvariae.
1616 2618 1725 2683 Multa
1737 2629 1814 2682 sunt
1834 2645 1866 2682 20

461 2741 547 2805 quae
562 2723 726 2802 dicantur,
740 2726 913 2808 quomodo
937 2725 1116 2790 Helisaeus
1143 2728 1174 2790 in
1197 2727 1314 2790 Bethel
1344 2726 1462 2789 inrisus
1487 2725 1529 2787 sit
1552 2723 1811 2807 aquadraginta

461 2827 593 2890 duobus
609 2829 726 2910 pueris,
746 2829 909 2893 istasunt
925 2829 1110 2908 torcularia,
1131 2829 1309 2913 dequibus
1326 2830 1407 2892 dicit
1428 2836 1462 2893 et
1479 2829 1653 2893 Salvator:
1674 2831 1683 2859 ‘
1700 2827 1814 2891 Facite

462 2931 556 2994 vobis
572 2931 698 2995 amicos
713 2933 756 2995 de
786 2934 901 3016 iniquo
926 2953 1093 3012 mamona,
1110 2943 1146 2996 ut
1171 2953 1231 2996 vos
1259 2933 1420 3016 recipiant
1447 2932 1479 2995 in
1505 2941 1641 2995 aeterna
1661 2929 1815 2994 taberna·

461 3033 568 3099 cula'

390 3219 393 3230 1
508 3147 595 3224 Quia
615 3157 820 3231 praeceptum
836 3149 967 3212 Israhel
977 3159 1033 3228 est,
1057 3159 1089 3212 et
1105 3149 1261 3212 iudicium
1278 3149 1347 3212 Deo
1362 3147 1465 3210 Iacob.
1482 3145 1581 3227 Quod
1600 3155 1813 3228 praeceptum
1835 3163 1865 3217 25

251 3237 255 3249 ’
337 3232 344 3242 ’
372 3266 376 3288 ·
462 3250 552 3314 Dei?
570 3251 608 3314 In
626 3253 762 3315 victoria
782 3253 855 3316 Deo
871 3274 989 3317 canere
1004 3277 1010 3318 :
1027 3274 1093 3317 non
1111 3273 1205 3317 suam
1223 3261 1350 3336 putare,
1365 3253 1422 3315 sed
1443 3251 1590 3314 Domini.

507 3365 589 3431 Cum
603 3366 705 3430 exiret
719 3367 758 3430 de
773 3377 861 3430 terra
877 3367 1024 3450 Aegypti,
1035 3367 1293 3450 linguamquam
1309 3387 1371 3429 non
1388 3371 1523 3428 noverat
1536 3361 1677 3427 audivit.
1693 3361 1738 3426 Et
1756 3383 1817 3425 nos

460 3471 597 3554 quando
618 3471 741 3553 egressi
758 3491 872 3534 sumus
896 3473 939 3537 de
962 3471 1132 3555 Aegypto,
1147 3471 1335 3535 audivimus
1364 3469 1512 3551 linguam
1528 3485 1629 3549 quarn
1647 3465 1816 3529 nescieba-

461 3593 542 3638 mus.
560 3575 645 3658 Quis
661 3587 811 3660 nostrum
836 3577 962 3640 sciebat
983 3576 1216 3658 evangelium?
1232 3575 1307 3659 quis
1330 3573 1547 3657 apostolum?
1572 3575 1647 3658 quis
1674 3566 1816 3656 prophe-

460 3685 538 3742 tas?
555 3679 688 3763 Egressi
705 3700 819 3744 snmus
835 3681 878 3744 de
895 3681 1041 3763 Aegyto,
1056 3691 1088 3744 et
1103 3681 1291 3744 audivimus
1301 3679 1449 3761 linguam
1463 3697 1563 3761 quam
1577 3678 1817 3755 nesciebamus,
1835 3703 1868 3754 ³0

461 3784 638 3850 didicimus
655 3783 803 3866 linguam
819 3805 920 3866 quam
939 3785 1178 3850 nesciebamus.

506 3897 550 3960 Et
565 3897 678 3959 statim
696 3896 854 3979 sequitur,
866 3895 1016 3959 Devertit
1030 3896 1071 3960 ab
1085 3896 1234 3960 oneribus
1247 3895 1381 3959 dorsum
1395 3895 1474 3960 eius.
1491 3896 1638 3979 Quando
1653 3897 1686 3960 in
1704 3897 1818 3980 Aegy·
1914 3887 1919 3896 ’

461 4015 520 4084 pto
530 4019 671 4078 eramus,
680 3999 920 4064 extruebamus
930 3999 1081 4063 civitates
1093 4001 1262 4076 Faraonis,
1274 4000 1380 4063 lutum
1393 4009 1427 4064 et
1439 3999 1576 4064 laterem
1591 4000 1816 4082 portabamus,

492 4191 514 4259 4ι
519 4199 548 4248 de
558 4197 684 4260 ebrietate]
694 4198 716 4248 G
726 4198 785 4248 add.
797 4181 839 4246 sed
848 4197 891 4245 hoc
901 4197 994 4247 dixisse
1005 4196 1128 4262 suffitia&
1146 4197 1163 4246 S
1175 4197 1218 4245 sed
1228 4197 1279 4244 ianr
1292 4196 1420 4244 redeamus
1433 4193 1610 4258 adpsalmum.
1680 4205 1711 4255 23
1721 4193 1819 4256 iniquo]

462 4279 497 4348 liS
510 4281 556 4342 (ita
570 4282 676 4332 llieron.
690 4297 730 4346 ep.
749 4281 802 4340 108,
817 4295 841 4330 n.
859 4279 887 4329 16
898 4298 905 4340 ς
917 4296 957 4345 ep.
975 4291 1029 4340 121,
1043 4295 1065 4330 c.
1079 4278 1123 4340 6);
1141 4281 1244 4328 s'nimr'co
1257 4279 1316 4339 BC;
1334 4277 1455 4327 inimicus
1468 4277 1500 4326 G.
1602 4274 1729 4335 nrarnona]
1741 4290 1817 4322 neam-

460 4379 534 4413 morra
547 4361 595 4430 pc.
695 4375 726 4426 25
740 4363 850 4424 lsralrel]
863 4362 950 4412 AliCS
964 4365 1009 4427 (gr.
1024 4364 1067 4429 τῷ.
1076 4355 1210 4430 deperiit:
1229 4362 1256 4409 in
1269 4359 1369 4409 Israhel
1380 4358 1429 4425 pu.
1446 4357 1544 4408 Exinde
1559 4355 1574 4422 β
1587 4357 1692 4406 multum
1711 4355 1792 4406 diflert
1804 4372 1819 4404 a

459 4446 533 4496 codd.
550 4462 607 4494 urss.
710 4446 741 4493 26
752 4445 835 4506 seruere]
847 4446 884 4504 133
902 4461 977 4494 suum
990 4445 1091 4494 ACSG.

504 4617 529 4673 3.
540 4593 635 4677 pleni]
648 4599 713 4656 Act.
730 4617 755 4668 ι,
772 4617 781 4653 1
789 4618 813 4671 3.
1206 4617 1219 4654 2
1225 4617 1252 4672 3.
1270 4591 1467 4674 sasernis-ula]
1482 4595 1553 4652 Luc.
1574 4593 1618 4663 16,
1635 4609 1661 4667 9.

507 4699 550 4754 19.
566 4675 683 4758 ealue]4
703 4679 776 4754 Reg.
796 4699 822 4749 e,
842 4698 886 4754 ²3·
