4158 5492
429 423 480 480 22
810 419 838 478 S.
865 419 1118 480 HIERONYMI
1143 419 1407 482 PRESBYTERI

433 633 568 717 ignosce
590 633 647 709 eis,
664 633 753 716 quod
778 634 866 700 enim
884 633 1010 700 iaciunt
1025 635 1177 701 nesciunt
1192 635 1208 700 ’.
1232 635 1456 718 Persequatur
1469 634 1620 699 inimicus
1638 633 1787 698 animam

432 758 547 816 meam,
561 747 594 802 et
612 736 849 820 conprehendat.
866 743 873 769 ‘
890 737 1083 803 Novissima
1107 739 1241 804 inimica
1256 740 1425 805 destructa
1448 748 1499 803 est
1514 757 1604 803 mors
1618 737 1636 804 '.
1651 737 1700 802 Et
1717 756 1786 800 con·

428 840 527 904 enicet
551 838 587 904 in
616 849 739 904 terram
763 840 869 905 vitam
890 861 1004 906 meam.
1031 841 1113 906 Vita
1139 862 1206 906 non
1232 850 1343 926 potest
1366 843 1559 908 conculcari.
1574 841 1624 906 Et
1642 839 1787 925 gloriam

432 965 538 1009 meam
564 943 599 1008 in
619 943 790 1028 pulverem
805 944 949 1011 deducat.
973 944 1019 1024 Si,
1045 946 1162 1030 inquit,
1187 946 1328 1012 inimicis
1353 948 1436 1010 meis
1460 946 1549 1011 maia
1573 945 1703 1010 reddidi
1726 965 1787 1029 pro

431 1048 536 1124 maiis,
553 1066 620 1112 non
638 1067 818 1132 resurgam.
839 1048 990 1132 Exsurge
1004 1049 1146 1114 Domine
1161 1049 1196 1114 in
1209 1049 1262 1114 ira
1281 1060 1347 1114 tua.
1361 1049 1530 1134 Quoniam
1546 1059 1581 1114 te
1592 1067 1660 1132 nott
1676 1067 1786 1113 sense·
1821 1063 1836 1117 5

431 1160 507 1215 runt
524 1170 582 1233 per
592 1149 762 1229 beneficia,
772 1153 918 1216 sentiant
928 1173 987 1237 per
1001 1153 1218 1219 iracundiam.
1227 1153 1387 1218 Exultarn
1396 1151 1568 1237 infinibus
1582 1151 1787 1217 inimieorum

432 1275 587 1321 meorum.
612 1257 676 1320 Pro
700 1257 841 1322 inimicis
867 1267 972 1341 rogat,
998 1267 1035 1322 ut
1062 1258 1094 1321 in
1122 1258 1332 1322 inimicorum
1360 1256 1480 1322 finibus
1507 1257 1683 1324 exaltetur.
1701 1258 1786 1323 Cum

433 1361 521 1423 enim
540 1359 664 1424 inimici
681 1381 753 1424 esse
768 1362 981 1438 cessaverint,
997 1370 1078 1426 tunc
1093 1371 1139 1440 tu,
1152 1362 1308 1441 Domine,
1323 1361 1525 1427 exaltaberis
1542 1363 1574 1428 in
1590 1363 1647 1430 eis.

426 1551 428 1556 Ι
477 1463 628 1546 Exsurge
648 1465 790 1528 Domine
813 1464 904 1530 Deus
924 1485 1014 1530 meus
1038 1466 1073 1531 in
1088 1476 1254 1550 praecepto
1279 1466 1367 1549 quod
1387 1467 1563 1546 mandasti,
1581 1479 1613 1533 et
1626 1487 1789 1551 synagoga

427 1568 620 1651 populorum
635 1568 849 1635 circumdabit
860 1581 896 1637 te.
915 1571 992 1636 Hoc
1008 1593 1069 1636 nos
1084 1572 1235 1650 dicimus,
1245 1573 1308 1638 hoc
1320 1575 1492 1639 credentes
1508 1573 1683 1657 loquimur.
1694 1572 1789 1638 Sem·
1810 1585 1840 1622 ¹0

435 1693 493 1754 per
511 1672 600 1736 enim
629 1693 790 1757 personae
816 1686 988 1742 mutantur
1003 1677 1036 1740 in
1064 1676 1212 1761 psalmis.
1239 1678 1385 1744 Multum
1413 1688 1463 1744 est
1488 1699 1576 1744 nunc
1601 1678 1628 1742 si
1649 1677 1789 1741 velimus

436 1777 468 1841 io
494 1777 632 1860 psalmis
648 1779 767 1858 dicere,
782 1780 815 1844 in
838 1791 920 1866 quot
936 1792 1082 1867 quantae
1098 1803 1261 1866 personae
1287 1791 1468 1850 mutantur.
1484 1783 1636 1864 Exsurge
1650 1780 1791 1845 Domine

435 1881 527 1945 Deus
536 1903 625 1948 meus
637 1885 841 1968 inpraecepto
854 1885 1124 1969 qnodmandasti.
1138 1887 1215 1952 Hoc
1231 1909 1292 1953 nos
1307 1889 1468 1953 dicimus:
1486 1888 1549 1952 Pro
1561 1887 1658 1951 nobis
1673 1906 1791 1969 passus

436 2006 481 2064 es,
506 2006 566 2070 pro
591 1989 687 2054 nobis
711 1989 890 2055 crucifixus
915 2011 971 2071 es;
993 2012 1138 2076 exsurge
1159 2003 1193 2059 et
1214 1993 1306 2057 saiva
1326 2013 1395 2056 nos.
1412 1991 1577 2057 Videmus
1592 1991 1659 2054 vim
1684 1990 1791 2056 iacere

437 2093 641 2172 scripturae3
668 2095 727 2160 sed
743 2116 782 2160 ea
798 2115 884 2179 quae
903 2098 1141 2180 consequentia
1157 2105 1244 2174 sunt,
1264 2115 1325 2160 nos
1341 2096 1385 2160 ab
1410 2094 1473 2158 bac
1490 2093 1615 2158 invidia
1641 2092 1791 2164 liberant.
1812 2108 1840 2161 ¹5

426 2194 529 2292 ¹Quid
547 2198 636 2264 enim
658 2199 831 2283 sequitur?
846 2199 895 2264 Et
912 2222 1077 2286 synagoga
1093 2201 1286 2284 papularum
1305 2197 1520 2264 circumdabit
1544 2207 1583 2264 te.
1612 2198 1792 2280 Propterea

438 2322 592 2386 exsurge,
608 2313 644 2368 ut
655 2305 770 2369 credat
780 2305 814 2369 in
833 2315 866 2369 te
882 2305 1026 2388 plurima
1041 2305 1230 2371 multitudo.
1247 2305 1333 2370 Cum
1349 2305 1438 2369 enim
1456 2302 1694 2378 exsurrexeris,
1709 2301 1789 2383 quid

437 2406 527 2471 aliud
542 2407 784 2490 deprecamur?
801 2409 981 2474 Revertere
996 2411 1038 2474 ad
1057 2410 1199 2475 Patrem.
1215 2409 1262 2475 Et
1272 2418 1405 2492 propter
1417 2407 1502 2472 hanc
1515 2408 1550 2472 in
1565 2408 1671 2472 altum
1686 2427 1790 2490 regre-

433 2513 515 2577 dere.
530 2513 591 2576 Pro
603 2518 688 2596 qua?
704 2533 766 2596 pro
779 2533 954 2597 synagoga
969 2513 1178 2596 populorum.
1195 2512 1296 2596 Quod
1308 2523 1458 2579 mortuus
1473 2531 1518 2590 es,
1531 2513 1627 2577 nobis
1641 2520 1790 2577 mortuus

435 2635 494 2694 es;
518 2618 606 2699 quod
625 2617 842 2694 resurrexisti,
870 2617 965 2682 nobis
993 2617 1224 2696 resurrexisti;
1250 2620 1340 2700 quod
1368 2617 1547 2682 ascendisti
1575 2617 1618 2682 ad
1648 2617 1791 2695 Patrem,
1809 2631 1843 2670 20

437 2719 533 2783 nobis
548 2720 700 2787 ascende.
726 2720 773 2785 Et
788 2731 923 2805 propter
938 2720 1023 2786 hanc
1046 2721 1080 2785 iu
1100 2723 1206 2786 altum
1231 2721 1404 2804 regredere.
1424 2721 1560 2786 ‘Nemo
1582 2720 1733 2786 ascendit
1756 2721 1790 2784 in

437 2823 576 2901 caelum,
592 2824 654 2888 nisi
671 2825 727 2908 qui
743 2826 786 2889 de
802 2824 894 2891 caelo
909 2826 1092 2904 descendit,
1109 2825 1213 2890 Filius
1227 2826 1373 2890 hominis
1383 2825 1440 2909 qui
1456 2834 1507 2889 est
1523 2825 1555 2889 in
1573 2823 1673 2888 caelis
1689 2823 1704 2888 '.

478 2927 595 2992 Iudeba
611 2949 662 2992 me
679 2927 821 2992 Domine
835 2929 1009 2993 secundum
1029 2929 1193 2993 iustitiam
1210 2949 1324 3006 meam,
1341 2939 1373 2994 et
1388 2929 1562 2994 seeundum
1577 2926 1793 2992 innocentiam

436 3051 541 3096 meam
563 3042 661 3113 super
683 3052 741 3096 me.
759 3031 836 3095 Hoc
862 3032 974 3098 David
997 3033 1106 3106 dicere
1128 3052 1195 3098 non
1220 3043 1356 3116 potest;
1380 3034 1443 3098 hoc
1468 3033 1601 3117 proprie
1624 3031 1791 3098 Salvatori

436 3135 600 3211 convenit,
616 3136 672 3219 qui
690 3155 756 3199 non
782 3137 941 3218 peccavit.
961 3135 1211 3204 Consummetur
1232 3137 1377 3220 nequitia
1396 3147 1608 3220 peccatorum,
1624 3145 1657 3200 et
1669 3134 1795 3234 diriges
1811 3151 1843 3204 25

471 3313 568 3380 squeri]
579 3315 645 3380 quid
654 3315 680 3366 S.
782 3329 796 3364 2
808 3314 964 3378 Novissima]
975 3314 994 3366 S
1005 3315 1064 3366 add.
1087 3315 1211 3376 omnium,
1225 3313 1241 3382 β
1253 3315 1361 3365 nninrae.
1463 3325 1478 3376 3
1489 3313 1518 3363 in
1530 3315 1635 3378 terram]
1646 3311 1668 3363 C
1679 3313 1747 3372 (Lxx
1759 3304 1795 3368 sic

436 3399 504 3466 γῆν).
612 3395 681 3456 Vita]
698 3398 784 3458 AGS;
802 3399 882 3448 vitam
902 3399 963 3458 BC;
984 3415 1034 3449 om.
1051 3396 1075 3467 β.
1176 3395 1402 3464 τοκικΙταη]β(ἰη
1416 3411 1467 3461 quo
1485 3395 1585 3447 additur
1604 3394 1796 3461 quianansscit

434 3487 513 3544 supra
523 3481 600 3542 dieta)
612 3481 675 3540 A&
694 3482 835 3531 corrculcare
851 3481 928 3532 BCG.
1029 3479 1191 3542 6Exaltaru]
1208 3481 1253 3532 <is
1274 3491 1350 3538 ωας
1369 3485 1392 3528 et
1409 3479 1521 3527 enodare
1534 3475 1558 3546 β.
1660 3486 1674 3539 7
1686 3476 1726 3539 in]
1737 3485 1797 3528 sote

436 3562 599 3612 inimicorum
613 3560 652 3630 βΒ
663 3579 671 3622 3
683 3579 734 3614 om.
749 3563 824 3616 CGS.
924 3563 939 3613 8
951 3563 1064 3624 inimice]
1076 3563 1093 3615 S
1106 3563 1165 3613 add.
1180 3563 1236 3613 mei.
1336 3575 1353 3623 9
1366 3561 1492 3625 Exsurge]
1502 3561 1568 3611 codd
1580 3577 1588 3621 ς
1605 3561 1643 3610 Et
1652 3577 1756 3626 exsurge
1769 3559 1794 3628 β.

439 3643 701 3708 r2inpsatmr's1post
714 3644 874 3696 velimusGS
887 3661 956 3706 ;om.
972 3643 1067 3712 βΑΒΟ.
1168 3645 1198 3694 in
1208 3644 1277 3709 quat]
1294 3643 1388 3708 inquid
1403 3641 1434 3694 C.
1535 3638 1679 3701 Μαίων]
1695 3641 1716 3693 C
1736 3654 1793 3691 sm.

436 3727 499 3786 GS;
516 3733 650 3778 animentur
661 3726 700 3795 βΟ
712 3743 767 3792 sup.
782 3727 825 3778 lin.
929 3736 1056 3794 13passus
1066 3725 1100 3789 es]
1112 3729 1155 3779 GS
1168 3727 1242 3779 inser.
1256 3734 1286 3777 et.
1389 3738 1418 3786 19
1426 3724 1483 3790 pro]
1496 3731 1554 3775 ante
1565 3739 1688 3788 synagma
1699 3739 1749 3773 om.
1764 3723 1793 3773 C.

437 3823 465 3860 21
479 3811 589 3872 arcemie]
601 3812 622 3861 C
637 3824 646 3860 1
661 3827 695 3860 m.
709 3811 742 3871 S;
753 3811 875 3862 ascenditi
886 3811 909 3860 G
924 3822 933 3859 1
948 3827 981 3861 m.
991 3828 999 3870 ;
1010 3811 1144 3861 ascendisti
1155 3808 1203 3878 βΒ,
1217 3811 1241 3860 Α
1253 3809 1310 3870 (isti
1319 3808 1344 3860 in
1357 3809 1418 3868 ras.)
1430 3806 1477 3858 CG
1487 3822 1541 3870 sup.
1553 3805 1597 3857 lin.
1666 3817 1698 3867 24
1707 3804 1796 3867 meam]

437 3909 541 3942 uranum
561 3909 675 3943 mearum
695 3893 721 3943 S.
834 3903 865 3958 25
884 3889 1077 3951 consummetur]
1100 3893 1144 3944 As
1165 3896 1232 3954 (Lxx
1253 3885 1480 3952 συντελεσθήτωὶς
1500 3893 1659 3938 consumetur
1681 3885 1723 3955 βῦ
1746 3895 1794 3938 etc.

437 3975 540 4040 diriges]
550 3975 659 4040 diriges
670 3994 677 4036 ς
694 3974 787 4039 dirigis
799 3975 831 4026 G.

482 4129 503 4167 1.
519 4105 658 4190 nesciunt]
676 4113 746 4170 Luc.
760 4129 806 4186 23,
820 4127 865 4185 34.
1143 4107 1357 4186 prophetalem,
1380 4115 1412 4165 ut
1435 4115 1530 4164 mutet
1553 4113 1675 4181 repente
1699 4119 1797 4178 perso·

480 4211 504 4249 2.
519 4187 608 4271 euers]
624 4211 636 4249 1
655 4193 723 4253 Cor.
745 4208 789 4268 ¹5·
807 4194 853 4250 26.
1143 4207 1196 4248 nas
1206 4190 1221 4248 '.
1239 4185 1317 4247 ibid.
1333 4206 1378 4260 21,
1392 4207 1409 4263 3
1425 4204 1490 4264 sqq.
1505 4209 1512 4246 :
1528 4183 1716 4261 ‘Prophetae
1727 4181 1797 4243 ideo

479 4275 505 4331 6.
518 4273 647 4331 sentiant
664 4281 721 4350 per
743 4269 941 4351 iracundiores]
966 4271 1089 4332 Hieron.
1142 4267 1262 4330 obscuri
1277 4279 1354 4342 sunt,
1371 4266 1441 4346 quia
1467 4283 1612 4344 personae
1627 4263 1656 4324 in
1673 4262 1719 4324 his
1736 4265 1796 4340 plu·

438 4357 609 4418 Comment.
627 4353 656 4414 in
674 4355 780 4415 Ezech.
800 4372 824 4430 7,
849 4369 904 4428 27:
931 4358 985 4412 ‘ut
1000 4371 1089 4429 quem
1142 4351 1234 4412 rimae
1248 4361 1471 4410 commutantur
1486 4351 1501 4409 ’.
1519 4348 1555 4407 In
1572 4347 1677 4408 Ierem.
1695 4348 1722 4418 8,
1742 4362 1796 4422 15:

439 4455 499 4496 non
516 4435 719 4514 intelligebant
735 4455 788 4512 per
802 4434 957 4508 beneficia,
970 4454 1021 4512 per
1036 4450 1092 4492 tor·
1145 4435 1364 4493 ‘Personarum
1390 4430 1525 4502 mutatio,
1556 4440 1585 4490 et
1613 4425 1742 4487 maxime
1766 4429 1796 4486 in

439 4529 540 4578 menta
555 4528 737 4596 cognoscant
752 4519 766 4576 ¹.
1144 4513 1306 4592 prophetis,
1321 4511 1472 4573 difficilem
1497 4512 1681 4571 intellectum
1696 4508 1765 4568 iacit
1781 4511 1796 4568 ’.

484 4619 526 4660 11.
534 4609 672 4678 personae
680 4605 835 4659 mutantur
842 4601 874 4659 in
878 4593 1015 4742 psalterii}
1021 4597 1094 4658 Hie·
1187 4617 1232 4655 22.
1246 4591 1384 4674 incaelis]
1401 4595 1444 4654 10.
1459 4613 1544 4672 3,13.

441 4701 504 4742 ron.
515 4681 545 4742 in
559 4682 597 4742 Is.
609 4702 636 4758 3,
651 4702 700 4756 14:
714 4683 832 4743 ‘Servat
843 4691 990 4742 consuetu
1014 4677 1093 4744 inem
