4060 5498
498 417 762 480 TRACTATUS
788 419 846 478 DE
869 419 1039 480 PSALMO
1065 421 1253 479 LXXXVII.
1498 427 1554 512 49

236 611 470 695 Longefecekti
483 626 573 680 notos
602 638 723 681 measa
738 640 794 680 me.
823 619 861 680 ln
886 619 1042 700 passione
1061 619 1167 681 crucis
1195 620 1299 682 etiam
1326 618 1470 699 apostoli
1499 637 1553 680 me

193 715 358 797 ingerunt,
375 719 406 780 in
439 729 570 784 tantum
589 733 624 785 ut
642 724 713 804 ipse
736 723 853 792 Petrus
869 723 995 786 diceret
1021 723 1167 786 ‘Nescio
1194 723 1364 787 hominem
1381 723 1396 788 '.
1419 721 1553 786 Videtis

191 819 282 898 quod
313 823 489 884 sententiis
520 824 675 888 brevibus
701 813 807 906 magis
838 845 940 907 quam
969 825 1240 906 expositionibus
1274 827 1447 903 currimus,
1473 826 1552 907 quia

192 921 239 984 ita
267 921 348 988 hora
378 927 560 1008 compellit.
590 929 778 993 Posuerunt
809 951 858 993 me
886 928 1157 994 abominationem
1177 929 1250 993 sibi.
1280 930 1395 994 Iudaei
1416 930 1552 1007 scilicet,

158 1025 342 1102 5dicentes
370 1035 377 1062 ‘
402 1029 579 1114 Crucifige,
603 1031 760 1114 crucifige
790 1033 914 1098 talem:
949 1055 1009 1098 nos
1036 1055 1103 1098 non
1143 1034 1307 1097 habemus
1338 1053 1448 1115 regem
1488 1035 1551 1096 nisi

192 1129 396 1202 Caesarem’.
962 1202 964 1208 ¹

244 1235 403 1301 Traditus
427 1250 625 1305 sarnetum
649 1241 844 1324 egrediebar.
867 1242 957 1325 Quid
984 1251 1034 1306 est
1061 1240 1124 1306 hoc
1152 1243 1242 1326 quod
1269 1242 1366 1319 dixit,
1392 1242 1552 1306 Traditus

191 1350 316 1404 sumet
341 1361 406 1404 non
431 1344 649 1424 egrediebar?
674 1345 901 1409 Tradiderunt
929 1367 982 1408 me
1011 1345 1137 1424 iudaei,
1152 1341 1312 1411 ettamen
1330 1365 1391 1426 pro
1406 1343 1551 1407 clemen·

191 1444 238 1504 tia
255 1462 330 1506 mea
346 1464 411 1508 non
429 1447 641 1511 dimittebam
659 1469 724 1526 eos,
742 1449 800 1510 sed
819 1447 940 1511 affectu
959 1448 1115 1511 versabar
1143 1449 1174 1512 in
1201 1448 1257 1510 eis.
1287 1446 1448 1509 Traditus
1478 1465 1552 1509 sum

143 1573 172 1607 to
193 1547 301 1610 Pilato
316 1549 360 1612 ab
376 1551 433 1624 eis,
444 1560 477 1613 et
494 1571 561 1615 non
577 1553 772 1634 egrediebar
795 1552 839 1613 ab
859 1553 916 1626 eis,
932 1554 1046 1615 dicens
1076 1553 1108 1614 in
1127 1573 1223 1615 cruce
1239 1555 1246 1582 ‘
1261 1550 1360 1614 Pater
1376 1570 1476 1632 parce
1494 1551 1553 1623 eis,

190 1653 342 1716 nesciunt
360 1655 439 1736 quid
469 1655 620 1719 faciunt'.
648 1657 809 1718 Dicamus
837 1669 870 1717 et
896 1656 1001 1720 aliter.
1026 1656 1187 1718 Traditus
1213 1666 1338 1717 sumet
1368 1675 1433 1718 non
1460 1675 1552 1736 egre-

189 1753 315 1819 diebar.
334 1756 371 1818 In
390 1759 566 1840 evangelio
581 1761 744 1835 scribitur,
757 1761 847 1840 quod
865 1779 940 1822 cum
960 1769 1157 1840 quaererent
1174 1778 1251 1822 eum
1267 1759 1489 1841 praecipitare
1508 1760 1552 1821 de

188 1861 366 1944 supercilio
383 1864 515 1938 montis,
531 1883 666 1925 securus
683 1875 716 1926 et
734 1864 816 1926 liber
832 1865 874 1925 de
892 1865 1003 1926 medio
1019 1883 1133 1926 eorum
1151 1867 1301 1930 evaserit.
1320 1868 1396 1930 Hoc
1413 1877 1463 1930 est
1474 1885 1555 1948 ergo

189 1963 278 2043 quod
296 1964 398 2026 dicit:
431 1965 604 2048 Numquid
620 1976 654 2030 et
672 1968 773 2030 modo
791 1987 855 2029 non
874 1975 1036 2048 poteram,
1051 1968 1188 2048 quando
1206 1971 1349 2033 traditus
1366 1991 1451 2046 sum,
1476 1989 1551 2034 mea

142 2088 150 2124 ι
156 2087 170 2138 5
189 2066 365 2131 divinitate
381 2069 519 2133 insidias
536 2071 710 2134 hominum
728 2080 761 2134 et
776 2071 970 2133 discrimina
988 2071 1105 2134 mortis
1121 2071 1271 2152 effugere
1286 2076 1299 2133 t
1317 2071 1384 2135 Sed
1410 2072 1489 2153 quia
1509 2071 1551 2134 ad

190 2167 252 2230 hoc
270 2188 425 2233 veneram
440 2180 476 2234 ut
492 2185 632 2256 paterer,
649 2177 725 2238 ideo
742 2175 897 2239 nolebam
914 2175 976 2238 nisi
994 2184 1030 2238 ut
1042 2183 1181 2257 paterer.
1196 2175 1298 2258 Quod
1312 2175 1455 2238 traditus
1468 2195 1554 2252 sum,

189 2273 373 2336 voluntatis
391 2274 461 2353 luit,
477 2289 509 2342 et
527 2281 618 2361 quod
636 2299 701 2343 non
720 2280 924 2362 egrediebar,
940 2279 1123 2343 voluntatis
1135 2277 1208 2342 fuit.
1226 2277 1389 2342 Dicamus
1400 2287 1433 2341 et
1447 2278 1552 2341 aliter.

191 2376 349 2441 Traditus
365 2398 438 2442 sum
457 2385 551 2462 quasi
569 2385 681 2461 homo,
705 2392 738 2446 et
767 2405 832 2447 non
862 2383 1058 2464 egrediebar
1084 2383 1127 2446 de
1154 2382 1339 2446 divinitatis
1368 2382 1553 2447 maiestate.

82 2505 84 2509 ·
191 2480 353 2544 Dicamus
370 2493 402 2546 et
426 2484 530 2552 aliter.
557 2488 716 2551 Traditus
743 2508 817 2551 sum
845 2488 889 2550 ab
916 2487 1119 2564 hominibus,
1147 2487 1239 2550 etde
1256 2486 1330 2548 sinu
1350 2486 1457 2548 Patris
1486 2505 1553 2548 non

140 2617 173 2652 20
190 2585 393 2667 egrediebar.
419 2589 581 2654 Dicamus
605 2605 638 2654 et
665 2590 768 2656 aliter.
795 2592 957 2655 Traditus
984 2609 1057 2652 sum
1083 2591 1178 2674 quasi
1209 2590 1312 2653 homo
1337 2591 1369 2651 in
1398 2600 1495 2666 terra,
1520 2598 1554 2652 et

189 2691 285 2772 quasi
312 2690 406 2754 Deus
433 2712 500 2758 non
525 2693 720 2758 dimiseram
745 2697 885 2758 caelum.
906 2694 1003 2759 Oculi
1027 2695 1095 2756 mei
1117 2693 1318 2775 languerunt
1333 2705 1419 2776 prae
1438 2693 1554 2774 inopia.

191 2791 259 2874 Qui
275 2813 377 2858 sanus
394 2797 569 2861 maiestate
586 2820 659 2862 mea
685 2820 786 2877 eram,
811 2799 961 2862 infirmus
989 2819 1050 2882 pro
1076 2799 1251 2861 hominum
1279 2798 1428 2890 peccatis
1456 2795 1555 2860 effec-

190 2908 344 2962 tussam.

236 3001 393 3066 Clamoai
427 3003 475 3066 ad
501 3015 538 3082 te,
564 3006 713 3070 Domine.
735 3007 811 3071 Non
840 3005 947 3069 solum
980 3025 1070 3080 voce,
1101 3005 1159 3068 sed
1183 3005 1303 3068 corde:
1342 3003 1389 3065 sic
1424 3003 1549 3086 quippe

140 3135 171 3186 25
190 3106 375 3172 clamamus
391 3109 435 3171 ad
454 3110 596 3174 Patrem.
608 3115 615 3144 ⁸
628 3109 839 3175 Clamantem
854 3111 888 3172 in
901 3111 1058 3172 cordibus
1072 3110 1203 3184 nostris,
1219 3108 1320 3171 Abba
1331 3116 1426 3188 pater
1439 3104 1455 3170 '.
1473 3105 1504 3168 T
1500 3115 1553 3168 ota

225 3359 242 3406 4
259 3346 481 3410 abominationem]
501 3349 529 3398 in
550 3348 777 3398 abhominationem
798 3349 832 3408 L;
844 3348 1070 3398 abhominationem
1083 3347 1125 3406 M;
1136 3347 1331 3396 abominationes
1346 3345 1378 3406 V,
1393 3346 1427 3394 ob
1441 3344 1552 3395 litteram

188 3426 287 3477 rinitio
300 3427 367 3477 vocis
378 3443 431 3493 seq.
532 3431 632 3494 scilieet]
644 3434 727 3495 igitur
739 3432 768 3482 L.
870 3429 1020 3496 semeifige]
1033 3446 1083 3480 non
1096 3438 1175 3494 repet.
1191 3430 1220 3479 L.
1322 3429 1498 3493 7dr'xitJdicit
1514 3428 1550 3478 M.

190 3505 263 3570 Spro
273 3508 403 3557 elementia
415 3523 470 3556 mea
481 3525 507 3559 n.
521 3511 583 3560 dim.
598 3512 644 3572 eos]
657 3511 750 3571 MOV;
762 3511 804 3559 tas
815 3528 831 3558 a
842 3527 897 3560 mea
908 3512 1037 3560 elementia
1049 3527 1100 3558 aon
1110 3510 1205 3558 dinritt.
1221 3509 1250 3561 L.
1351 3523 1367 3570 9
1385 3509 1553 3570 dimittebam]

189 3589 319 3638 dimittam
338 3591 374 3639 M.
474 3593 602 3658 versabar]
621 3593 736 3641 versabor
754 3593 790 3641 M.
894 3605 925 3640 10
940 3592 1091 3656 egrediebar]
1107 3592 1238 3655 egoegred.
1255 3592 1283 3640 L.
1388 3604 1416 3654 13
1434 3592 1553 3652 evaserit]

191 3669 284 3729 MOV;
297 3672 363 3720 exiit
374 3671 405 3722 L.
506 3675 559 3724 Hoc
569 3683 605 3724 est
615 3690 670 3738 ergo
681 3675 748 3739 quod
756 3671 828 3732 dicit]
842 3675 892 3724 LM
908 3691 977 3732 ;om.
992 3674 1049 3724 OV.
1153 3687 1182 3732 14
1193 3682 1216 3723 et
1227 3675 1295 3722 enada
1314 3676 1374 3736 nors]
1387 3673 1423 3732 L;
1442 3680 1466 3721 et
1486 3675 1554 3722 modo

190 3751 250 3813 OV,
263 3753 357 3804 omisso
368 3769 418 3802 non
425 3773 432 3813 ;
453 3769 503 3803 non
515 3754 585 3804 mado
596 3757 633 3816 M,
647 3756 741 3806 omisso
752 3763 783 3804 et.
885 3756 949 3816 raca]
967 3755 1070 3819 scripsi;
1089 3770 1118 3803 ea
1135 3760 1254 3819 quattuor
1271 3755 1380 3812 codices,
1396 3754 1429 3803 ob
1441 3754 1551 3804 litteram

191 3835 254 3884 min
267 3835 523 3901 finevocispracced.
627 3849 655 3901 15
667 3835 810 3898 maranum]
828 3839 939 3888 bortrinis
951 3838 980 3887 L.
1085 3837 1114 3886 16
1126 3837 1179 3885 ideo
1197 3853 1222 3886 n.
1238 3853 1264 3886 n.
1280 3853 1306 3886 a.
1320 3835 1432 3900 paterer]
1448 3853 1498 3886 om.
1520 3837 1549 3886 L.

190 3913 255 3974 nisi]
265 3935 316 3970 om.
332 3919 368 3968 M.
473 3930 500 3980 17
512 3927 536 3969 et
546 3919 623 3985 quod]
637 3921 701 3979 LM;
714 3921 763 3970 OV
774 3937 823 3970 om.
837 3928 869 3968 et.
975 3919 1002 3968 18
1011 3936 1048 3984 sq.
1064 3919 1358 3982 irmiitassumquasi...
1371 3925 1394 3967 et
1401 3913 1487 3976 atr'ter]
1498 3935 1550 3969 om.

190 4001 227 4060 V;
249 4001 273 4050 Ο
292 4000 319 4050 iu
339 4017 418 4065 marg.
441 4015 507 4052 am.
528 4004 611 4067 suppl.
712 3999 863 4066 egrediebar]
872 4003 1004 4066 grede'ebor
1017 4001 1046 4050 L.
1151 4013 1179 4062 19
1191 4015 1228 4064 sq.
1253 3999 1374 4049 Traditus
1385 4016 1443 4048 sans
1455 4001 1515 4050 ab...
1529 4007 1552 4048 et

189 4081 277 4144 aliter]
288 4083 349 4134 item
361 4099 411 4134 om.
427 4085 454 4133 M
469 4093 571 4150 propter
583 4085 734 4136 homoeotel.
836 4097 864 4134 21
879 4083 985 4143 taetram]
1006 4085 1073 4142 LM;
1091 4085 1167 4132 caelos
1186 4082 1243 4132 OV.
1345 4095 1376 4131 22
1399 4083 1460 4144 Qus]
1483 4083 1552 4144 Quia

190 4166 229 4214 V:
242 4165 275 4214 ci.
289 4181 346 4233 pag.
362 4166 480 4229 praeced.
494 4168 510 4216 l.
529 4180 565 4217 10.
666 4165 1079 4231 bominunrpeceatislhaminibus
1091 4165 1120 4216 L.
1222 4175 1253 4228 25
1268 4164 1484 4226 Clamantem]L;
1502 4165 1550 4212 ela·

192 4253 290 4296 neantes
302 4247 389 4297 MOV.

235 4487 260 4524 2.
277 4460 433 4543 bominem]
450 4465 544 4522 Marc.
567 4483 611 4536 14,
636 4482 682 4538 71.
947 4485 990 4522 12.
1004 4465 1044 4522 In
1058 4459 1215 4542 evangelio]
1234 4465 1305 4524 Luc.
1323 4483 1351 4534 4,
1369 4483 1405 4540 ²9
1421 4481 1465 4540 sq.
1533 4435 1548 4457 ,.

234 4550 261 4608 ⁶.
281 4541 448 4624 Caesarem]
465 4547 510 4604 Io.
532 4564 576 4620 19,
597 4562 640 4621 ¹5·
946 4566 960 4601 a
966 4562 992 4621 5.
1003 4541 1103 4624 pater]
1119 4546 1185 4604 Gal.
1202 4565 1229 4616 4,
1253 4550 1282 4603 6.

239 4623 427 4706 rasorium]
445 4628 516 4686 Luc.
536 4645 582 4703 23,
607 4649 653 4703 34.

220 4760 333 4805 Anemosa
344 4757 500 4803 Mmasotsna
511 4757 555 4806 111,
566 4771 583 4807 3·
