4158 5492
635 423 890 486 sancturus
914 427 972 485 ue
996 426 1162 488 Psauuo
1185 426 1349 486 Lxxlm.
1611 426 1668 508 43

355 645 492 728 Dissipa
502 653 615 728 gentes
629 663 713 727 quae
726 643 808 710 bella
829 645 964 710 volunt:
979 646 1042 710 hoc
1059 657 1118 724 est,
1133 647 1317 713 haereticos
1342 647 1479 732 dissipa,
1495 645 1552 734 qui
1569 648 1663 730 inpu-

314 758 417 832 gnant
429 749 613 814 ecclesiam.
639 747 775 814 Venient
788 751 890 834 legati
902 776 943 818 ex
962 755 1113 838 Aegypto.
1131 755 1309 840 Aegyptus
1327 755 1562 839 interpretatur
1578 767 1668 822 tene·

314 855 412 919 brae:
435 855 479 918 de
504 853 650 917 tenebris
677 853 772 919 istius
799 859 921 924 mundi.
951 861 1118 944 Aethiopia
1138 860 1332 948 praenem'et
1350 883 1469 926 manus
1494 861 1565 925 eius
1592 861 1670 927 Deo.

316 959 483 1043 Quoniam
500 980 561 1023 nos
578 959 662 1042 nigri
675 980 806 1024 eramus
822 965 967 1044 peccatis
979 972 1013 1028 et
1029 965 1249 1047 passionibus,
1261 966 1493 1051 praevenimus
1507 964 1669 1047 populum

284 1063 568 1141 slsraheliticum,
598 1073 630 1127 et
661 1066 826 1131 credimus
857 1069 889 1132 in
920 1069 1153 1137 Salvatorem:
1183 1071 1468 1152 quemadmodum
1497 1069 1553 1134 illa
1584 1092 1671 1155 quae

316 1170 438 1234 fluebat
454 1170 627 1252 sanguine,
642 1172 813 1265 praevenit
831 1171 932 1236 filiam
949 1153 1214 1257 archisynagbgi,
1230 1183 1264 1238 et
1280 1185 1424 1240 sanatur.

361 1273 430 1354 Qui
445 1273 591 1339 ascendit
608 1285 705 1356 super
716 1276 840 1340 caelum
862 1278 943 1341 caeli
967 1277 1016 1341 ad
1031 1279 1195 1343 orientem.
1213 1279 1382 1363 Quoniam
1408 1281 1558 1364 superius
1574 1281 1672 1357 dixit,

317 1379 382 1462 Qui
399 1378 550 1444 ascendit
566 1399 666 1462 super
691 1401 844 1445 occasum
860 1402 868 1459 ;
883 1383 937 1446 hic
953 1383 1043 1460 dicit,
1058 1384 1100 1446 ad
1127 1384 1299 1448 orientem.
1316 1383 1464 1466 Quando
1479 1385 1569 1449 enim
1586 1385 1672 1448 occi·

316 1484 400 1546 dunt
416 1481 512 1545 nobis
528 1483 700 1564 passiones
719 1494 752 1548 et
773 1483 822 1550 sol
840 1485 1034 1568 iniquitatis,
1050 1487 1155 1549 oritur
1171 1486 1267 1550 nobis
1285 1487 1333 1550 sol
1351 1487 1518 1554 iustitiae:
1533 1487 1596 1553 hoc
1613 1497 1674 1562 est,

272 1599 301 1637 ¹⁰
316 1588 465 1650 ascendit
478 1607 576 1668 super
588 1606 649 1650 nos
661 1588 837 1666 Dominus
846 1598 880 1654 et
889 1589 1019 1654 habitat
1037 1591 1069 1653 in
1081 1591 1185 1654 nobis.
1203 1589 1282 1654 Ecce
1291 1590 1386 1655 dabit
1395 1591 1466 1656 voci
1478 1613 1556 1656 strae
1569 1613 1672 1655 vocem

316 1693 483 1758 virtutis.‘
502 1693 635 1768 Lazare,
651 1677 725 1756 veni
742 1693 837 1760 iores.
854 1695 861 1721 '
878 1696 957 1759 Ecce
978 1695 1072 1760 dabit
1086 1694 1157 1759 uoci
1179 1717 1260 1760 suae
1278 1717 1382 1760 vocem
1399 1695 1562 1773 virtutis,·
1580 1707 1677 1778 super

318 1797 448 1862 Israhel
459 1797 702 1881 magnificentia
718 1798 795 1862 eius.
813 1797 1065 1881 Magnificentia
1082 1800 1147 1863 Dei
1164 1800 1196 1862 in
1216 1797 1351 1876 Israhel,
1368 1800 1422 1882 qui
1443 1800 1535 1864 videt
1553 1799 1672 1862 Deum.

318 1903 365 1966 Et
377 1902 488 1966 virtus
511 1901 583 1965 eius
607 1899 805 1980 innubilus,
827 1885 965 1981 hocest,
989 1903 1021 1967 in
1039 1903 1210 1988 prophetis
1235 1913 1269 1968 et
1292 1907 1461 1987 apostolis.
1489 1905 1673 1970 ‘Mandavi

319 2006 460 2071 nubibus
477 2007 568 2085 meis,
579 2027 620 2070 ne
633 2006 749 2088 pluant
765 2027 864 2088 super
882 2008 1007 2072 israhel
1019 2008 1158 2073 imbrem
1172 2009 1187 2073 '.
1204 2009 1379 2074 Mirabilis
1393 2010 1486 2075 Deus
1502 2011 1536 2073 in
1551 2010 1676 2074 sanctis

273 2121 301 2176 ¹5
318 2111 395 2176 suis.
413 2113 451 2174 tn
468 2111 532 2176 hoc
549 2111 709 2175 mirabilis
724 2121 775 2178 est
800 2113 902 2192 Deus,
917 2113 1076 2197 quoniam
1099 2114 1146 2180 ita
1161 2113 1281 2179 dilexit
1306 2113 1490 2180 humanum
1507 2133 1622 2197 genus,
1638 2122 1674 2177 ut

320 2217 413 2298 signa
430 2213 529 2282 iaciat
545 2237 604 2298 per
626 2232 760 2282 sanctos
776 2238 862 2283 suos.
880 2219 919 2282 In
937 2217 1008 2282 istis
1037 2215 1144 2301 magis
1161 2217 1321 2282 mirabilis
1336 2227 1388 2284 est
1404 2219 1506 2296 Deus,
1521 2236 1623 2300 quam
1640 2215 1673 2279 in

319 2321 435 2384 ceteris
450 2323 617 2386 creaturis.

708 2493 784 2566 DE
816 2494 1041 2570 PSALMO
1072 2495 1289 2570 LXXIIII.

363 2712 404 2776 ln
412 2713 517 2794 finem
533 2733 571 2776 ne
591 2725 787 2796 corrumpas,
805 2716 956 2796 psalmus
977 2715 1094 2798 Asaplz
1117 2715 1242 2781 cante'ci.
1261 2715 1300 2778 In
1327 2713 1473 2778 hebraeo
1489 2731 1555 2777 non
1574 2711 1676 2776 habet

274 2833 305 2870 20
322 2819 376 2882 ‘in
394 2818 493 2882 finem
510 2819 526 2896 ‘,
553 2817 612 2882 sed
636 2818 738 2882 habet
754 2821 761 2848 ‘
777 2819 892 2882 victori
909 2819 925 2884 '.
952 2819 996 2884 Et
1024 2820 1248 2904 Septuaginta
1263 2821 1460 2901 interpretes
1488 2837 1554 2881 non
1579 2816 1677 2880 valde

322 2931 532 2988 erraverunt:
559 2922 723 3004 siquidem
740 2921 877 2985 victoria
902 2923 1048 3004 perlecta
1064 2933 1122 2987 est.
1141 2925 1231 2986 Bene
1257 2923 1355 2996 dixit,
1372 2923 1411 2986 In
1429 2922 1529 2986 finem
1547 2940 1588 2984 ne
1603 2941 1676 2984 cor-

323 3046 464 3108 rumpas.
493 3026 569 3090 Hoc
596 3024 733 3089 verbum
762 3025 875 3090 multis
902 3027 1011 3091 modis
1041 3029 1287 3110 interpretatur.
1318 3025 1409 3090 Dicit
1435 3034 1469 3090 et
1496 3025 1608 3088 David
1633 3023 1676 3087 ad

323 3131 466 3216 aliquem
483 3130 526 3194 de
541 3129 657 3193 amicis
673 3129 741 3192 suis
756 3135 784 3194 :‘
803 3129 855 3193 Ne
870 3151 1063 3213 corrumpas
1078 3152 1154 3195 eum
1172 3131 1267 3206 ’,hoc
1284 3140 1334 3195 est
1351 3130 1440 3197 Saul.
1457 3129 1581 3194 Videte
1596 3129 1675 3212 quid

322 3237 420 3301 dicat.
437 3235 483 3299 Et
500 3235 532 3298 in
549 3234 615 3298 alio
631 3233 705 3297 loco
721 3233 871 3315 legimus,
886 3236 1045 3317 quoniam
1062 3235 1237 3300 benedixit
1261 3235 1371 3298 David
1390 3235 1585 3311 Dominum,
1600 3233 1679 3316 quia

276 3357 306 3409 25
324 3340 511 3403 custoditae
526 3346 603 3401 sunt
620 3357 738 3400 manus
754 3337 833 3415 eius,
844 3339 876 3400 id
894 3347 954 3414 est,
969 3358 1011 3401 ne
1027 3338 1204 3404 interficiat
1217 3338 1306 3404 Saul.
1319 3339 1364 3402 Et
1380 3357 1441 3402 nos
1451 3358 1531 3418 ergo
1544 3337 1680 3420 quando

324 3464 389 3507 non
420 3439 636 3507 interficimus
663 3439 819 3523 aliquem,
856 3441 1089 3506 custodiuntur
1120 3461 1239 3507 manus
1275 3452 1418 3507 nostrae.
1451 3441 1519 3505 Alii
1556 3441 1681 3517 dicunt,

324 3546 480 3628 quoniam
498 3545 561 3609 iste
577 3544 725 3627 psalmus
741 3565 761 3607 a
779 3543 889 3610 David
906 3547 1102 3628 conpositus
1118 3556 1178 3624 est,
1193 3555 1227 3611 et
1243 3546 1287 3610 ab
1304 3546 1423 3629 Asaph
1439 3555 1594 3610 cantatus
1609 3554 1682 3623 est;

324 3649 379 3712 alii
395 3657 518 3726 autem,
528 3647 685 3730 quoniam
704 3647 774 3729 ipse
792 3647 911 3731 Asapb
926 3657 959 3713 et
975 3650 1152 3732 conposuit
1169 3659 1202 3714 ct
1217 3650 1376 3714 cantavit.
1389 3649 1481 3731 Ergo
1496 3647 1679 3711 secundum

326 3753 547 3837 Septuaginta
574 3753 637 3816 hoc
664 3752 767 3815 dicit:
795 3749 825 3814 O
847 3752 1004 3832 Domine,
1027 3755 1084 3837 qui
1112 3775 1166 3818 me
1190 3754 1376 3831 custodisti,
1393 3763 1429 3817 ut
1453 3771 1518 3816 non
1548 3752 1679 3815 mittam

278 3881 309 3932 30
326 3878 459 3920 manum
479 3877 587 3920 meam
604 3877 703 3936 super
720 3849 871 3937 xpistum
888 3866 982 3919 tuum
1001 3855 1092 3935 Saul,
1108 3858 1268 3941 usquead
1286 3855 1385 3922 finem
1403 3856 1533 3920 custodi
1552 3873 1613 3917 me.

359 4059 416 4121 3de
434 4059 551 4122 tenebris]
569 4057 591 4107 C
610 4074 640 4106 ex
657 4057 686 4106 de
706 4058 825 4107 tenebrae.
926 4059 942 4108 8
961 4060 1085 4127 occidunt]
1104 4063 1223 4111 accedunt
1243 4065 1293 4114 BC.
1395 4075 1411 4124 9
1428 4061 1506 4120 notis]
1524 4060 1551 4109 in
1570 4059 1637 4109 nohis
1655 4059 1681 4108 S.

330 4151 357 4200 13
370 4140 505 4202 Mandoni]
514 4140 598 4196 AB&
612 4139 731 4187 mamiato
740 4139 792 4190 SG.
866 4141 894 4189 16
903 4147 958 4206 per]
970 4142 991 4190 C
995 4143 1011 4190 S
1020 4160 1025 4200 ;
1038 4151 1113 4206 srrper
1123 4143 1145 4194 G
1154 4162 1161 4202 3
1174 4146 1202 4193 in
1214 4146 1241 4194 B.
1314 4147 1342 4194 18
1356 4151 1399 4192 DE
1407 4149 1538 4192 PSALMO
1548 4141 1684 4202 ιΧΧΙΙΙΙ]

330 4219 414 4270 Exstet
424 4222 449 4270 iu
463 4221 591 4270 breviario
602 4237 643 4285 ap.
655 4220 750 4282 Minue,
764 4223 813 4270 col.
829 4232 897 4282 1097.
1036 4237 1064 4285 19
1077 4226 1161 4288 Asopis
1174 4229 1274 4292 carenti]
1289 4227 1326 4274 Ita
1341 4243 1398 4275 mss.
1413 4235 1437 4276 et
1445 4226 1501 4274 cod.
1517 4225 1576 4272 bibl.
1593 4223 1681 4272 Sineit.

328 4303 376 4368 (τῷ
389 4298 469 4372 Ἀσάφ
482 4297 563 4370 ᾠδῆς)
576 4321 582 4361 ;
594 4303 687 4350 cantici
699 4303 785 4366 Asapt
799 4301 823 4368 sd.
894 4316 924 4350 22
937 4305 1024 4352 multis
1037 4303 1123 4364 erodis]
1133 4308 1161 4354 in
1174 4308 1261 4354 mrrltis
1273 4309 1389 4357 morlisG.

368 4454 393 4509 ό.
410 4461 438 4511 et
449 4449 588 4533 sanatur]
605 4453 713 4512 Matth.
731 4473 758 4528 9,
777 4473 814 4510 20
829 4463 884 4511 etc.
1073 4473 1119 4527 24.
1137 4458 1169 4514 in
1192 4457 1251 4516 ant
1265 4455 1333 4538 loco]
1356 4457 1482 4517 Videtur
1505 4457 1629 4514 contuse
1644 4471 1686 4512 re-

372 4531 583 4613 11.soras]10.
604 4554 647 4605 11,
665 4555 712 4610 43.
1030 4534 1144 4611 spicere
1159 4538 1246 4597 simul
1258 4541 1296 4598 ad
1313 4541 1327 4598 Ι
1344 4541 1417 4616 Reg.
1438 4555 1576 4612 ²5·32·34
1591 4548 1619 4594 et
1637 4555 1682 4608 24,

375 4635 418 4687 14.
434 4613 565 4696 imbrem]
582 4617 621 4674 Is.
638 4632 665 4692 5,
683 4618 709 4674 6.
1035 4636 1077 4676 11.

327 4743 332 4752 .
371 4715 414 4774 23.
431 4695 532 4782 eum]1
552 4699 623 4776 Reg.
642 4699 717 4773 adq.
