4158 5492
665 409 921 472 TRACTATUS
945 412 1002 470 DE
1026 412 1192 475 PSALMO
1212 414 1284 474 Vll.
1605 416 1654 498 19

303 631 430 712 mare);
450 649 492 693 eo
509 629 609 711 igitur
624 636 783 710 tempore,
798 647 865 710 quo
881 628 1025 691 surrexit
1044 627 1229 693 Abessalon
1246 637 1362 692 contra
1379 629 1500 706 David,
1512 650 1596 694 unus
1612 631 1654 694 de

305 737 423 802 amicis
449 736 571 813 David,
596 734 732 800 nomine
759 733 872 811 Chusi,
892 734 997 798 voluit
1017 733 1063 798 ire
1079 753 1153 798 curn
1172 733 1293 810 David,
1316 733 1374 796 sed
1396 732 1506 797 David
1529 735 1654 798 remisit

301 861 376 905 eum
403 840 445 905 ad
471 839 671 916 Abessalon,
697 848 733 904 ut
761 838 932 903 Achitolel
957 838 1095 902 consilia
1121 839 1307 922 dissiparet.
1334 837 1385 900 Eo
1412 847 1562 922 tempore
1586 859 1654 922 quo

302 942 472 1008 Achitoiel
501 943 595 1007 dedit
619 942 805 1020 consilium,
830 951 866 1006 ut
892 941 1082 1006 Abessalon
1111 942 1224 1006 statim
1257 950 1509 1024 persequeretur
1542 943 1652 1007 David

266 1061 281 1114 5
301 1048 500 1132 inparatum,
520 1056 554 1112 et
572 1044 771 1110 interficeret
785 1065 862 1108 eum
878 1069 884 1108 :
908 1044 1010 1109 Chusi
1027 1063 1107 1127 ergo
1122 1045 1216 1109 dedit
1231 1043 1415 1122 consilium,
1431 1053 1464 1108 et
1479 1046 1654 1129 dissipavit

301 1151 475 1216 consilium
488 1149 669 1216 Achitot'el.
680 1149 726 1214 Et
737 1147 826 1212 misit
842 1149 913 1230 ipse
933 1146 1035 1212 Chusi
1047 1147 1199 1212 nuntium
1214 1146 1255 1211 ad
1277 1148 1398 1226 David,
1412 1149 1540 1214 dicens:
1558 1149 1653 1214 Haec

299 1268 333 1320 et
348 1254 431 1320 haec
459 1262 635 1337 praeparat
649 1251 839 1318 Abessalon
854 1272 863 1330 ;
886 1262 919 1316 et
934 1251 1045 1335 coepit
1070 1250 1175 1335 fugire
1192 1252 1302 1314 David
1327 1263 1359 1316 et
1376 1254 1574 1336 praeparari.
1601 1253 1653 1319 Eo

300 1370 451 1442 tempore
467 1377 535 1441 quo
558 1357 662 1423 Chusi
679 1355 852 1421 mandavit
867 1355 969 1419 verba
992 1355 1034 1419 ad
1058 1355 1179 1432 David,
1195 1355 1306 1422 David
1323 1357 1471 1422 cantavit
1486 1357 1652 1440 psalmum

302 1467 403 1530 istum
417 1462 576 1542 Domino,
592 1461 750 1544 quoniam
762 1459 933 1528 Achitolel
946 1459 1084 1525 consilia
1096 1469 1174 1524 sunt
1189 1462 1359 1545 dissipata.
1378 1462 1454 1525 Hoc
1466 1461 1512 1525 illi
1529 1461 1654 1534 dicunt,

252 1581 282 1619 ¹0
301 1578 333 1633 et
350 1587 464 1633 revera
479 1566 721 1633 rationabiliter
736 1574 980 1631 enarraverunt
997 1563 1066 1630 Sed
1091 1564 1268 1650 diligenter
1283 1567 1434 1652 legamus
1453 1569 1654 1652 scripturas:

300 1672 345 1736 ibi
361 1672 451 1736 enim
476 1671 524 1736 ita
551 1672 787 1755 scriptumest,
810 1669 969 1753 quoniam
986 1669 1048 1734 iste
1073 1667 1176 1734 Chusi
1193 1670 1279 1735 filius
1303 1673 1346 1736 sit
1370 1671 1504 1736 Arachi.
1521 1673 1653 1737 Deinde

301 1776 355 1840 ille
381 1775 484 1840 Chusi
509 1794 568 1858 per
595 1775 694 1840 aliam
721 1775 866 1842 litteram
894 1774 1048 1840 scribitur
1073 1774 1105 1840 in
1139 1776 1354 1858 Regnorum:
1385 1778 1430 1842 ibi
1461 1779 1564 1844 Chusi
1595 1801 1654 1862 per

300 1893 450 1945 snuucu
462 1880 624 1958 scribitur,
640 1879 693 1944 hic
709 1889 821 1944 autem
838 1879 942 1945 Chusi
959 1899 1016 1962 per
1028 1893 1089 1946 suu
1104 1880 1249 1948 litteram
1265 1882 1426 1948 scribitur.
1451 1883 1583 1948 Deinde
1598 1884 1654 1948 ille

300 1984 404 2050 Chusi
429 1983 515 2048 lilius
532 1984 680 2063 Aracbi;
707 1984 795 2048 unde
821 1982 917 2048 multi
939 1981 1142 2048 Graecorum
1159 1985 1344 2050 nescientes
1368 1986 1503 2071 legunt:
1525 1986 1653 2052 ‘Chusi

253 2101 281 2154 ¹⁵
300 2090 425 2154 amicus
443 2088 553 2154 David
567 2089 583 2154 ¹.
600 2089 677 2152 Non
694 2088 741 2152 ita
757 2087 858 2152 habet
874 2088 906 2150 in
923 2086 1076 2162 hebraeo,
1088 2089 1146 2152 sed
1160 2089 1207 2153 ita
1220 2089 1319 2154 habet
1330 2091 1489 2172 scriptum
1507 2115 1513 2155 :
1529 2096 1536 2124 ⁸
1550 2090 1654 2156 Chusi

301 2193 386 2258 lilius
402 2193 539 2272 Arachi,
552 2193 680 2256 amicus
698 2191 837 2257 David.'
854 2191 987 2256 Videtis
1003 2213 1083 2275 ergo
1099 2193 1256 2275 quoniam
1274 2203 1307 2258 et
1331 2195 1364 2256 in
1381 2194 1523 2260 lectione
1544 2206 1655 2260 errant

301 2298 428 2364 Graeci.
645 2299 651 2313 ’

346 2399 656 2467 Manifestissimum
683 2419 763 2483 ergo
778 2409 829 2464 est
854 2401 1037 2465 secundum
1066 2401 1215 2484 regulam
1232 2403 1479 2486 scripturarum,
1495 2405 1653 2488 quoniam

303 2504 356 2571 ille
372 2505 475 2572 Chusi
492 2503 578 2568 lilius
598 2512 649 2568 est
667 2503 802 2570 Arachi.
817 2503 884 2568 lste
901 2523 978 2568 vero
999 2503 1102 2569 Chusi
1119 2505 1239 2570 dicitur
1256 2505 1385 2572 lemini.
1402 2507 1491 2591 Quia
1505 2508 1655 2572 diximus

255 2625 286 2662 2⁰
303 2611 393 2676 illum
410 2610 513 2675 Chusi
529 2608 630 2674 fuisse
643 2607 748 2673 filium
766 2608 900 2686 Arachi,
911 2609 985 2693 quis
997 2618 1048 2674 est
1064 2609 1127 2674 iste
1151 2609 1296 2674 lernini?
1315 2611 1359 2674 Et
1375 2611 1536 2674 debemus
1560 2611 1654 2694 spiri-

302 2717 423 2782 talibus
453 2712 614 2799 spiritalia
645 2721 868 2796 conparantes
900 2711 1048 2778 invenire
1078 2713 1223 2778 nominis
1262 2713 1355 2778 istius
1387 2713 1544 2797 regulam.
1585 2714 1654 2779 Ubi

301 2822 487 2886 invenimus
502 2821 536 2884 in
552 2819 723 2901 scripturis
740 2817 884 2882 lemini?
900 2816 994 2881 Nulli
1009 2817 1149 2882 dubium
1165 2827 1225 2895 est,
1248 2819 1327 2901 quin
1350 2816 1455 2881 tribus
1472 2837 1538 2882 una
1554 2817 1597 2882 sit
1612 2819 1655 2882 de

301 2926 486 3004 duodecim,
503 2925 637 2989 nomine
655 2921 839 2986 Beniamin.
864 2921 1105 3004 interpretatur
1117 2930 1230 2986 autem
1248 2921 1433 2997 Beniamin,
1446 2919 1549 2984 Filius
1570 2921 1654 2985 dex-

300 3038 398 3096 terae.
423 3029 476 3094 Eo
500 3027 589 3094 enim
616 3035 767 3108 tempore
794 3026 930 3108 quando
957 3034 1089 3089 mortua
1113 3035 1164 3089 est
1191 3025 1318 3090 Rachel
1342 3027 1375 3090 in
1405 3025 1521 3091 Eirata
1537 3025 1655 3110 (oculis

333 3245 525 3316 ypraeparan]
545 3249 567 3299 C
590 3261 600 3298 1
622 3263 656 3298 m.
679 3247 723 3298 GS
743 3243 1044 3316 (nepumeudCeoButi);
1061 3253 1217 3312 praeparare
1238 3247 1304 3311 μΒΑ
1317 3265 1324 3307 ;
1336 3253 1472 3312 properare
1489 3247 1510 3297 C
1530 3263 1586 3312 sup.
1608 3247 1652 3298 lin.

304 3343 333 3383 10
342 3330 539 3394 manaverunt]
551 3331 595 3395 μῦ
606 3323 802 3397 (ἐξηγήσαντοῖ)
813 3347 820 3390 ;
832 3335 984 3379 erraverunt
994 3329 1092 3390 ABCS,
1104 3329 1190 3394 lepide
1200 3344 1260 3380 sane
1273 3329 1356 3380 lectio.
1445 3342 1473 3380 12
1485 3327 1573 3388 Clausal
1588 3329 1656 3380 chus

302 3414 364 3478 pus
375 3423 400 3465 et
412 3413 448 3464 ite
458 3411 551 3479 pluries
566 3411 638 3462 inira.
743 3424 771 3472 14
782 3419 842 3462 ante
844 3409 1039 3476 filiusSinser.
1059 3412 1161 3461 dr‘citur.
1266 3421 1294 3475 15
1311 3413 1443 3476 scn'ptum]
1462 3413 1612 3477 imm'ptum
1625 3413 1651 3463 S.

304 3494 577 3561 18regulam1regulas
592 3494 622 3545 C.
710 3506 739 3556 ¹9
750 3493 856 3554 dicetur]
863 3491 941 3558 filius
952 3494 975 3542 G
987 3511 993 3552 ;
1004 3493 1180 3558 diciturfilius
1192 3495 1218 3543 S.
1304 3507 1335 3558 23
1347 3493 1458 3555 nomine]
1477 3497 1609 3546 murinum
1621 3495 1652 3547 C.

342 3713 385 3752 ra.
401 3694 433 3752 in
456 3686 635 3769 Regnorum]
652 3709 667 3749 2
684 3691 757 3767 Reg.
774 3708 799 3750 c.
827 3706 860 3766 15
884 3707 948 3766 sqq.
1004 3688 1144 3750 latinus:
1159 3709 1195 3749 ex
1210 3690 1267 3750 hoc
1278 3688 1336 3748 iam
1348 3691 1416 3749 loco
1427 3687 1482 3748 vici
1498 3689 1655 3750 Bethlehe-

301 3773 420 3854 Duplici
434 3775 527 3834 modo
538 3771 626 3833 scribi
641 3789 751 3832 nomen
767 3770 862 3832 Chusi
877 3771 950 3848 pari·
1003 3769 1094 3831 mitici
1118 3769 1247 3830 incolam
1273 3789 1410 3849 agnosce.
1439 3773 1486 3831 De
1512 3770 1654 3830 Rachelis

300 3866 342 3916 ter
357 3865 479 3917 testatur
495 3852 699 3930 Hieronymus
724 3854 752 3912 in
768 3863 949 3912 commenta·
1001 3853 1137 3929 sepulcro
1175 3852 1379 3929 Hieronymus
1418 3851 1448 3912 in
1492 3850 1653 3930 Epitaphio

300 3937 372 3999 riolo
386 3935 474 3997 buius
488 3935 595 4013 psalmi
611 3935 733 4012 p.‘17‚l.
750 3954 796 3993 20.
1002 3933 1111 3993 Paulae
1130 3934 1168 3993 ad
1185 3933 1381 3993 Eustochium
1403 3952 1448 4010 ep.
1469 3935 1534 4004 108,
1552 3953 1579 3994 n.
1602 3954 1653 3992 10:

343 4011 858 4095 14.legunl.·Chusiamr‘cresDavr'd]a
872 4016 945 4092 Reg.
1002 4019 1009 4046 ¹
1028 4013 1163 4092 perrexit,
1178 4013 1283 4092 inquit,
1300 4016 1486 4088 Bethlehem,
1499 4026 1528 4075 et
1544 4016 1573 4073 in
1585 4015 1654 4074 dex·

303 4119 312 4158 r
320 4119 345 4178 5,
374 4119 410 4176 3²
437 4111 467 4159 et
494 4100 540 4170 16,
572 4099 608 4156 16
633 4115 691 4156 sec.
719 4114 803 4156 Lxx:
828 4101 908 4154 Χουσὶ
933 4099 948 4152 ὁ
1001 4106 1063 4156 tera
1086 4106 1170 4173 parte
1184 4095 1296 4156 itineris
1320 4096 1401 4157 stetit
1422 4097 1461 4156 ad
1483 4095 1651 4174 sepulcrum

300 4185 465 4259 ἀρχιεταῑρος
478 4181 565 4252 aeuo,
581 4197 635 4256 pro
646 4196 707 4255 quo
719 4178 877 4256 legendum
888 4189 949 4236 erat
1002 4177 1126 4251 Rachel,
1142 4176 1172 4237 in
1187 4196 1249 4255 quo
1259 4175 1425 4251 Beniamin,
1438 4196 1499 4238 non
1514 4187 1546 4236 ut
1558 4187 1652 4237 mater

301 4263 377 4324 iuxta
393 4263 614 4340 Hieronymum
624 4260 835 4336 ΧουσὶόἊραχί
847 4259 949 4335 ἑταῖρος
1001 4270 1157 4320 vocaverat
1188 4259 1327 4334 moriens,
1360 4258 1485 4332 Benoni,
1518 4259 1576 4318 hoc
1606 4268 1652 4318 est

300 4349 386 4414 11111,
402 4344 659 4426 quemadmodum
671 4361 696 4402 c.
714 4360 747 4417 17
759 4361 784 4400 v.
802 4341 948 4418 ylegitur:
1002 4339 1079 4400 lilius
1094 4341 1205 4401 doloris
1228 4341 1295 4414 mei,
1312 4341 1364 4400 sed
1380 4352 1412 4400 ut
1431 4351 1513 4417 pater
1528 4341 1652 4417 prophe-

302 4429 432 4486 sallem
444 4431 476 4497 tl,
488 4427 534 4484 eei
545 4429 632 4501 γετὸν
644 4428 724 4483 Χουσὶ
735 4428 780 4480 τὸν
793 4425 894 4498 Ἀραχί.
1002 4421 1072 4481 111νὶ1
1084 4421 1113 4481 in
1126 4421 1238 4498 spiritu,
1246 4422 1338 4480 filiurn
1349 4422 1468 4480 dextrae
1478 4421 1649 4497 procreavit,

341 4530 386 4582 24
407 4509 494 4568 omlis
515 4508 619 4570 nostris
633 4507 791 4582 sepulcrum
810 4497 949 4582 videmus]
1002 4515 1092 4580 atque
1120 4502 1191 4563 inde
1218 4503 1392 4562 Bethlehem
1415 4501 1545 4579 ingressa
1565 4503 1572 4530 ’
1593 4516 1648 4562 etc.

301 4593 395 4652 Paulo
419 4589 553 4667 superius
578 4607 630 4665 per
654 4585 821 4665 imperitiae
846 4597 949 4647 notam
1004 4585 1179 4646 Monasterii
1199 4585 1324 4644 aPaula
1346 4603 1399 4660 pro
1424 4582 1491 4643 viris
1513 4583 1651 4648 exstructi

300 4665 951 4750 Graecisinrogataminapertumexiitbomo
1002 4665 1124 4748 vestigia
1133 4667 1213 4726 haud
1224 4665 1505 4746 proculaRachelis
1515 4668 1651 4746 sepulcro
