4092 5502
463 389 545 470 288
840 411 869 469 s.
894 410 1146 471 mnuouvass
1169 411 1433 471 Pressuram

461 628 535 712 ipsa
550 647 586 692 se
601 627 760 704 hortatur,
775 635 810 690 et
825 625 897 709 ipsa
914 624 1101 708 respondet.
1118 625 1209 709 Quid
1225 626 1330 691 dicit?
1347 626 1438 691 Dicit
1455 625 1545 705 mihi,
1562 626 1680 691 Lauda
1705 627 1815 690 anima

463 751 538 796 mea
555 730 760 795 Dominum:
778 749 844 811 ego
871 728 943 810 ipsa
960 731 1155 811 respondeo,
1173 729 1336 794 Laudabo
1364 730 1548 794 Dominum
1577 731 1610 794 in
1638 731 1708 795 vita
1735 751 1817 794 mea.

465 834 571 899 Modo
587 833 722 898 laudare
747 853 812 897 non
842 851 987 915 possum,
1003 833 1148 915 peccatis
1176 853 1316 915 premor.
1333 832 1643 917 Quotienscumque
1671 833 1758 897 labia
1782 834 1816 896 in

464 938 579 1002 laudes
595 937 660 1001 Dei
687 938 809 1020 aperio,
825 938 947 1000 totiens
963 935 1019 999 illa
1035 935 1245 1018 conglutinat
1260 937 1464 1001 conscientia
1490 945 1713 1020 peccatorum.
1731 936 1816 1001 Lau-

463 1041 553 1106 dabo
569 1041 753 1105 Dominum
771 1039 803 1103 in
821 1040 888 1103 vita
905 1059 987 1104 mea.
1007 1039 1145 1105 Pulchre
1160 1040 1258 1115 dixit,
1275 1039 1428 1119 laudabo,
1456 1061 1523 1104 non
1545 1041 1655 1106 laudo.
1673 1039 1819 1124 Quando
1856 1055 1869 1108 5

464 1165 539 1210 cum
558 1145 707 1209 Domino
720 1163 796 1206 meo
812 1141 913 1221 suero,
924 1153 1003 1206 tunc
1016 1144 1161 1208 laudabo
1173 1143 1358 1208 Dominum
1373 1165 1484 1209 meum
1497 1146 1531 1208 in
1541 1146 1610 1210 vita
1623 1165 1706 1210 mea.
1721 1146 1820 1209 Nunc

465 1252 498 1315 in
515 1259 621 1313 morte
637 1267 721 1324 sum,
736 1247 871 1310 laudare
898 1265 963 1310 non
993 1267 1136 1328 possum.
1156 1247 1319 1311 Laudabo
1345 1249 1379 1311 in
1406 1248 1481 1313 vita·
1503 1268 1584 1313 mea.
1602 1249 1683 1312 Vita
1707 1259 1821 1312 nostra

466 1354 606 1436 Xpistus
630 1361 701 1415 est:
730 1349 914 1413 Dominum
942 1350 1117 1414 laudemus
1145 1351 1177 1412 in
1205 1351 1282 1416 vita.
1305 1351 1452 1416 Psallam
1476 1353 1546 1416 Deo
1573 1373 1639 1416 meo
1662 1351 1821 1434 quamdiu

464 1479 524 1522 ero.
541 1457 664 1520 Videte
679 1453 759 1536 quid
771 1453 869 1517 dicat.
887 1451 1034 1535 Quando
1050 1455 1133 1518 iuste
1150 1453 1275 1536 aliquid
1291 1454 1430 1538 agimus,
1441 1475 1575 1542 sumus:
1591 1455 1727 1538 quando
1742 1475 1822 1519 vero

466 1578 652 1644 peccamus,
664 1577 737 1620 esse
751 1556 949 1620 desistimus.
963 1557 1072 1620 Multa
1084 1567 1160 1619 sunt
1174 1577 1259 1639 quae
1269 1558 1430 1635 dicantur,
1441 1560 1499 1622 sed
1512 1559 1554 1622 ad
1569 1557 1668 1623 finem
1685 1558 1822 1623 festinat
1845 1579 1875 1616 ro

467 1664 582 1729 oratio.

511 1769 623 1832 Nolite
637 1765 791 1849 confidere
815 1765 852 1862 in.
869 1761 1079 1845 principibus,
1100 1783 1198 1844 neque
1213 1763 1248 1826 in
1255 1762 1344 1846 filiis
1369 1762 1545 1840 hominum,
1561 1762 1677 1844 quibus
1700 1770 1826 1826 nonest

467 1872 646 1938 salusHoc
662 1868 860 1952 generaliter
870 1868 912 1931 ad
923 1886 1041 1930 omnes
1056 1867 1155 1930 dicit:
1174 1865 1288 1930 Nolite
1303 1867 1470 1932 confidere
1481 1869 1513 1932 in
1530 1867 1744 1951 principibus,
1754 1885 1823 1930 non

469 1979 501 2040 in
519 1975 727 2058 imperatore,
743 1991 809 2035 non
826 1971 860 2034 in
877 1969 1061 2053 praelectis,
1078 1990 1144 2033 non
1161 1971 1193 2034 in
1212 1970 1375 2035 iudicibus
1387 1971 1518 2038 saeculi.
1531 1971 1645 2035 Nolite
1657 1968 1826 2035 confidere

469 2082 507 2146 in
518 2079 731 2162 principibus.
748 2075 816 2158 Qui
831 2085 910 2138 sunt
926 2075 1116 2158 principes?
1130 2073 1380 2140 filiibominum.
1397 2075 1463 2158 Qui
1475 2083 1552 2139 sunt
1564 2073 1620 2138 lilii
1633 2075 1827 2138 hominum?
1847 2098 1874 2152 ις

468 2185 588 2265 quibus
605 2201 671 2246 non
688 2190 739 2245 est
754 2179 850 2244 salus.

512 2285 629 2349 Exibit
641 2284 777 2368 spiritus
791 2284 868 2361 eius,
878 2292 909 2345 et
923 2293 1106 2348 revertetur
1119 2283 1153 2346 in
1169 2293 1292 2347 terram
1307 2305 1412 2348 suam.
1428 2283 1514 2348 Cum
1527 2293 1639 2348 autem
1657 2303 1826 2368 regressus

471 2391 569 2456 luerit
584 2390 616 2454 in
634 2400 755 2453 terram
772 2407 877 2464 suam,
889 2387 968 2470 quid
986 2385 1065 2450 fiet?
1082 2386 1123 2449 Iu
1140 2385 1199 2449 illa
1210 2385 1400 2469 dieperr'ent
1410 2389 1732 2470 omnescogitationes
1742 2386 1827 2450 eius:

471 2494 582 2559 omnis
598 2493 784 2576 principum
801 2489 1012 2556 confidentia.
1029 2491 1188 2556 Peribunt
1204 2511 1321 2555 omnes
1333 2492 1553 2574 cogitationes
1569 2513 1690 2558 eorum.
1711 2490 1827 2558 Nolite

470 2596 636 2663 confidere
663 2597 696 2660 in
723 2596 937 2678 principibus.
954 2595 1052 2658 Multi
1076 2593 1192 2658 confisi
1219 2604 1296 2659 sunt
1324 2596 1356 2658 in
1385 2596 1597 2679 principibus.
1618 2597 1731 2663 Hodie
1754 2596 1828 2676 suit,
1845 2621 1876 2657 20

470 2721 542 2765 cras
558 2720 625 2764 non
642 2709 700 2764 est.
719 2699 831 2762 Hodie
858 2697 950 2762 illum
978 2699 1147 2782 praecedit
1172 2698 1348 2775 exercitus,
1364 2709 1398 2762 et
1412 2720 1487 2764 sero
1503 2701 1535 2763 in
1561 2701 1715 2783 sepulcro
1730 2701 1825 2766 iacet.

472 2809 551 2872 Post
576 2816 707 2871 tantum
736 2806 1011 2888 magnitudinem,
1027 2814 1157 2868 tantam
1184 2804 1381 2879 claritatem,
1397 2803 1487 2867 nulla
1514 2803 1725 2870 intercedunt
1741 2815 1825 2868 tem-

471 2912 622 2995 porario
640 2912 758 2975 eodem
774 2920 945 2974 momento
963 2910 1076 2992 Xpisti
1100 2919 1152 2972 est
1179 2910 1338 2993 operatio.
1357 2910 1395 2973 ln
1414 2907 1489 2973 filiis
1505 2908 1690 2987 bominum,
1705 2909 1827 2994 quibus

471 3035 537 3080 non
554 3025 604 3078 est
620 3014 717 3078 salus,
734 3013 801 3096 Qui
826 3023 903 3078 sunt
919 3015 1110 3096 principes?
1126 3011 1183 3076 filii
1209 3014 1391 3077 hominum.
1410 3013 1446 3079 Si
1474 3014 1537 3097 ipsi
1565 3015 1718 3079 homines
1744 3015 1825 3078 nihil

471 3129 558 3194 sunt,
571 3119 650 3202 quid
664 3128 743 3181 sunt
756 3117 813 3180 lilii
830 3122 968 3181 eorum?
994 3117 1113 3181 Exibit
1138 3117 1273 3200 spiritus
1298 3117 1377 3180 eius.
1395 3117 1521 3182 Cuius?
1536 3119 1691 3186 hominis.
1709 3118 1828 3183 Exibit
1847 3140 1876 3192 ²5

471 3225 615 3307 spiritus.
634 3223 699 3286 Hic
716 3222 867 3305 spiritum
885 3242 946 3305 pro
961 3221 1074 3286 anima
1091 3222 1193 3304 ponit.
1211 3226 1218 3252 ‘
1236 3223 1343 3298 Pater,
1354 3222 1385 3284 in
1399 3243 1517 3287 manus
1533 3233 1611 3288 tuus
1625 3224 1828 3289 commendo

471 3328 624 3410 spiritum
643 3346 753 3389 meum
772 3328 787 3390 '.
805 3325 924 3388 Exibit
939 3326 1075 3408 spiritus
1103 3328 1182 3402 eius,
1198 3335 1231 3388 et
1248 3333 1428 3390 revertetur
1443 3327 1475 3390 in
1489 3338 1609 3392 terram
1626 3348 1730 3392 suam.
1748 3327 1828 3392 Non

472 3432 606 3516 spiritus
622 3441 803 3496 revertetur
830 3431 863 3494 in
891 3440 1012 3495 terram
1039 3451 1144 3506 suam,
1160 3451 1226 3506 non
1255 3432 1344 3494 enim
1368 3442 1418 3495 est
1435 3431 1570 3514 spiritus
1585 3432 1629 3495 de
1644 3441 1752 3496 terra:
1767 3431 1828 3494 sed

472 3537 660 3620 egredietur
674 3536 819 3619 spiritus,
834 3545 867 3598 et
883 3535 986 3599 homo
1002 3544 1183 3599 revertetur
1199 3535 1232 3598 in
1250 3543 1371 3598 terram
1388 3555 1491 3599 suam.
1509 3535 1547 3598 ln
1561 3534 1619 3599 illa
1634 3536 1689 3599 die
1700 3535 1829 3617 perient

472 3660 588 3705 omnes
613 3639 833 3723 cogitationes
860 3657 982 3702 eorum.
997 3638 1069 3702 Nos
1098 3637 1169 3720 ipsi,
1196 3638 1252 3720 qui
1278 3658 1344 3702 non
1373 3658 1488 3702 sumus
1503 3637 1679 3722 principes,
1701 3648 1829 3721 quanta
1848 3661 1879 3710 3⁰

471 3745 594 3810 cotidie
609 3744 805 3830 cogitamus,
822 3752 855 3808 et
870 3742 1032 3807 dicimus:
1050 3742 1114 3805 Die
1125 3741 1269 3806 crastina
1285 3741 1367 3806 illud
1385 3741 1514 3819 faciam,
1527 3743 1698 3807 destruam
1711 3742 1830 3806 horrea

508 3933 586 3995 lipsa
597 3930 630 3993 sc]
643 3931 665 3979 G
679 3945 728 3979 om.
743 3946 774 3979 sc.
875 3929 1010 3992 respondet]
1021 3927 1250 3993 respondtthorr.
1354 3926 1434 3988 Dicit]
1448 3927 1505 3997 βΒ;
1524 3931 1564 3979 dic
1575 3930 1630 3982 CG.
1651 3929 1831 3994 Legendumoe

472 4013 552 4062 dicis?
643 4010 1053 4076 arerponde01rrrpondithorr.
1153 4012 1281 4076 teneque]
1294 4012 1331 4071 B;
1344 4009 1536 4079 raecp;0m.c.
1635 4023 1673 4062 12.
1687 4010 1831 4076 23qrrr'bus]

472 4095 602 4161 inquibus
615 4091 639 4161 β.
744 4091 976 4158 18fietlfigrturB.
1074 4089 1231 4158 perient]Gl
1244 4092 1438 4160 rperibuntdd.
1538 4091 1830 4162 etus113613emmp,

472 4178 569 4228 Ccorr.
673 4189 703 4238 19
713 4173 900 4241 confidentiassi
920 4175 978 4224 add.
987 4175 1076 4240 periet,
1090 4183 1120 4226 cl.
1223 4174 1421 4242 Peribuntldet
1433 4175 1507 4226 codd.
1522 4175 1571 4225 hic.
1641 4175 1828 4225 vaoMuttic.

472 4277 491 4312 s.
507 4263 524 4310 i.
534 4258 703 4325 principibus]
714 4275 763 4308 om.
780 4255 803 4326 β.
906 4270 937 4305 22
949 4264 1046 4306 tantam
1058 4254 1206 4316 claritatem]
1223 4264 1296 4306 tanta
1312 4259 1415 4307 claritas
1430 4257 1462 4317 G,
1477 4257 1574 4308 Ccorr.
1675 4257 1832 4306 intercedunt

472 4343 592 4407 tempora]
603 4342 764 4391 intercidente
774 4348 879 4405 terrrpore
891 4341 912 4389 1.
992 4350 1023 4402 25
1034 4340 1158 4402 eiur10m.
1174 4337 1198 4406 β.
1278 4340 1311 4389 26
1321 4338 1468 4401 coronando]
1479 4339 1611 4390 conscendo
1621 4339 1646 4390 G
1656 4356 1664 4399 ;
1675 4339 1786 4389 comendo
1797 4338 1828 4389 C.

473 4435 504 4486 27
517 4422 664 4485 revertetur]
684 4425 788 4472 revertit
799 4422 831 4472 G.
932 4433 964 4484 29
971 4420 1081 4486 perierit]
1099 4421 1136 4471 Gl
1150 4440 1157 4480 ;
1172 4421 1294 4486 peribunt
1306 4420 1329 4490 β.
1431 4435 1464 4486 30
1474 4421 1536 4483 non]
1552 4421 1663 4486 suggerit
1676 4419 1692 4490 β
1704 4421 1730 4471 in
1741 4437 1829 4486 marg3

474 4522 543 4556 irunt
554 4521 642 4556 omnes
650 4503 726 4556 codd.
829 4515 857 4566 31
871 4503 972 4566 horrea]
983 4503 1098 4554 hemam
1110 4503 1133 4554 G
1145 4509 1206 4564 tom.
1221 4507 1297 4564 mea),

517 4689 562 4748 27.
579 4667 683 4750 nucum]
702 4671 772 4730 Luc.
791 4692 805 4728 2
810 4691 836 4746 3,
853 4655 909 4741 46,Ι
