4154 5494
591 408 846 468 TRACTATUS
870 409 927 466 DE
951 408 1118 467 PSALMO
1141 408 1277 468 CVillI.
1529 411 1604 469 201

286 621 432 684 'Iuravit
458 621 629 701 Dominus,
644 635 675 687 el
701 625 961 706 norr'pererrilelr't
983 647 1064 691 eum.
1084 625 1208 690 Iuravit
1232 625 1407 690 Dominus.
1427 625 1501 690 Hoc
1518 627 1608 710 quod

248 724 343 801 dicit,
359 726 488 803 iuravit,
504 747 570 791 non
598 730 627 790 ei
653 725 709 811 dui
737 739 816 792 ante
831 729 1003 792 lucilerum
1028 729 1161 810 genitus
1186 736 1246 804 est,
1264 730 1322 791 sed
1350 729 1380 791 ei
1408 729 1608 813 irrravit„qui

248 840 329 910 post
345 829 516 894 lucilerum
533 839 631 894 natus
648 852 692 894 ex
709 832 835 914 virgine
851 842 910 896 est.
932 831 963 894 Τ
959 853 980 892 u
997 852 1029 894 es
1043 830 1188 894 sacerdos
1204 831 1239 894 in
1254 841 1421 896 aeternum
1433 834 1608 916 secundum

246 931 396 994 ordinem
411 931 649 997 Melchisedech.
667 933 880 1018 Superfluum
897 945 947 998 est
965 955 1024 998 nos
1049 937 1092 1000 de
1119 935 1185 999 isto
1210 936 1371 1002 versiculo
1397 937 1481 1002 velle
1509 939 1607 1023 inter-

212 1053 226 1107 ς
248 1037 382 1118 pretori,
406 1059 481 1102 cum
509 1050 644 1103 sanctus
660 1038 831 1120 apostolus
847 1040 889 1104 ad
910 1038 1083 1102 Hebraeos
1107 1039 1298 1120 plenissime
1320 1041 1512 1124 disputavit.
1530 1043 1607 1125 ipse

247 1139 340 1204 enim
364 1139 427 1205 iste
457 1151 508 1205 est
539 1142 796 1220 Melchisedech,
821 1143 892 1206 sine
915 1151 1019 1224 patre,
1044 1144 1115 1206 sine
1143 1154 1257 1219 matre,
1284 1145 1355 1208 sine
1382 1147 1606 1227 generatione.

249 1243 296 1307 Et
327 1243 563 1328 interpretatur
587 1247 632 1310 ibi
657 1247 921 1330 diligentissime,
945 1268 1047 1330 quare
1074 1247 1146 1310 sine
1171 1257 1274 1329 patre,
1299 1250 1370 1313 sine
1397 1259 1511 1329 matre,
1535 1251 1606 1314 sine

245 1351 481 1432 generatione;
511 1362 544 1417 et
569 1353 613 1417 ab
643 1354 798 1418 omnibus
830 1353 1061 1419 ecclesiasticis
1092 1354 1218 1418 dictum
1254 1363 1320 1430 est,
1338 1354 1503 1436 quoniam
1534 1355 1606 1420 sine

246 1463 342 1533 patre
372 1455 494 1520 dicitur
519 1459 702 1522 secundum
730 1477 873 1534 carnem,
896 1459 967 1522 sine
993 1468 1098 1523 matre
1125 1458 1246 1521 dicitur
1272 1455 1455 1521 secundum
1485 1457 1605 1522 Deum.

193 1578 225 1615 ιο
247 1555 325 1621 Hoc
340 1557 449 1623 solum
477 1580 557 1643 ergo
585 1561 848 1644 interpretemur,
865 1563 916 1627 Tu
933 1583 968 1626 es
986 1563 1140 1627 sacerdos
1165 1562 1196 1625 in
1223 1570 1394 1625 aeternum
1420 1562 1603 1630 secundum

244 1660 397 1726 ordinem
430 1662 686 1727 Melchisedech.
720 1664 796 1728 Hoc
819 1665 927 1729 solum
961 1666 1122 1742 dicamus,
1146 1684 1248 1748 quare
1278 1664 1402 1728 dixerit
1430 1665 1603 1750 seeusrdum

243 1764 400 1832 ordinem.
436 1767 628 1832 Secundum
665 1768 832 1833 ordinem:
868 1789 1078 1852 nequaquam
1121 1768 1276 1832 sacerdos
1313 1769 1375 1831 eris
1416 1770 1601 1834 secundum

243 1869 398 1935 victimas
422 1870 580 1946 iudaicas,
605 1872 751 1935 sederis
781 1875 935 1937 sacerdos
958 1873 1141 1936 secundom
1169 1872 1321 1935 ordinem
1347 1872 1603 1937 Melchisedech.

244 1971 426 2056 Quomodo
441 1975 530 2038 enim
550 1974 806 2052 Melchisedech,
822 1996 881 2038 rex
899 1975 1023 2050 Salem,
1037 1973 1160 2039 obtulit
1177 1994 1299 2057 panem
1317 1985 1350 2040 et
1367 1977 1491 2052 vinum,
1506 1977 1553 2040 sic
1569 1988 1600 2040 et

191 2099 222 2151 ις
243 2085 282 2141 tu
306 2075 425 2141 offeres
452 2099 572 2162 corpus
598 2089 693 2142 tuum
717 2089 750 2144 et
778 2079 986 2160 sanguinem,
1001 2100 1115 2142 verum
1144 2097 1267 2161 panem
1285 2087 1320 2142 et
1336 2099 1450 2142 verum
1478 2079 1601 2144 vinum.

246 2182 315 2246 iste
333 2183 579 2248 Melchisedech
596 2184 660 2246 ista
676 2185 846 2266 mysteria,
861 2203 947 2265 quae
963 2184 1134 2262 habemus,
1149 2183 1243 2247 dedit
1260 2182 1364 2246 nobis.
1384 2184 1461 2270 ipse
1477 2193 1527 2248 est
1543 2185 1600 2267 qui

243 2285 341 2363 dixit,
364 2287 455 2371 ‘Qui
484 2286 734 2362 manducaverit
758 2307 873 2350 carnes
900 2308 990 2351 meas
1016 2297 1049 2351 et
1076 2287 1196 2350 biberit
1223 2287 1421 2369 sanguinem
1449 2307 1561 2352 meum
1579 2287 1600 2352 ἐ

243 2393 427 2454 secundum
444 2393 594 2456 ordinem
613 2391 861 2455 Melchisedech
878 2391 1015 2456 tradidit
1032 2391 1128 2455 nobis
1144 2401 1514 2460 sacramentumsuum.

287 2494 451 2558 Dominus
465 2517 486 2558 a
502 2494 626 2559 deeris
642 2493 718 2558 tuis.
736 2482 821 2558 Rem
839 2514 960 2558 novam
978 2494 1083 2558 video.
1102 2493 1233 2557 Dicitur
1250 2495 1282 2557 in
1300 2495 1479 2579 principio:
1501 2497 1598 2560 Dixit

178 2621 211 2657 κο
245 2597 412 2663 Dominus
439 2600 587 2664 Domino
616 2621 700 2678 meo,
717 2599 805 2664 Sede
821 2622 841 2664 a
856 2601 986 2665 dextris
1015 2599 1113 2676 meis;
1137 2609 1171 2662 et
1198 2619 1286 2664 nunc
1311 2602 1432 2666 dicitur
1447 2603 1489 2666 ad
1507 2623 1599 2666 eum:

246 2702 411 2767 Dominus
428 2725 447 2766 a
463 2704 592 2767 dextris
609 2706 681 2767 tuis.
700 2705 735 2770 Si
753 2705 823 2788 ipse
839 2705 881 2768 ad
898 2706 1073 2768 dexteram
1093 2704 1199 2767 Patris
1222 2705 1325 2779 sedet,
1343 2708 1514 2788 quomodo
1531 2728 1598 2770 rur·

244 2827 317 2872 sum
336 2807 435 2875 Pater
449 2808 543 2872 sedet
559 2810 600 2872 ad
614 2810 790 2871 dexteram
809 2807 902 2871 Filii?
916 2807 1063 2890 Quando
1075 2808 1164 2870 enim
1181 2806 1311 2883 dicitur,
1323 2808 1421 2872 Dixit
1432 2809 1598 2874 Dominus

246 2910 394 2976 Domino
411 2931 496 2988 me0,
513 2911 601 2976 Sede
617 2933 637 2976 a
652 2913 781 2975 dextris
799 2912 889 2986 meiS,
907 2910 1175 2974 manifestissime
1201 2913 1321 2976 dicitur
1348 2914 1438 2996 quod
1454 2913 1496 2977 ad
1513 2914 1597 2978 dex·

243 3024 347 3080 teram
368 3016 474 3078 Patris
490 3017 604 3080 sedeat
622 3015 650 3090 F
652 3015 734 3079 ilius.
748 3014 893 3097 Quando
903 3025 1015 3077 autern
1028 3013 1158 3090 dicitur,
1172 3014 1337 3078 Dominus
1350 3036 1370 3079 a
1382 3016 1511 3080 dextris
1522 3015 1599 3092 tuis,

190 3141 222 3194 25
243 3120 305 3186 hoc
320 3121 450 3198 dicitur,
465 3121 554 3203 quod
583 3123 625 3184 ad
653 3122 828 3184 dexteram
848 3119 922 3182 Filii
939 3120 1054 3182 sedeat
1071 3119 1177 3183 Pater.
1196 3118 1271 3182 Hoc
1296 3128 1404 3182 totum
1422 3128 1598 3202 propterea

241 3224 372 3300 dicitur,
387 3232 424 3287 ut
440 3223 587 3306 aequalis
604 3219 646 3287 sit
664 3223 769 3286 Filius
786 3222 883 3286 Patri.
901 3221 1014 3285 Multa
1027 3231 1105 3285 sont
1121 3242 1206 3304 quae
1222 3223 1384 3286 dicantur.
1401 3223 1458 3287 Ad
1480 3242 1596 3304 pecca·

243 3333 331 3389 tores
346 3332 458 3389 autem
475 3324 628 3390 diabolus
644 3335 710 3389 stat
727 3347 746 3388 a
762 3325 898 3389 dextris.
913 3324 1069 3388 Ceterum
1087 3324 1143 3388 illa
1156 3325 1340 3408 disputatio
1356 3327 1423 3390 alia
1439 3339 1497 3390 est.
1515 3325 1595 3407 Qui·
1662 3383 1671 3399 ,

245 3593 247 3598 .
272 3531 476 3596 rinlerpretarr'l
496 3533 659 3596 iruerprelare
671 3531 723 3580 SG.
826 3530 1001 3594 sda'spvuovle]
1021 3546 1108 3580 omnes
1126 3530 1200 3579 codd.
1215 3539 1240 3578 et
1254 3528 1278 3596 β,
1380 3530 1445 3592 Ipse]
1463 3529 1507 3580 iste
1523 3527 1593 3602 Gtt.

239 3611 344 3674 denim]
357 3612 398 3681 βΑ
410 3614 483 3665 inser.
498 3615 543 3663 ar'l.
628 3613 682 3674 isle]
694 3629 744 3662 om.
761 3613 789 3662 L.
879 3626 903 3660 rr
918 3609 1023 3670 ‹lixa-ir]
1034 3613 1102 3661 dixit
1111 3611 1140 3662 C.
1230 3625 1257 3660 12
1269 3613 1403 3660 secundum
1413 3598 1537 3682 ordinent]
1546 3597 1595 3659 non

239 3705 317 3762 repet.
332 3697 358 3747 S.
454 3709 483 3756 14
494 3696 588 3756 Salem]
600 3697 680 3744 Salim
693 3696 724 3744 G.
821 3697 849 3744 16
860 3694 905 3756 erl]
917 3711 966 3744 ont.
981 3695 1012 3744 C.
1116 3707 1144 3756 17
1155 3711 1242 3742 coenes
1253 3695 1328 3756 tereos]
1340 3685 1439 3742 carerent
1452 3709 1530 3743 meam
1544 3691 1593 3760 βΑ.

240 3788 271 3839 23
281 3777 386 3838 dicitur]
398 3795 447 3827 om.
463 3779 514 3828 SG.
616 3791 647 3838 24
658 3777 748 3839 sedent]
759 3779 823 3826 selle!
835 3775 859 3844 β.
953 3776 984 3825 26
997 3775 1189 3840 Adpeccotores]
1199 3776 1363 3840 peccatoribus
1374 3774 1409 3824 CI
1423 3793 1429 3834 3
1438 3775 1559 3838 precatori
1569 3773 1592 3840 β.

240 3947 402 4008 mentatioi.
419 3967 447 4024 p.
464 3969 512 4022 42,
526 3949 543 4008 l.
562 3969 595 4006 ιι
612 3949 660 4006 ‘in
676 3947 784 4025 Xpisto
796 3948 888 4008 Patris
940 3960 1037 4007 torum
1062 3944 1235 4006 animalium
1262 3957 1329 4004 exta
1353 3943 1524 4020 susceperit,
1541 3945 1593 4003 sed

239 4027 351 4090 lumine
363 4029 530 4091 videbimus
541 4032 642 4090 lumen
656 4028 797 4106 Spiritum
807 4049 889 4089 sanc·
940 4047 1016 4105 pane
1032 4041 1061 4089 et
1077 4027 1146 4086 vino
1161 4024 1287 4102 simplici
1300 4045 1435 4102 puroque
1449 4024 1594 4084 sacrificio

240 4113 332 4170 tunt’.
940 4109 1050 4172 Christi
1094 4107 1274 4168 dedicaverit
1313 4119 1533 4166 sacramentum
1567 4109 1594 4178 ’3

280 4193 306 4250 6.
321 4191 383 4251 sr'rre
393 4189 586 4272 generatione]
605 4193 696 4252 Hebr.
718 4213 742 4266 7,
759 4212 784 4268 3.
941 4191 1035 4250 Hebr.
1062 4203 1174 4266 quaest.
1202 4187 1232 4247 in
1251 4191 1332 4249 Gen.
1354 4207 1398 4260 14,
1425 4191 1460 4246 18
1478 4188 1592 4262 ‘Quod

283 4289 325 4347 ¹7·
342 4269 447 4353 neeurn]
464 4274 507 4332 Io.
524 4276 551 4345 6,
569 4291 616 4351 55.
939 4284 1039 4332 autem
1050 4272 1100 4344 ait,
1120 4272 1166 4331 Tu
1180 4289 1207 4328 es
1220 4291 1239 4330 s.
1258 4273 1277 4330 ι’.
1293 4289 1334 4326 ae.
1347 4289 1368 4327 s.
1381 4289 1408 4348 o.
1425 4269 1471 4328 M.
1489 4283 1592 4344 myste-

244 4377 248 4384 ·
282 4357 324 4412 18.
341 4361 551 4414 tenementum
576 4350 673 4434 suum]
699 4353 823 4414 Hieron.
840 4373 886 4430 ep.
940 4353 1015 4413 rium
1039 4371 1172 4412 nostrum
1189 4352 1218 4412 in
1235 4351 1325 4414 verbo
1347 4349 1459 4409 ordinis
1485 4349 1592 4425 signiti-

241 4450 286 4508 73,
310 4454 337 4493 n.
361 4454 379 4511 3
396 4436 567 4494 ‘seeundum
592 4437 720 4494 reddum
743 4437 887 4496 Melclrr'se·
939 4447 1041 4493 catur:
1058 4451 1246 4509 nequaquam
1260 4451 1311 4508 per
1327 4435 1426 4493 Aaron
1442 4430 1592 4500 irrationa-

237 4513 309 4575 decll.
327 4515 472 4577 Ordinem
488 4529 586 4576 autem
600 4516 664 4576 eius
680 4517 779 4578 multis
792 4518 889 4576 modis
940 4515 1016 4575 libus
1038 4513 1164 4574 victimis
1189 4511 1387 4584 immolandis,
1412 4513 1466 4571 sed
1489 4509 1592 4570 oblato

240 4592 473 4675 interpretantur,
489 4598 610 4673 quod...
635 4617 734 4674 neque
748 4599 845 4657 carnis
860 4612 888 4656 et
940 4615 1016 4671 pane
1030 4609 1060 4656 et
1075 4596 1153 4666 vino,
1167 4595 1197 4653 id
1212 4606 1255 4655 est
1265 4611 1388 4670 corpore
1403 4606 1433 4654 et
1448 4593 1591 4670 sanguine

239 4677 389 4754 sanguinis
404 4677 537 4738 victimas
560 4679 764 4751 immolaverit,
781 4690 810 4738 et
826 4679 890 4738 bru·
943 4677 1064 4737 Domini
1081 4679 1149 4737 Iesu
1166 4679 1179 4735 '.

287 4805 397 4848 moerore
408 4805 558 4848 Maredsulana
569 4806 613 4856 ltt,
624 4822 642 4847 η.
