4062 5504
480 333 553 412 132
952 313 1133 374 annosa
1159 311 1352 372 EPISCOPI

474 520 612 583 XXIII.
664 517 819 592 Reddite,
834 515 953 596 inquit,
969 531 1055 594 quae
1072 511 1226 576 Caesaris
1242 520 1319 574 sunt
1336 510 1470 574 Caesari
1487 518 1520 572 et
1534 527 1622 589 quae
1638 507 1702 568 Dei
1719 504 1798 567 Deo.

474 623 634 688 XXIIII.
665 623 818 703 Insurget
835 629 946 682 autem
966 636 1105 698 regnum
1122 635 1224 697 super
1240 635 1389 697 regnum.

477 727 588 792 XXV.
661 726 727 810 Qui
745 726 777 788 in
798 725 922 788 Iudaea
939 733 1017 785 sunt
1035 721 1165 802 fugiant
1181 720 1223 782 ad
1242 729 1381 782 montes.

477 832 608 896 XXVI.
661 833 713 895 De
729 831 846 892 decern
865 826 1056 907 virginibus.

778 961 952 1013 EXPLICIT
976 959 1216 1012 MATTHAEUS.
1239 959 1379 1008 INCIPIT
1403 958 1526 1008 LUCAS.

480 1077 503 1140 I.
670 1076 721 1137 De
738 1071 914 1136 nativitate
933 1069 1102 1133 Iohannis.

479 1180 523 1244 II.
668 1179 721 1242 Ne
737 1177 913 1240 dixeritis:
931 1176 1063 1238 Patrem
1081 1173 1245 1237 habemus
1262 1171 1447 1236 Abraham.

479 1285 542 1348 III.
666 1283 777 1346 Nemo
793 1279 945 1342 accendit
963 1278 1141 1356 lucernam,
1158 1288 1191 1340 et
1209 1283 1304 1359 ponit
1321 1297 1394 1340 eam
1412 1277 1474 1338 sub
1491 1273 1612 1338 modio.

478 1388 563 1450 IIII.
665 1387 733 1450 Ubi
750 1385 901 1448 ascendit
919 1383 1015 1445 Iesus
1031 1383 1063 1444 in
1083 1390 1232 1445 montem
1250 1401 1354 1445 orare.

477 1490 519 1554 V.
668 1489 737 1554 Ubi
754 1489 856 1551 homo
873 1487 1100 1551 descendebat
1117 1487 1160 1548 ab
1179 1486 1391 1549 Hierusalem
1409 1486 1442 1548 In
1460 1483 1599 1547 Iericho.

476 1595 538 1659 VI.
668 1592 736 1655 Ubi
754 1592 898 1654 hominis
915 1590 1028 1655 diuitis
1045 1588 1212 1674 possessio
1229 1590 1314 1653 bene
1330 1588 1444 1652 attulit
1462 1587 1614 1652 fructum.

477 1699 559 1764 VII.
669 1697 722 1760 De
738 1715 843 1778 grano
861 1696 997 1778 sinapis.

477 1802 579 1867 VIII.
668 1802 721 1865 De
738 1800 970 1864 aediticatione
988 1801 1097 1864 turris.

479 1907 540 1970 IX.
668 1907 720 1969 De
737 1906 874 1968 homine
889 1905 941 1967 cui
960 1905 1006 1968 ait
1024 1903 1108 1968 fiIIus
1126 1905 1257 1968 iunior:
1274 1902 1329 1966 Da
1346 1901 1428 1966 mihi
1454 1902 1641 1984 portionem
1668 1921 1755 1984 quae
1780 1921 1833 1964 me

740 2013 914 2094 contingit.
1853 2033 1876 2083 ¹3

481 2119 523 2183 X.
669 2117 814 2181 Facilius
831 2115 981 2179 introibit
998 2115 1145 2179 camelus
1163 2136 1221 2197 per
1237 2116 1386 2179 foramen
1404 2134 1493 2192 acus,
1509 2122 1570 2179 etc.

483 2221 545 2285 XI.
674 2221 726 2284 De
744 2220 898 2283 Zachaeo
913 2239 1012 2300 quem
1031 2219 1114 2282 vidit
1131 2220 1164 2282 In
1181 2219 1307 2282 arbore.

483 2325 564 2389 XII.
675 2327 727 2388 De
743 2323 878 2386 homine
894 2326 950 2406 qui
967 2324 1049 2387 abiit
1065 2325 1217 2406 accipere
1234 2345 1385 2405 regnum.

483 2430 585 2494 XIII.
674 2429 777 2492 Venit
792 2428 864 2492 dies
880 2429 1033 2509 paschae,
1049 2438 1081 2492 et
1099 2429 1189 2492 misit
1206 2429 1341 2491 Petrum
1355 2437 1387 2491 et
1402 2428 1589 2492 Iohannem
1602 2427 1636 2491 in
1650 2428 1833 2493 civitatem.

626 2563 856 2615 EXPLICIUNT
880 2564 1066 2615 CAPITULA
1089 2563 1295 2614 EVANGELII
1319 2563 1528 2614 SECUNDUM
1554 2562 1692 2613 LUCAM.
1852 2585 1877 2621 ῃ

727 2725 907 2790 INCIPIT
932 2727 997 2788 DE
1023 2723 1310 2790 EVANGELIO
1337 2724 1591 2791 IOHANNIS.

1149 2863 1170 2912 1.

529 2968 568 3030 Iu
586 2969 751 3052 principio
773 2979 846 3032 erat
880 2970 1026 3047 Verbum,
1042 2981 1074 3034 et
1108 2969 1246 3034 Verbum
1272 2980 1345 3032 erat
1367 2971 1460 3052 apud
1483 2969 1646 3048 Deurn,et
1661 2969 1838 3032 Deusara!

494 3069 642 3148 Verbum,
657 3084 691 3134 et
708 3085 825 3138 cetera.

1004 3193 1318 3244 rursnaunuamo
1854 3209 1878 3258 23

530 3299 733 3380 Principium
761 3302 854 3364 Deus
884 3311 945 3379 est,
969 3303 1026 3384 qui
1058 3301 1263 3385 principator
1287 3302 1436 3364 omnium
1466 3321 1539 3364 esse
1566 3299 1680 3365 voluit.
1707 3299 1749 3364 In
1778 3300 1838 3363 hoc

486 3403 599 3485 itaque
624 3405 772 3487 principe
799 3417 870 3469 erat
898 3406 1058 3482 Verbum,
1075 3408 1137 3470 hoc
1163 3417 1213 3470 est
1230 3407 1391 3484 Christus,
1408 3406 1450 3469 de
1466 3425 1533 3486 quo
1549 3405 1652 3468 dicit:
1668 3404 1836 3469 'Verbum

487 3517 558 3570 erat
574 3511 663 3590 apud
689 3509 810 3587 Deum,
826 3521 859 3573 et
884 3511 976 3574 Deus
1001 3522 1072 3575 erat
1098 3511 1247 3576 Verbum
1262 3512 1277 3572 ¹.
1306 3511 1465 3576 Ostendit
1493 3509 1664 3574 Christum
1692 3531 1740 3573 ex
1768 3511 1838 3574 Deo

487 3614 696 3695 processisse,
711 3615 754 3678 de
770 3635 837 3696 quo
855 3616 886 3678 in
915 3617 1047 3698 psalmo
1074 3647 1081 3660 ·
1107 3627 1234 3681 xL1111⁰
1258 3644 1267 3659 ·
1293 3637 1361 3680 vox
1391 3625 1529 3696 paterna
1558 3617 1625 3682 ait:
1646 3615 1837 3680 ‘Eructavit

487 3739 543 3782 cor
571 3739 682 3783 meum
708 3721 845 3783 verbum
873 3720 1018 3784 bouum'
1045 3722 1108 3784 hoc
1135 3731 1186 3784 est
1211 3720 1392 3785 Christum.
1406 3721 1468 3783 Per
1485 3740 1584 3803 quem
1601 3720 1736 3784 ‘omnIa
1753 3718 1836 3782 Iacta
1852 3731 1875 3782 3⁰

487 3831 575 3899 sunt,
592 3832 625 3887 et
650 3823 721 3886 sine
748 3845 816 3906 quo
844 3825 967 3888 facturn
994 3835 1045 3888 est
1072 3825 1194 3888 nihil’:
1219 3825 1282 3887 hoc
1308 3834 1358 3887 est
1385 3824 1484 3902 idola,
1500 3845 1586 3907 quae
1610 3824 1682 3887 side
1702 3823 1836 3887 arbitrio

489 3925 612 3990 Christi
630 3926 716 3990 Iacta
735 3939 813 3992 sunt
827 3951 834 4008 ;
852 3932 893 3992 de
904 3950 970 4013 quo
982 3931 1155 4013 apostolus
1166 3930 1247 3993 dicit
1262 3933 1286 3993 :‘
1299 3928 1432 3992 Scimus
1443 3930 1521 4012 quIa
1534 3927 1615 3992 nihil
1629 3939 1679 3992 est
1692 3925 1836 3991 idqum'

749 4065 788 4116 11.
812 4065 905 4115 ITEM
930 4066 980 4116 Du
1003 4065 1155 4116 NUPTIIS
1178 4066 1219 4116 IN
1244 4065 1345 4115 CANA
1368 4064 1591 4115 GALILAEAE.

531 4171 578 4235 Et
591 4172 646 4235 die
661 4174 756 4237 tertia
772 4176 903 4257 nuptiae
909 4173 1038 4257 fiebant
1054 4176 1089 4236 r'n
1108 4173 1200 4238 Cana
1219 4171 1394 4248 Galilaeae,
1409 4181 1441 4234 et
1464 4182 1571 4234 rualer
1593 4171 1667 4234 Iesu
1693 4181 1767 4234 erat
1787 4169 1835 4233 r‘bt'.

522 4361 553 4410 34
567 4349 649 4410 Caua]
661 4363 752 4398 cauam
765 4349 796 4398 G.

531 4505 576 4556 24.
601 4481 734 4565 Verbum]
753 4506 764 4543 1
785 4487 828 4546 Io.
850 4507 861 4546 r
880 4507 923 4565 sq.
1230 4505 1276 4562 3²·
1293 4482 1414 4566 idolum]
1434 4505 1445 4543 t
1463 4485 1535 4547 Cor.
1550 4487 1578 4553 8,
1595 4504 1621 4555 4.

530 4588 576 4644 30.
592 4565 709 4648 bonum]
727 4572 772 4628 Ps.
790 4590 838 4642 44,
861 4591 882 4629 r.
