4154 5494
635 453 890 515 TRACTATUS
914 453 970 511 DE
995 453 1162 514 PSALMO
1183 453 1319 514 CVIIII.
1570 449 1651 536 203

293 674 359 739 Via
375 671 497 736 saeculi
516 671 610 736 istius
638 671 768 750 dicitur,
784 649 959 755 perquam
987 670 1179 736 ambulavit.
1198 669 1353 752 Denique
1369 668 1530 752 scriptum
1547 678 1599 735 est
1616 670 1648 732 in

293 777 501 860 evangelioz·
516 776 601 840 Esto
615 777 828 840 consentiens
844 776 1035 840 adversario
1050 786 1118 852 tuo,
1131 776 1211 838 dum
1228 795 1263 838 es
1279 775 1311 838 in
1329 774 1382 838 via
1394 773 1401 798 ’
1414 772 1478 838 hoc
1493 783 1553 850 est,
1565 774 1645 838 dum

293 880 445 944 ambulas
462 882 494 944 in
512 881 576 945 isto
592 880 734 957 saeculo,
750 891 783 943 et
800 901 857 962 per
874 881 960 942 viam
977 878 1073 943 vadis
1088 879 1133 960 ad,
1147 898 1233 954 eum,
1246 877 1303 961 qui
1312 898 1390 942 vera
1403 887 1454 942 est
1469 877 1531 941 via.
1545 877 1647 944 Unde

292 985 413 1051 dicitur
427 995 462 1050 et
483 987 516 1048 in
533 984 717 1050 centesimo
732 994 852 1049 octavo
867 984 999 1048 decimo
1016 982 1161 1065 psalmo:
1176 987 1183 1013 ‘
1198 982 1292 1047 Beati
1310 982 1504 1046 inmaculati
1520 981 1617 1045 invia
1632 980 1648 1046 ’.

259 1113 273 1166 5
293 1091 390 1155 Beati
405 1101 482 1156 sunt
498 1091 555 1173 qui
573 1091 605 1154 in
623 1091 718 1155 istius
734 1087 856 1152 saeculi
870 1088 922 1150 via
939 1087 1132 1152 inmaculati
1145 1095 1232 1165 sunt,
1242 1097 1275 1152 et
1286 1087 1318 1150 in
1332 1087 1398 1151 isto
1409 1086 1544 1151 mundo.
1556 1085 1648 1169 Ergo

292 1196 446 1260 sacerdos
462 1196 644 1260 secundum
661 1195 812 1259 ordinem
842 1193 1098 1270 Melchisedech,
1112 1193 1272 1277 quoniam
1290 1191 1379 1256 venit
1396 1190 1428 1255 in
1445 1191 1499 1254 via
1514 1189 1647 1268 saeculi,

292 1309 326 1363 et
342 1300 524 1364 ambulavit
542 1301 574 1363 in
592 1299 644 1363 via
661 1309 783 1374 nostra,
799 1297 883 1360 bibit
910 1304 944 1360 et
968 1296 1039 1378 ipse
1054 1297 1096 1359 de
1113 1305 1257 1360 torrente
1274 1295 1330 1379 qui
1350 1306 1420 1359 erat
1448 1294 1480 1358 in
1504 1292 1647 1358 saeculo.

292 1405 436 1469 Torrens
472 1424 537 1466 non
565 1403 667 1467 habet
700 1421 805 1484 aquas
836 1402 1013 1476 naturales,
1037 1419 1102 1463 non
1136 1399 1237 1464 habet
1267 1419 1371 1482 aquas
1395 1417 1482 1482 quae
1515 1417 1647 1484 semper

293 1505 414 1570 fluunt:
429 1507 487 1571 scd
504 1507 605 1570 habet
621 1526 725 1589 aquas
741 1506 783 1569 de
800 1504 1065 1586 tempestatibus,
1080 1503 1123 1566 de
1140 1502 1270 1586 pluviis,
1284 1504 1327 1566 de
1343 1503 1484 1580 turbine,
1502 1505 1545 1569 de
1572 1525 1647 1587 pro-

244 1638 274 1675 ιο
291 1610 389 1674 cellis.
403 1609 548 1674 Torrens
560 1629 742 1692 numquam
754 1617 804 1673 est
817 1611 849 1672 in
868 1609 1046 1684 montibus,
1062 1607 1120 1670 sed
1137 1626 1268 1689 semper
1284 1607 1316 1670 in
1334 1607 1485 1686 vallibus,
1501 1609 1533 1672 in
1551 1629 1644 1692 prae-

292 1715 448 1797 cipitibus
462 1715 552 1780 locis.
569 1714 708 1778 Alienas
735 1732 839 1796 aquas
866 1713 1022 1794 concipit,
1047 1721 1081 1776 et
1108 1711 1259 1792 parturit,
1274 1723 1307 1776 et
1323 1723 1456 1777 tumens
1479 1714 1580 1778 vadit.
1595 1713 1648 1779 De

292 1829 430 1884 torrente
444 1820 480 1884 in
495 1823 553 1884 via
568 1820 656 1885 bibet.
673 1819 819 1883 Torrens
835 1837 1017 1899 numquam
1035 1815 1136 1880 habet
1160 1816 1320 1879 mundam
1337 1835 1470 1899 aquam,
1484 1817 1544 1882 sed
1561 1837 1647 1881 sem-

292 1947 350 2008 per
366 1925 543 1990 turbidam.
561 1925 637 1988 Hoc
652 1925 782 1999 dicitur,
792 1923 950 2005 quoniam
967 1921 1089 1986 saeculi
1107 1922 1200 1986 istius
1224 1941 1330 2004 aquae
1347 1941 1478 2007 semper
1494 1924 1646 1991 turbidae
1680 1989 1684 1997 ,

291 2039 379 2106 sunt,
394 2049 524 2110 semper
541 2031 658 2112 plenae
674 2037 883 2110 tempestate.
893 2028 1006 2091 Vultis
1018 2028 1101 2090 scire
1117 2028 1288 2110 quomodo
1299 2027 1342 2091 de
1354 2036 1501 2094 torrente
1512 2029 1653 2093 turbido·

240 2159 251 2194 ι
256 2157 271 2209 5
292 2134 429 2199 biberit?
447 2135 492 2197 Et
509 2135 579 2217 ipse
594 2135 697 2198 dixit:
712 2138 719 2165 ⁴
736 2133 857 2196 Tristis
872 2141 922 2196 est
938 2133 1050 2195 anima
1063 2151 1137 2194 mea
1154 2150 1258 2213 usque
1270 2131 1313 2196 ad
1327 2142 1468 2197 mortem
1480 2133 1496 2197 '.
1512 2134 1555 2198 Et
1566 2133 1647 2198 dicit

291 2239 498 2322 evangelius:
509 2246 515 2272 ¹
528 2240 573 2303 Et
589 2239 709 2322 coepit,
727 2237 844 2320 inquit,
860 2237 1047 2300 contristari
1064 2247 1096 2300 et
1115 2237 1304 2301 conturbari
1318 2237 1333 2303 ¹.
1347 2237 1437 2301 Bibit
1453 2257 1533 2321 ergo
1544 2239 1646 2304 etiam

292 2341 460 2407 Dominus
476 2357 588 2405 noster
603 2343 646 2404 de
662 2352 808 2406 torrente
835 2342 929 2406 istius
953 2341 1074 2404 saeculi
1092 2360 1196 2424 aquas
1221 2341 1382 2420 turbidas,
1395 2363 1500 2426 aquas
1526 2343 1647 2421 tristes,
1668 2369 1673 2378 ·

291 2466 395 2528 aquas
412 2465 497 2528 quae
514 2465 579 2509 non
597 2445 722 2510 habent
750 2445 921 2510 laetitiam.
938 2445 1031 2510 Tulit
1059 2443 1208 2517 calicem,
1222 2454 1257 2509 et
1274 2444 1425 2528 implevit
1441 2446 1483 2510 de
1499 2456 1646 2512 torrente

292 2551 426 2629 mundi;
441 2561 474 2614 et
491 2550 649 2633 quoniam
675 2549 826 2614 turbidae
853 2559 946 2612 erant
973 2569 1090 2632 aquae,
1106 2548 1202 2612 dicit:
1219 2554 1226 2581 ¹
1244 2549 1352 2628 Pater,
1368 2552 1395 2614 si
1412 2552 1570 2634 possibile
1585 2563 1647 2632 est,

238 2675 273 2711 20
290 2664 439 2721 trauseat
454 2655 546 2719 calix
575 2655 635 2718 iste
651 2674 671 2718 a
688 2675 740 2718 me
757 2653 772 2718 ’.
790 2655 879 2718 Bibit
907 2671 987 2736 ergo
1011 2655 1053 2716 de
1081 2663 1227 2719 torrente
1244 2655 1358 2719 mundi
1376 2654 1485 2719 istius:
1501 2657 1559 2721 sed
1577 2677 1643 2722 non

290 2759 375 2823 bibit
391 2760 485 2842 quasi
502 2759 535 2822 in
548 2761 651 2822 domo
667 2778 734 2837 sua,
750 2760 808 2822 sed
826 2759 857 2821 in
875 2759 937 2834 via,
953 2758 995 2821 ad
1007 2757 1072 2821 alia
1086 2759 1131 2821 ire
1144 2757 1312 2823 festinans.
1330 2757 1428 2822 Bibet
1444 2760 1486 2822 de
1499 2769 1645 2825 torrente

290 2865 402 2928 invia.
420 2864 600 2947 Propterea
622 2862 706 2926 bibit
733 2863 775 2925 de
803 2871 958 2936 torrente,
973 2862 1053 2944 quia
1069 2863 1100 2926 in
1119 2863 1171 2925 via
1187 2871 1265 2927 erat.
1282 2861 1334 2925 De
1349 2872 1488 2927 torrente
1503 2863 1592 2930 bibet.
1609 2865 1645 2932 Si

291 2967 458 3032 Dominus
474 2966 559 3031 bibit
574 2968 617 3031 dc
628 2976 773 3031 torrente
788 2965 902 3028 mundi
916 2965 1019 3040 istius,
1029 2977 1156 3047 quanto
1174 2966 1280 3048 magis
1296 2968 1422 3030 sancti?
1440 2965 1552 3030 Vultis
1563 2967 1646 3032 scire

290 3073 448 3154 quoniam
462 3091 594 3152 semper
609 3071 714 3134 sancti
727 3070 769 3134 de
782 3079 927 3134 torrente
945 3070 1081 3134 bibunt?
1094 3070 1183 3134 Dicit
1200 3080 1233 3134 et
1250 3071 1282 3135 in
1299 3069 1365 3136 alio
1381 3071 1468 3136 loco:
1481 3077 1488 3105 ⁴
1502 3071 1645 3137 Torren-

240 3195 272 3246 25
292 3186 358 3240 tem
377 3175 588 3258 pertransivit
604 3175 716 3238 anima
733 3184 846 3238 nostra
862 3174 876 3237 '.
894 3173 945 3237 De
960 3183 1098 3238 torrente
1114 3175 1149 3239 in
1165 3175 1221 3238 via
1236 3173 1327 3240 bibet.
1344 3175 1504 3240 Diximus
1519 3179 1563 3242 de
1579 3189 1645 3244 tor·

291 3277 543 3355 rente,dicamus
555 3278 656 3341 etiam
667 3278 748 3342 etde
761 3278 963 3354 testimonio,
970 3278 1165 3342 Torrentem
1177 3279 1389 3361 pertransivit
1401 3282 1513 3345 anima
1524 3293 1645 3348 nostra.

291 3382 403 3448 Vultis
419 3383 502 3446 scire
514 3393 547 3446 et
563 3381 665 3446 alium
692 3384 892 3445 torrentem?
911 3381 1027 3445 Helias
1043 3391 1178 3446 sanctus
1194 3383 1367 3464 propheta,
1384 3386 1520 3467 quando
1535 3407 1643 3471 perse-

290 3489 455 3570 quebatur
484 3506 561 3551 eum
591 3485 729 3560 lezabel,
753 3484 890 3567 quando
917 3486 1046 3568 accepit
1071 3486 1192 3563 cibum,
1219 3494 1253 3550 et
1279 3487 1502 3570 quadraginta
1526 3489 1644 3554 diebus

271 3569 453 3656 'transiens
469 3592 617 3674 perrexit
641 3591 673 3652 in
702 3589 888 3653 heremum:
904 3593 911 3620 ⁴
931 3589 1021 3666 Erat,
1038 3589 1154 3671 inquit,
1171 3589 1203 3652 in
1232 3589 1375 3669 deserto,
1390 3601 1423 3656 et
1451 3592 1587 3660 bibebat
1602 3595 1645 3658 de

326 3807 443 3858 lsatrulr'
461 3805 545 3866 istim]
564 3805 689 3853 saeculum
710 3803 781 3852 istud
799 3799 823 3869 β.
923 3802 1074 3862 aurdnlavit]
1095 3802 1113 3852 S
1132 3803 1190 3852 add.
1204 3804 1328 3854 dontinus.
1429 3805 1531 3871 3vera]
1549 3826 1605 3860 vere
1617 3813 1642 3862 S.

293 3891 403 3955 sistius]
415 3890 464 3938 ista
477 3887 501 3955 β.
581 3887 701 3950 &anper
702 3885 808 3950 fluunt]
820 3893 913 3948 semper
919 3885 1053 3949 perfluunt
1066 3883 1090 3952 β.
1178 3899 1207 3936 10
1214 3888 1404 3952 praecapiu'brar]
1411 3893 1644 3955 praecr'pr'cr'bung

290 3973 429 4038 precipicir's
441 3973 468 4021 S.
539 3967 777 4032 14plenac1Cndd.
791 3974 858 4015 sunl.
931 3967 1041 4028 15rlr'cr't]
1054 3967 1177 4036 dr'cr'lurp
1192 3970 1202 4018 1
1217 3986 1250 4018 ur
1260 3970 1319 4021 add.
1334 3985 1388 4035 sup.
1404 3971 1446 4022 lin.
1531 3975 1644 4027 16evan·

289 4052 379 4114 gelius]
391 4052 414 4100 G
427 4051 458 4100 ci.
469 4066 543 4114 supra
556 4065 579 4113 p.
595 4062 649 4108 104,
663 4050 679 4098 l.
695 4058 708 4110 5
723 4048 907 4112 ‘apostolorum
920 4057 944 4096 et
956 4049 1141 4112 evangeliorum
1152 4047 1171 4108 ';
1182 4053 1339 4114 evangelium
1349 4055 1389 4103 CS
1401 4071 1408 4112 ;
1421 4058 1571 4119 evangelista
1582 4061 1645 4120 Ain

293 4137 321 4183 in
331 4135 456 4197 evangello
469 4131 498 4200 pl
512 4135 540 4180 in
552 4133 610 4182 add.
625 4147 679 4196 sup.
694 4132 738 4182 lin.
823 4130 919 4194 inquit]
932 4130 954 4179 G
968 4131 1041 4180 inser.
1056 4132 1136 4181 ihsel.
1221 4135 1286 4198 ergo]
1298 4151 1348 4186 om.
1363 4137 1414 4188 SG.
1501 4144 1646 4204 245enrper]

293 4233 340 4268 om.
357 4215 380 4283 β.
482 4225 512 4278 23
520 4213 700 4278 pertransivit]
709 4214 861 4276 pertransiet
874 4213 900 4260 B.
1003 4213 1232 4275 26detestr'monio]
1249 4217 1355 4282 scripsi;
1373 4219 1402 4267 dc
1419 4221 1590 4270 tesn'mom'um
1603 4223 1646 4282 G;

292 4295 494 4346 deteslr'mom'ai
506 4314 514 4354 ;
534 4297 702 4346 testimoninm
717 4295 732 4363 β
745 4303 769 4344 et
782 4294 866 4344 ceteri.
968 4294 1116 4358 281esalvl]
1136 4299 1238 4347 zezabel
1251 4299 1314 4360 503
1332 4302 1423 4350 :aelel
1438 4303 1466 4352 B.
1569 4317 1601 4366 29
1617 4307 1646 4354 v'rr

291 4377 391 4439 deserto]
403 4377 433 4426 in
444 4377 539 4426 herimo
551 4378 576 4428 S.

333 4583 357 4621 2.
374 4565 404 4622 in
421 4557 482 4640 via]
500 4563 606 4620 Manb.
625 4579 651 4638 5,
670 4579 713 4637 25.
1036 4583 1081 4622 ao.
1098 4584 1117 4620 α
1132 4560 1187 4644 me]
1205 4564 1276 4627 ibid.
1295 4587 1340 4644 39.

335 4637 647 4721 15.momm]t1anh.
666 4647 711 4712 26,
729 4647 776 4719 38.
1035 4662 1081 4720 ²5·
1098 4643 1210 4726 nostra]
1228 4649 1272 4706 Ps.
1295 4670 1357 4726 123,
1376 4667 1401 4727 5.

336 4729 377 4784 16.
393 4719 576 4802 currlurburi]
592 4722 661 4782 ibid.
680 4742 726 4800 37.
1037 4747 1081 4800 29.
1098 4727 1187 4799 Erat,
1201 4729 1377 4812 r'uqur'tetc]
1394 4735 1495 4810 3Reg.
1513 4751 1584 4813 ιω
1601 4755 1645 4814 sq.
