4202 5492
453 383 510 489 96
832 403 861 463 s,
887 402 1140 464 nrsxouuur
1163 404 1427 464 exnsavrsur

454 622 562 686 locum
580 621 814 704 paenitentiae.
830 618 876 683 Et
902 619 965 683 hoc
992 629 1100 684 totum
1126 621 1271 704 quidem,
1298 631 1335 684 ut
1353 619 1511 684 inhabitet
1523 619 1634 702 gloria
1660 621 1695 684 in
1721 630 1809 686 terro

455 735 572 788 nostra.
582 727 759 807 Propterea
776 734 809 787 te
823 724 866 786 ad
884 724 1124 806 paenitentiam
1141 734 1289 803 vocat,ut
1300 725 1353 798 ille
1364 726 1420 809 qui
1438 725 1587 808 leprosus
1603 726 1808 804 eras,habeas

453 829 805 918 hospitemuXpistum.

497 934 728 1001 Misericordia
753 945 785 1000 et
811 933 933 998 veritos
947 930 1159 996 obviaverunt
1173 931 1238 995 sibi
1249 955 1260 996 :
1276 932 1406 1000 iustitia
1420 943 1452 996 el
1459 945 1532 1016 pox
1544 933 1703 1000 osculatae
1724 944 1809 1004 secret.

454 1041 485 1107 O
502 1061 602 1126 quam
620 1039 788 1123 praeclara
804 1037 951 1102 amicitia
965 1036 972 1101 l
988 1035 1222 1101 Misericordia
1237 1046 1268 1100 et
1283 1037 1406 1101 veritos
1421 1037 1634 1102 obviaverunt
1641 1037 1714 1103 sibi.
1732 1039 1807 1102 Pec·
1845 1058 1859 1110 5

454 1152 547 1208 cator
563 1149 621 1206 es?
637 1141 714 1206 audi
730 1142 810 1225 quid
828 1141 928 1217 dicat,
953 1140 1189 1204 Misericordia.
1207 1139 1352 1205 Sanctus
1368 1147 1429 1205 es?
1449 1143 1527 1206 audi
1544 1143 1623 1225 quid
1641 1143 1740 1219 dicat,
1765 1142 1808 1204 Et

454 1249 583 1312 veritas.
600 1248 672 1310 Nec
688 1246 715 1309 si
734 1255 942 1328 peccatores,
957 1245 1111 1326 desperes
1128 1267 1135 1322 ;
1151 1265 1211 1309 nec
1227 1247 1254 1309 si
1271 1247 1376 1310 iustus
1391 1265 1436 1323 es,
1451 1246 1630 1328 superbias.
1649 1246 1809 1310 Dicamus

454 1353 559 1417 aliter.
576 1351 655 1416 Duo
669 1359 747 1415 sunt
763 1350 936 1413 credentes
953 1349 1090 1433 populi:
1115 1369 1200 1413 unus
1225 1351 1267 1414 de
1294 1349 1443 1433 gentium
1462 1349 1596 1433 populo,
1612 1360 1645 1415 et
1661 1349 1745 1414 alius
1767 1351 1809 1414 de

457 1457 664 1521 Iudaeorum.
674 1453 806 1518 ludaeis
823 1454 1058 1536 repromissum
1071 1463 1122 1519 est
1137 1455 1227 1536 quod
1245 1455 1371 1519 veniret
1385 1454 1561 1520 Salvator:
1579 1456 1675 1519 nobis
1687 1465 1809 1532 autem,

454 1563 510 1645 qui
527 1561 678 1625 extranei
695 1576 825 1622 eramus
842 1577 861 1620 a
877 1557 951 1640 lege
967 1557 1041 1635 Dei,
1057 1577 1123 1622 non
1140 1568 1191 1623 est
1207 1561 1452 1642 repromissum.
1470 1559 1698 1623 Misericordia
1712 1559 1810 1641 igitur
1832 1581 1862 1618 ιο

453 1677 504 1732 est
521 1667 553 1730 in
570 1666 696 1749 populo
722 1661 907 1746 gentilium,
923 1664 1043 1726 veritas
1061 1662 1093 1725 in
1110 1661 1236 1745 populo
1261 1664 1460 1727 ludaeorum
1477 1664 1579 1746 :quia
1594 1664 1684 1747 quod
1702 1681 1810 1746 repro·

454 1770 592 1834 missum
608 1778 659 1832 est
674 1767 773 1845 venit,
790 1766 853 1830 hoc
868 1775 928 1842 est,
944 1766 1034 1848 quod
1051 1767 1288 1849 repromissum
1304 1779 1354 1831 est
1371 1767 1531 1850 patribus,
1547 1764 1610 1830 hoc
1637 1767 1811 1849 conpletur

454 1873 487 1936 in
505 1871 589 1938 filiis.
604 1872 741 1936 Iustitia
767 1881 798 1934 et
813 1881 882 1954 poe
898 1869 1057 1933 osculatae
1070 1879 1156 1934 sunt.
1172 1869 1295 1934 Videte
1314 1870 1394 1954 quid
1411 1871 1511 1950 dicat,
1529 1871 1662 1936 lustitia
1685 1881 1719 1935 et
1742 1889 1810 1952 pax

453 1975 622 2041 osculatae
637 1988 723 2040 sunt.
743 1975 856 2058 Ipsum
869 1985 920 2038 est
934 1975 1025 2057 quod
1041 1975 1254 2058 supradixit,
1271 1975 1499 2039 Misericordia
1514 1986 1547 2040 et
1563 1976 1693 2040 veritas.
1711 1975 1810 2040 Mise-

454 2080 596 2145 ricordia
612 2079 720 2162 ipsum
737 2078 893 2162 estquod
910 2088 942 2143 et
959 2097 1037 2160 pax,
1053 2080 1174 2142 veritas
1190 2088 1301 2143 autern
1318 2079 1426 2161 ipsum
1443 2087 1494 2142 est
1509 2080 1599 2160 quod
1622 2089 1656 2143 et
1677 2078 1810 2142 iustitia
1832 2099 1860 2154 ις

456 2183 492 2250 Si
509 2185 588 2268 quid
606 2185 695 2248 enim
712 2183 753 2247 ad
772 2202 888 2266 pacem
917 2183 1069 2264 pertinet,
1085 2183 1147 2246 hoc
1164 2193 1198 2248 et
1214 2182 1256 2246 ad
1276 2182 1555 2246 misericordiam:
1572 2191 1605 2246 et
1621 2183 1648 2244 si
1664 2182 1744 2266 quid
1768 2181 1808 2244 ad

458 2271 641 2365 veritatem,
667 2288 731 2352 hoc
758 2298 791 2351 et
818 2287 860 2350 ad
886 2285 1055 2350 iustitiam.
1081 2285 1204 2349 Videte
1224 2305 1304 2367 ergo
1331 2286 1409 2367 quid
1438 2287 1537 2352 dicat.
1554 2286 1689 2351 Iustitia
1704 2297 1812 2369 etpor

455 2393 653 2458 deosculatae
666 2403 745 2457 suut
756 2416 768 2457 :
795 2394 857 2457 hoc
874 2403 934 2469 est,
950 2393 1174 2456 misericordia
1190 2403 1223 2456 et
1239 2393 1359 2458 veritas
1376 2394 1557 2457 amicitiam
1576 2393 1733 2471 lecerunt,
1748 2395 1810 2459 hoc

453 2509 513 2576 est,
528 2497 678 2581 gentium
695 2497 839 2580 populus
855 2507 889 2561 et
906 2496 1107 2560 ludaeorum
1117 2497 1181 2560 sub
1195 2515 1263 2562 uno
1279 2507 1411 2578 pastore
1428 2497 1551 2579 Xpisto
1568 2506 1627 2562 est.

505 2601 635 2666 Veritas
648 2601 688 2665 de
713 2610 803 2664 terra
826 2610 899 2665 orta
924 2609 979 2664 est.
994 2605 1002 2632 ⁸
1020 2601 1095 2682 Ego
1111 2619 1184 2663 sum
1210 2601 1263 2663 via
1287 2609 1321 2664 et
1346 2601 1466 2663 veritas
1491 2610 1524 2663 et
1548 2601 1616 2664 vita
1632 2600 1647 2664 '.
1670 2601 1731 2664 Ille
1753 2599 1809 2682 qui
1829 2621 1862 2658 20

453 2705 550 2783 dixit,
568 2705 643 2788 Ego
657 2725 729 2770 sum
748 2705 879 2784 veritas,
894 2705 936 2768 de
964 2715 1050 2768 terra
1074 2712 1166 2767 ortus
1181 2712 1240 2768 est.
1258 2702 1354 2787 Quae
1370 2715 1420 2769 est
1437 2705 1499 2768 ista
1521 2705 1650 2782 veritas,
1660 2725 1747 2788 quae
1768 2705 1811 2768 de

453 2819 541 2874 terra
555 2820 630 2873 orta
645 2814 722 2874 est?
738 2814 744 2841 ‘
763 2809 866 2873 Exiet
881 2808 975 2890 virga
990 2806 1032 2870 de
1055 2807 1166 2871 radice
1184 2806 1283 2883 Iesse,
1299 2817 1333 2871 et
1349 2807 1409 2872 flos
1425 2808 1467 2871 de
1484 2810 1594 2873 radice
1610 2811 1680 2872 eius
1695 2828 1809 2873 ascen·

453 2914 511 2978 det
527 2915 542 2978 '.
561 2913 605 2979 Et
630 2914 663 2978 in
689 2914 755 2978 alio
782 2914 877 2978 loco:
894 2912 1086 2996 ‘Quoniam
1106 2911 1198 2975 Deus
1213 2922 1370 2994 operatus
1397 2922 1448 2977 est
1473 2913 1614 2978 salutem
1641 2913 1675 2976 in
1700 2913 1811 2977 medio

453 3018 578 3082 terrae'
604 3016 695 3100 Quid
711 3019 804 3096 dicis,
820 3017 1027 3096 Manichaee‚
1042 3016 1098 3099 qui
1125 3035 1226 3098 negas
1254 3035 1386 3081 carnem
1404 3016 1558 3080 habuisse
1576 3015 1810 3082 Salvatorem?

456 3121 543 3185 Ecce
558 3123 678 3185 veritas
696 3121 850 3187 Salvator
865 3122 908 3185 de
924 3131 1020 3198 terra,
1036 3120 1099 3184 hoc
1114 3131 1174 3198 est,
1189 3120 1231 3183 de
1250 3120 1356 3184 Maria
1379 3129 1471 3184 ortus
1490 3131 1548 3184 est.
1565 3119 1612 3184 Er
1627 3119 1757 3184 iustitia
1772 3119 1811 3184 dc
1829 3143 1860 3195 ²5

452 3225 535 3288 coelo
544 3227 714 3308 prospexit.
743 3227 873 3290 Iustum
899 3223 987 3288 enim
1013 3234 1092 3300 erat,
1119 3233 1156 3288 ut
1180 3222 1336 3288 Salvator
1361 3223 1568 3288 misereretur
1592 3225 1718 3308 populo
1740 3244 1810 3290 suo.

454 3328 578 3393 Videte
592 3331 674 3414 quid
689 3330 787 3395 dicat.
803 3329 835 3394 Ο
852 3330 938 3393 iusta
955 3329 1076 3392 iudicia
1093 3327 1201 3406 Dei,et
1218 3327 1464 3409 investigabiles
1481 3329 1554 3392 viae
1570 3331 1658 3393 eiust
1681 3329 1825 3394 Veritas.

453 3431 493 3495 de
514 3441 603 3496 terro
618 3443 691 3497 orta
705 3442 760 3509 cst,
776 3433 839 3498 hoc
855 3443 906 3498 est
933 3431 1098 3498 Salvator.
1115 3431 1160 3495 Et
1187 3451 1315 3495 rursum
1341 3431 1389 3495 Et
1415 3431 1545 3497 iustitio
1569 3434 1608 3497 de
1631 3434 1715 3498 caelo
1735 3445 1809 3517 pro·

438 3537 707 3618 ·spexit.1ustitia
724 3537 794 3621 ipse
811 3536 966 3602 Salvator
981 3549 1038 3600 est.
1057 3536 1237 3621 Quomodo
1249 3539 1291 3600 de
1309 3546 1395 3600 terra
1407 3549 1480 3601 orta
1496 3543 1572 3603 est?
1587 3539 1758 3620 quomodo
1768 3540 1810 3604 de

454 3641 546 3706 caelo
562 3643 762 3726 prospexit?
781 3641 832 3704 De
856 3650 943 3706 terra
966 3653 1041 3706 orta
1065 3643 1298 3724 est‚'quorriam
1316 3641 1419 3705 homo
1446 3651 1611 3708 natusest
1629 3643 1695 3707 :de
1716 3644 1809 3708 caelo
1828 3667 1861 3718 30

455 3747 638 3829 prospexit,
653 3746 812 3828 quoniam
831 3745 923 3810 Deus
939 3764 1070 3829 semper
1087 3746 1118 3808 in
1136 3745 1235 3809 caelis
1251 3754 1310 3809 est.
1331 3745 1405 3809 Hoc
1422 3757 1481 3824 est,
1497 3758 1595 3812 natus
1611 3750 1746 3832 quidem
1759 3763 1809 3814 est

455 3852 618 3916 de‘terra:
635 3851 693 3916 sed
711 3850 766 3914 ille
782 3852 838 3932 qui
854 3850 897 3914 de
913 3860 999 3915 terra
1016 3861 1114 3914 natus
1130 3860 1189 3927 est,
1205 3870 1336 3934 semper
1353 3851 1384 3913 in
1402 3852 1495 3914 caelo
1510 3863 1568 3916 est.
1588 3851 1665 3915 Hoc
1682 3861 1741 3930 est,
1764 3852 1809 3915 sic

455 3955 608 4038 apparuit
624 3956 656 4020 in
674 3955 777 4032 terris,
791 3965 828 4019 ut
842 3954 952 4020 caelos
977 3974 1042 4019 non
1066 3954 1274 4038 relinqueret.
1300 3955 1390 4018 Deus
1412 3955 1501 4021 enim
1519 3956 1640 4040 ubique
1657 3965 1714 4022 est
1732 3957 1808 4019 Pro-

490 4136 499 4172 ι
513 4118 623 4188 quidem]
632 4124 697 4188 quid
705 4132 740 4173 est
749 4122 785 4191 ps
797 4143 804 4184 ;
816 4125 924 4188 quidest
932 4125 964 4176 G.
1033 4137 1048 4174 2
1058 4125 1111 4186 ille]
1120 4141 1169 4176 om.
1182 4123 1206 4192 β.
1274 4141 1331 4175 eros
1342 4125 1602 4187 labeos1erolhobiol
1613 4126 1646 4178 G.
1716 4137 1729 4190 5
1736 4135 1808 4192 proc·

453 4205 533 4266 clara]
548 4206 640 4269 pulcro
658 4205 689 4256 C.
790 4201 924 4268 poenirel]
944 4208 1026 4257 veniet
1037 4209 1069 4258 G.
1174 4220 1202 4256 12
1213 4207 1350 4271 conpletur]
1371 4207 1512 4272 r'nplelrch
1522 4224 1530 4266 ;
1549 4207 1688 4271 conpletum
1706 4215 1742 4255 erl
1753 4207 1806 4256 GP.

457 4284 485 4336 16
501 4287 527 4335 si
543 4287 609 4351 quid
625 4281 703 4344 enim]
725 4287 741 4338 S
763 4287 836 4338 inser.
850 4290 931 4353 quod;
950 4291 975 4339 si
992 4290 1091 4354 quidem
1112 4296 1194 4339 aulem
1215 4290 1247 4340 G.
1378 4289 1578 4350 18deosculoloel
1597 4305 1621 4338 se
1639 4291 1760 4338 osculatae
1780 4291 1804 4339 S.

454 4380 486 4418 22
496 4369 616 4430 ascendet]
627 4370 694 4418 exiet
703 4367 727 4437 β
797 4383 827 4434 27
839 4367 961 4430 etloGP.
1031 4385 1063 4436 3ο
1073 4373 1143 4422 lrorcco
1155 4379 1230 4422 reolus
1241 4372 1287 4436 est]
1298 4373 1454 4423 humanatus
1464 4379 1500 4423 est
1511 4374 1538 4424 P.
1607 4373 1808 4438 33relinquerct]

454 4451 586 4516 reliquerit
597 4451 629 4502 G.

496 4607 541 4645 20.
557 4595 586 4646 ct
599 4583 672 4667 trr'lo]
688 4587 731 4648 Io.
754 4607 797 4661 14,
814 4590 841 4648 6.
1199 4611 1244 4663 24.
1262 4587 1367 4672 lerroe]
1385 4594 1430 4651 Ps.
1445 4609 1464 4670 Ι7
1470 4611 1495 4669 3,
1517 4612 1560 4654 12.

496 4687 541 4727 22.
557 4665 697 4750 ascendet]
715 4670 752 4730 Is.
774 4689 816 4744 rr,
837 4689 860 4730 1.
1451 4683 1455 4691 “
