4202 5492
461 417 539 500 104
834 418 862 478 S.
887 417 1141 478 HIERONVMI
1165 415 1429 476 PRESBVTERI

454 635 584 702 locutus
609 645 669 712 est,
692 655 759 699 non
786 645 822 700 ut
844 636 939 717 pauci
964 633 1205 717 intellegerent,
1219 633 1277 697 sed
1305 641 1343 696 ut
1363 651 1489 724 omnes.
1507 630 1602 696 Plato
1621 629 1754 714 scripsit
1776 630 1808 692 in

454 739 640 823 scriptura:
663 740 721 802 sed
747 757 814 802 non
831 739 963 821 scripsit
986 740 1019 802 in
1045 737 1188 822 populis,
1203 738 1261 802 sed
1279 737 1402 820 paucis.
1418 737 1488 802 Vix
1506 738 1595 800 enim
1610 735 1810 820 intellegunt

455 853 522 909 tres
546 842 708 908 homines.
725 843 785 908 lsti
813 863 900 920 vero,
916 843 979 907 hoc
1003 851 1054 906 est
1081 842 1246 924 principes
1270 841 1429 906 ecclesiae
1456 849 1490 904 et
1506 839 1671 923 principes
1687 837 1810 922 Xpisti,

457 967 523 1012 non
540 947 742 1030 scripserunt
758 947 880 1028 paucis,
892 947 949 1011 sed
972 945 1126 1010 universo
1142 944 1275 1028 populo.
1291 943 1340 1007 Et
1348 943 1544 1026 principum,
1560 943 1623 1008 hoc
1655 953 1714 1020 est,
1730 961 1808 1025 apo-

456 1051 617 1118 stolorum
634 1061 667 1116 et
683 1049 1074 1135 evangeliorumHomrm
1089 1050 1296 1131 quisuerunt
1310 1048 1400 1112 inea.
1416 1047 1539 1112 Videte
1549 1047 1628 1130 quid
1642 1031 1808 1130 dieat,Qui
1844 1061 1859 1114 5

457 1155 598 1232 fuerunt,
614 1175 680 1220 non
706 1156 762 1238 qui
788 1164 890 1219 sunt:
914 1164 951 1219 ut
975 1155 1126 1236 exceptis
1142 1150 1303 1235 apostolis
1319 1152 1553 1236 quodcumque
1580 1150 1669 1215 aliud
1693 1159 1809 1234 postea

456 1259 860 1338 dicitur,abscidatur‚non
882 1259 1004 1322 habeat
1021 1267 1138 1340 postea
1153 1256 1394 1321 auctoritatem.
1407 1255 1569 1338 Quamvis
1584 1275 1664 1337 ergo
1676 1263 1810 1318 sanctus

458 1365 499 1429 sit
516 1363 636 1447 aliquis
651 1373 728 1446 post
743 1362 923 1446 apostolos,
938 1363 1091 1446 quamvis
1113 1363 1257 1426 disertus
1272 1360 1326 1432 sit,
1341 1379 1406 1423 non
1434 1360 1535 1424 habet
1549 1357 1782 1424 auctoritatem
1801 1379 1809 1421 ε
1837 1424 1848 1445 .

458 1470 615 1553 quoniam
634 1468 800 1532 Dominus
825 1475 937 1530 narrat
964 1465 997 1528 in
1024 1465 1186 1548 scriptura
1213 1463 1412 1547 populorum
1429 1472 1462 1526 et
1479 1463 1675 1545 principum,
1690 1461 1808 1524 horum

458 1571 516 1655 qui
533 1571 665 1636 luerunt
682 1571 714 1634 in
731 1591 778 1635 ea.
1830 1584 1863 1623 ¹0

502 1673 597 1738 Sicut
610 1673 804 1738 laetantium
819 1673 964 1738 omnium
976 1673 1135 1738 habitatio
1150 1673 1185 1736 in
1195 1683 1232 1737 te.
1240 1671 1406 1755 Propheta
1416 1671 1562 1754 loquitur
1573 1669 1615 1735 ad
1628 1667 1810 1744 ecclesiam,

392 1764 442 1784 ”²
459 1787 492 1844 et
508 1777 589 1842 dicit
605 1777 634 1840 ei
651 1801 658 1841 :
686 1776 780 1842 Sicut
806 1776 1001 1842 laetantium
1027 1779 1178 1842 omnium
1195 1776 1358 1841 habitatio
1374 1777 1407 1839 in
1426 1784 1469 1839 te.
1485 1772 1597 1856 Quare
1621 1793 1687 1836 non
1711 1771 1808 1846 dixit,

458 1881 671 1946 Lactantium
688 1881 838 1944 omnium
855 1881 1020 1945 habitatio
1033 1882 1064 1943 in
1081 1889 1124 1958 te,
1139 1881 1196 1944 sed
1214 1879 1311 1958 dixit,
1327 1878 1423 1944 Sicut
1443 1877 1663 1942 laetantium?
1680 1875 1809 1938 Dicitur

458 1985 491 2049 in
508 1983 574 2048 alio
583 1984 732 2066 psalmo:
749 1984 810 2048 ‘ln
827 1985 1053 2050 convertendo
1069 1984 1236 2050 Dominus
1251 1985 1479 2066 captivitatem
1498 1980 1589 2056 Sion,
1602 1978 1679 2044 sacti
1695 1997 1809 2042 sumus

458 2089 544 2152 sicut
568 2087 769 2164 consolati’;
793 2098 827 2153 et
851 2107 918 2152 non
943 2088 1040 2165 dixit,
1059 2087 1232 2151 consolati.
1249 2085 1305 2152 Sic
1320 2097 1354 2150 et
1376 2087 1409 2151 in
1435 2088 1498 2152 isto
1514 2087 1589 2150 loco
1611 2086 1701 2163 dicit,
1717 2084 1810 2150 Sicut
1831 2103 1861 2156 ις

459 2191 654 2257 laetantium
671 2192 819 2255 omnium
837 2192 1001 2256 habitatio
1017 2192 1049 2254 in
1067 2201 1108 2256 te.
1128 2191 1204 2255 Hoc
1220 2200 1328 2256 totum
1345 2211 1448 2274 quare
1463 2191 1574 2255 dixit?
1591 2189 1760 2274 Quoniam
1776 2189 1809 2252 in

460 2296 624 2378 praesenti
648 2294 781 2359 saeculo
797 2297 948 2378 quamvis
964 2296 1084 2378 aliquis
1099 2305 1235 2359 sanctus
1250 2295 1302 2371 sit,
1317 2297 1470 2378 quamvis
1485 2295 1652 2357 renuntiet
1668 2290 1810 2367 saeculo,

458 2419 525 2465 non
542 2399 643 2464 habet
659 2399 839 2481 perfectam
851 2400 1031 2466 victoriam.
1050 2399 1204 2482 Denique
1219 2399 1340 2464 dicitur
1355 2400 1387 2463 in
1404 2398 1599 2480 evangelio:
1614 2402 1621 2429 ‘
1636 2397 1730 2461 Beati
1753 2396 1809 2478 qui

461 2503 600 2585 lugiunt,
619 2503 776 2585 quoniam
805 2503 867 2586 ipsi
894 2503 1155 2568 consolabuntur
1167 2503 1183 2568 ’.
1200 2502 1235 2568 Si
1261 2513 1373 2568 autem
1395 2503 1521 2567 dictum
1547 2501 1729 2566 est‘Beati
1754 2501 1808 2584 qui

458 2605 547 2682 flent,
570 2607 728 2689 quoniam
758 2607 819 2689 ipsi
847 2607 1038 2670 ridebunt’:
1066 2607 1278 2672 manifestum
1304 2617 1364 2685 est,
1394 2609 1553 2688 quoniam
1586 2605 1862 2689 inpraesentia)

457 2707 591 2773 saeculo
618 2729 684 2773 non
712 2719 762 2774 est
791 2720 880 2773 certa
902 2709 1038 2774 laetitia.
1067 2710 1157 2792 Ergo
1183 2708 1308 2774 laetitia
1336 2718 1449 2774 nostra
1479 2711 1573 2792 quasi
1600 2709 1726 2776 laetitia
1750 2720 1809 2776 est.

458 2813 632 2879 Habitatio
649 2814 688 2877 in·
701 2823 737 2880 te.
755 2814 842 2879 Vide
858 2813 937 2896 quid
954 2813 1064 2877 dicat:
1081 2822 1117 2877 ut
1133 2813 1251 2897 aliquis
1262 2833 1444 2895 numquam
1462 2815 1596 2880 recedat
1606 2814 1648 2878 de
1664 2814 1810 2880 ecclesia.

501 2917 593 2983 Scire
619 2916 780 2983 debemus
804 2917 962 3001 quoniam
990 2937 1077 3000 quae
1101 2917 1309 3000 interpretati
1331 2937 1446 2982 sumus
1460 2919 1503 2982 de
1527 2917 1676 2997 ecclesia,
1698 2928 1810 3002 potest

457 3019 604 3103 intellegi
619 3031 652 3084 et
669 3021 702 3083 in
719 3021 831 3084 anima
848 3031 968 3086 nostra.
994 3021 1030 3086 Si
1058 3023 1146 3085 enim
1176 3021 1257 3087 Sion
1275 3023 1509 3104 interpretatur
1531 3022 1676 3106 specula,
1698 3021 1810 3086 anima

457 3132 568 3186 autem
582 3130 695 3188 nostra
711 3143 777 3187 non
794 3123 890 3188 aliter
906 3125 968 3190 nisi
986 3144 1118 3208 semper
1134 3124 1328 3189 sublimiora
1343 3127 1532 3191 considerat
1547 3151 1554 3191 :
1571 3147 1647 3192 vera
1662 3126 1810 3203 ecclesia,
1828 3143 1859 3198 25

488 3321 503 3358 2
515 3310 545 3357 in
552 3309 661 3372 populis]
682 3309 723 3359 SG
737 3303 793 3370 (ἐπί
799 3311 820 3370 i)
829 3328 836 3369 ;
856 3311 945 3376 reliqui
965 3327 1015 3362 om.
1030 3313 1067 3362 in.
1181 3323 1195 3376 5
1211 3310 1408 3377 evangeliorum]
1427 3315 1500 3365 codd.
1519 3317 1576 3381 (pro
1586 3317 1759 3380 waragelmm
1768 3313 1791 3375 il
1801 3331 1809 3374 3

456 3393 667 3457 evatrgelislanmr
681 3391 705 3460 β.
790 3391 934 3456 8discrtus]
945 3394 1093 3446 disserturS
1105 3396 1232 3456 ;desertus
1244 3398 1277 3447 G.
1361 3393 1604 3455 habelMadeolSG.
1681 3395 1809 3459 9narral]

456 3475 572 3524 manabit
584 3475 616 3525 G.
717 3473 746 3522 in
757 3475 893 3539 scriptura]
914 3475 957 3526 SG
978 3491 1027 3525 om.
1043 3477 1080 3526 in.
1184 3491 1209 3528 tt
1233 3478 1311 3540 inte]
1331 3479 1450 3529 oth.
1555 3478 1584 3529 16
1595 3475 1672 3538 derit]
1690 3479 1749 3528 deici
1759 3477 1807 3528 CS.

459 3567 487 3617 19
498 3551 611 3621 lugiunt]
623 3555 647 3606 G
659 3555 700 3616 (ci.
717 3556 843 3616 Roensch,
859 3557 915 3608 Ital.
930 3573 953 3607 u.
969 3558 1042 3624 Vulg.
1055 3575 1079 3624 p.
1095 3557 1153 3621 284)
1163 3577 1170 3620 ;
1182 3561 1276 3624 lugam!
1287 3562 1322 3622 S;
1335 3563 1421 3625 lugent
1433 3559 1455 3628 β.
1536 3562 1568 3610 Si
1577 3556 1671 3619 aulem]
1682 3563 1717 3610 ric
1728 3569 1810 3610 autem

456 3637 516 3688 CH.
612 3651 643 3704 23
654 3639 728 3705 quae]
740 3639 807 3690 Aes
817 3657 824 3700 ;
835 3640 884 3705 qui
894 3640 926 3700 G,
942 3640 961 3689 Ρ
972 3657 1045 3702 corr;
1056 3642 1123 3706 quod
1133 3640 1157 3709 β.
1173 3643 1203 3692 In
1215 3659 1305 3708 graeco
1317 3651 1432 3694 neutrum
1445 3643 1548 3709 pluralis
1560 3643 1657 3693 numeri
1668 3657 1725 3692 cum
1734 3641 1811 3692 verbo

454 3719 587 3871 singularssis
605 3722 701 3772 numeri
721 3731 892 3773 constructum
910 3739 1027 3790 agnosce.
1139 3739 1171 3786 24
1182 3727 1306 3792 intellegi]
1325 3727 1463 3792 imellegerr
1474 3728 1507 3776 Α.
1618 3726 1646 3774 in
1666 3721 1764 3783 aniate]
1782 3723 1811 3772 de

455 3819 544 3853 antarta
575 3839 581 3853 .

469 4017 474 4028 .
496 3957 523 4010 4.
541 3939 672 4028 uarhcrso
680 3935 800 4018 populo]
820 3940 945 4002 Hieron.
963 3939 992 4000 in
1008 3941 1104 4002 Galat.
1159 3941 1251 4018 fragili
1273 3961 1398 4019 corpore
1420 3942 1626 4004 detinemur...
1658 3943 1739 4004 nulla
1766 3954 1809 4004 est

456 4019 504 4079 hb.
530 4037 547 4095 3
573 4018 677 4079 mitio:
705 4019 846 4094 ‘Quotus
871 4021 998 4097 quisque
1026 4041 1107 4081 nunc
1159 4035 1239 4083 certa
1268 4022 1390 4084 victoria
1408 4027 1435 4099 ’ς
1464 4026 1577 4087 Contra
1606 4025 1703 4102 Pelag.
1735 4045 1762 4098 a,
1792 4041 1807 4100 5

456 4099 647 4162 Aristotelem
662 4099 753 4178 legit?
779 4102 882 4177 quanti
906 4103 1038 4162 Platonis
1062 4105 1107 4164 vel
1161 4103 1337 4179 ‘Quamdiu
1352 4105 1432 4166 enim
1453 4106 1587 4179 vivimus,
1603 4107 1634 4165 in
1648 4105 1810 4167 certamine

455 4179 545 4274 libros
560 4200 669 4243 novere
683 4183 729 4243 vel
740 4185 873 4244 nomen?
885 4185 941 4242 Vix
960 4183 987 4242 in
998 4186 1107 4262 angulo
1160 4204 1263 4246 sumus
1277 4207 1286 4260 ;
1301 4199 1331 4246 et
1346 4187 1489 4263 quamdiu
1505 4187 1535 4246 in
1545 4186 1715 4260 certamine,
1729 4188 1809 4247 nulla

455 4263 543 4322 otiosi
568 4282 620 4324 eos
644 4282 730 4324 senes
756 4265 899 4324 recolunt.
927 4264 1107 4326 Rusticanos
1159 4279 1204 4326 est
1228 4279 1309 4328 certa
1334 4267 1474 4328 victoria’
1494 4268 1547 4344 ;in
1573 4271 1678 4330 lerem.
1697 4287 1746 4345 31,
1772 4269 1810 4344 38

455 4362 524 4404 vero
539 4355 569 4404 et
594 4343 755 4422 piscatores
780 4357 896 4406 nostros
923 4358 1002 4407 totus
1026 4347 1107 4408 orbis
1161 4351 1221 4410 ‘ne
1235 4350 1295 4408 ulla
1309 4367 1379 4410 vera
1394 4349 1514 4424 iustitia,
1531 4369 1569 4410 ne
1585 4362 1666 4412 certa
1688 4349 1811 4410 victoria

456 4424 594 4502 loquitur,
611 4425 764 4488 universus
780 4429 910 4487 mundus
925 4439 1010 4488 sonat
1033 4431 1047 4488 '.
1159 4428 1189 4489 in
1206 4430 1263 4490 hoc
1278 4433 1399 4492 saeculo
1414 4432 1634 4492 demonstretur
1644 4434 1658 4492 '.
1676 4431 1722 4494 ct
1737 4431 1810 4491 inira

501 4527 511 4564 r
518 4525 543 4583 5.
560 4509 633 4566 sicu!
643 4505 794 4588 consolati]
810 4511 857 4568 Ps.
877 4527 941 4586 125,
962 4529 984 4569 r.
1160 4531 1187 4587 p.
1203 4529 1275 4588 seq,
1291 4514 1308 4571 Ι.
1327 4532 1372 4588 29.

494 4589 544 4679 Ιι8.
572 4607 628 4647 non
656 4591 742 4650 habet
760 4589 916 4668 perfectam
945 4587 1107 4672 uictoriam]
1203 4611 1247 4670 19.
1263 4592 1496 4676 consolabuntur]
1513 4595 1620 4656 Matth.
1637 4612 1665 4673 5,
1682 4612 1708 4673 5.

458 4669 583 4729 Hieron.
608 4689 654 4747 ep.
682 4691 728 4744 22,
753 4690 781 4732 n.
807 4692 827 4744 4
848 4670 1023 4748 ‘Quamdiu
1048 4674 1107 4734 hoc
1202 4672 1408 4756 aoridmunt]
1429 4679 1542 4737 Luco.
1562 4697 1607 4737 21.
