4158 5492
256 371 417 459 cxxxvrn]
597 374 968 438 conuuurnmorr
998 373 1044 435 nr
1073 375 1271 436 rsncuos.
1560 357 1616 460 95

259 587 382 678 elidit
399 587 460 672 ad·
477 551 641 700 petram
664 589 795 700 (petra
815 602 960 674 autem
991 604 1056 676 est
1088 591 1303 702 Xpistus),
1328 619 1380 674 ne
1411 601 1613 689 crescant,

261 755 315 812 ne
334 727 595 829 adolescant,
619 753 672 811 ne
692 725 746 810 ad
767 727 1036 837 pubertatem
1049 730 1272 812 venientes
1292 729 1501 812 adversus
1516 755 1615 811 eum

261 865 464 950 resistant
486 865 652 965 lortius,
675 878 717 948 et
740 864 919 949 interfici
943 881 1168 977 nequeant.

787 1119 1096 1252 chxvur

224 1463 241 1519 s
320 1427 689 1535 Mirabilr'sfacla
720 1432 787 1510 est
820 1429 1003 1512 scientia
1038 1434 1118 1511 tna
1150 1457 1206 1512 ex
1235 1456 1311 1513 nee.
1339 1428 1619 1512 Manifestius

263 1567 345 1648 hoc
367 1564 658 1677 Symmachus
679 1565 982 1676 interpretatus
1002 1581 1093 1650 est:
1120 1577 1127 1607 ‘
1153 1568 1519 1680 Praetergreditur
1552 1593 1620 1649 me

262 1703 442 1786 scientia
463 1716 538 1785 tua
558 1704 579 1805 ',
603 1702 647 1786 id
668 1716 744 1800 est,
770 1731 856 1787 non
879 1732 1057 1814 possum
1077 1717 1153 1788 tua
1173 1704 1280 1788 scire
1301 1718 1472 1806 secreta,
1496 1719 1538 1788 et
1575 1707 1618 1787 in

265 1840 529 1952 profundum
550 1841 785 1952 sapientiae
805 1855 903 1926 tuae
919 1870 1039 1926 mens
1056 1870 1149 1927 mea
1168 1871 1253 1927 non
1270 1856 1411 1953 potest
1430 1844 1616 1927 introire.

263 1979 360 2086 Quo
392 1978 458 2061 ibo
487 1979 542 2062 ab
575 1980 739 2088 spiritu
771 1986 856 2080 luo,
879 1989 962 2066 ant
994 2010 1023 2065 a
1045 1982 1173 2092 facie
1202 1990 1281 2066 tna
1302 2011 1384 2092 qno
1399 1981 1624 2091 fugiam?

212 2158 245 2196 to
266 2118 500 2226 Quomodo
519 2130 666 2200 autem
688 2130 807 2201 tuam
829 2145 1008 2230 possum
1030 2118 1374 2230 conprehendere
1406 2119 1619 2220 notitiam,

265 2283 365 2341 cum
386 2255 430 2338 in
452 2267 494 2338 te
516 2254 602 2339 sint
623 2257 781 2359 omnia,
806 2257 1000 2368 nihilque
1021 2256 1078 2340 sit
1098 2257 1215 2368 quod
1239 2269 1280 2342 te
1301 2257 1451 2370 fugiat,
1466 2271 1507 2343 et
1530 2258 1624 2341 ubi·

265 2423 350 2507 que
371 2395 428 2479 sit
449 2394 640 2505 Spiritus
662 2396 796 2478 tuus?
819 2396 888 2478 Ex
907 2423 995 2507 quo
1017 2395 1309 2508 intellegimus
1342 2397 1485 2480 Deum
1515 2423 1622 2500 esse,

265 2537 340 2647 qui
363 2548 481 2619 totus
503 2532 662 2645 ubique
684 2534 751 2620 sit.
776 2534 830 2617 Si
847 2534 1074 2619 ascendero
1094 2535 1140 2617 r'n
1159 2534 1339 2633 caelum,
1373 2541 1424 2616 tn
1455 2534 1518 2617 ibi
1552 2562 1626 2617 es:

239 2785 244 2792 ι
263 2675 308 2756 si
324 2672 572 2756 descendero
592 2671 638 2754 in
659 2670 893 2779 infernum,
916 2671 1034 2770 adeS,
1059 2686 1101 2756 et
1122 2673 1297 2783 reliqua.
1325 2671 1458 2754 Nulla
1480 2671 1625 2754 altitu-

212 2845 245 2900 ιε
263 2813 324 2895 do
344 2823 386 2894 te
405 2810 532 2894 altior
551 2821 628 2909 est,
649 2808 818 2892 nullum
840 2808 1103 2918 profundum
1122 2822 1162 2893 te
1184 2809 1458 2920 profundius:
1481 2813 1625 2894 oriens

265 2965 310 3034 et
344 2949 543 3034 occidens
578 2948 622 3030 in
656 2961 731 3032 tua
764 2946 1041 3030 continentur
1075 2974 1216 3029 manu.
1256 2947 1324 3029 Et
1358 2948 1468 3047 dixi,
1501 2950 1627 3058 Ergo

266 3088 466 3171 tenebrae
484 3085 792 3169 conculcabunt
804 3111 888 3166 rne:
899 3089 943 3166 et
955 3110 1043 3166 nox
1058 3084 1139 3167 lnn
1153 3112 1248 3168 mea
1264 3086 1311 3167 in
1329 3087 1495 3171 deliciis
1507 3089 1623 3170 meir.

204 3269 208 3272 ·
229 3293 234 3298 .
270 3228 290 3310 Ι
298 3255 322 3308 n
347 3224 529 3310 hebraeo
549 3251 705 3308 sensus
728 3225 807 3306 iste
820 3237 901 3307 est:
921 3223 980 3307 Et
997 3224 1099 3326 dixi,
1122 3224 1322 3307 Forsitan
1340 3225 1538 3310 tenebrae
1558 3255 1628 3310 oc·

266 3363 495 3448 cultabunt
517 3390 600 3446 me:
623 3389 647 3444 e
667 3363 881 3444 contrario
900 3374 1045 3444 autem
1069 3389 1154 3445 nox
1171 3364 1264 3472 ipsa
1284 3363 1399 3472 apud
1422 3377 1463 3448 te
1482 3365 1625 3448 lumen

210 3539 249 3576 20
268 3503 364 3601 suit,
396 3503 499 3612 quia
529 3499 636 3583 nihil
673 3499 806 3581 celare
834 3511 875 3582 te
907 3511 1061 3610 potest.
1097 3499 1225 3609 Quod
1258 3513 1300 3584 et
1337 3502 1628 3612 Symmachus

268 3637 428 3722 melius
448 3639 753 3748 interpretatus
773 3649 839 3719 est
854 3636 1026 3720 dicens:
1046 3645 1054 3678 ‘
1076 3639 1134 3720 Et
1150 3666 1235 3721 nox
1251 3637 1325 3722 lux
1341 3641 1501 3722 circum
1525 3668 1592 3722 me
1606 3639 1626 3723 ’.

269 3777 362 3862 Sed
395 3790 436 3860 et
457 3787 686 3887 sequentes
720 3774 919 3859 versiculi
954 3775 1034 3858 hoc
1067 3776 1181 3859 idem
1219 3779 1476 3888 significant.
1511 3779 1631 3885 Qnr'a

308 3987 377 4050 test]
389 3988 450 4049 1303
484 3995 539 4038 era!
549 3989 611 4039 AM.
707 3986 852 4048 tinnire]
866 3987 942 4036 EAM
954 4004 962 4046 ;
996 3987 1096 4036 innare
1107 3987 1139 4038 C.
1240 3991 1323 4053 9aut]
1334 3997 1359 4039 et
1370 3990 1400 4042 C.
1502 3989 1531 4039 16
1543 3989 1633 4050 mann]

249 4125 255 4134 ,
270 4071 370 4128 ΕΑΜ;
404 4077 483 4120 nante
495 4071 525 4122 C.
607 4084 643 4134 19·
659 4083 691 4120 20
701 4068 735 4131 tc]
746 4085 796 4118 om.
811 4068 843 4118 Α.
922 4080 951 4117 21
964 4069 1059 4138 cirrum
1072 4071 1119 4132 me]
1132 4069 1148 4139 β
1160 4080 1185 4121 et
1197 4072 1271 4122 codd.
1286 4073 1345 4122 add.
1359 4074 1438 4133 reden
1448 4074 1516 4138 quod
1529 4073 1633 4124 verbum

270 4153 386 4206 Fieldius
396 4149 532 4205 delendum
544 4154 673 4214 admonet,
686 4161 774 4221 utpote
787 4164 872 4205 nutum
885 4171 899 4204 e
912 4155 1032 4221 proximis
1043 4157 1126 4208 Sedet
1136 4166 1260 4223 sequentes
1271 4168 1320 4210 etc.

271 4323 471 4387 medullarum
488 4322 628 4395 calorem,
645 4322 693 4382 ille
708 4323 856 4394 laudatur,
879 4321 928 4382 ille
1024 4343 1047 4382 1.
1070 4330 1112 4383 est
1130 4321 1266 4406 Xpr’stus]
1285 4344 1296 4383 r
1315 4329 1382 4388 Cor.
1404 4346 1448 4396 ιο,
1465 4347 1492 4398 4.

271 4406 460 4486 praedicatur
475 4405 589 4474 beatus,
605 4401 928 4481 quiutcoeperitcogi-
1023 4425 1068 4463 20.
1092 4405 1171 4465 nr'ln'l
1182 4407 1271 4466 celare
1294 4416 1321 4466 te
1340 4405 1443 4489 potest]
1460 4406 1587 4467 Hieron.
1605 4406 1635 4466 in

272 4489 478 4560 tarenordidn,
495 4484 596 4546 statim
611 4483 750 4545 interficit
772 4483 928 4562 cogitatus,
983 4487 1020 4545 Is.
1048 4507 1073 4560 1,
1099 4489 1155 4546 18:
1182 4487 1234 4548 ‘in
1259 4501 1423 4566 conspectu
1452 4487 1517 4562 Dei,
1544 4508 1635 4566 quem

272 4583 303 4633 er
316 4572 408 4635 allidit
421 4569 464 4634 ad
480 4579 603 4648 petram.
620 4567 708 4628 Petra
732 4577 832 4627 autem
848 4565 931 4628 Chri·
982 4568 1078 4628 celare
1094 4567 1167 4628 nihil
1183 4581 1280 4646 potest
1296 4573 1311 4630 '.

272 4667 333 4716 stus
345 4669 388 4719 est
403 4657 417 4716 '.
