4062 5504
466 321 544 400 114
835 315 863 372 S.
895 314 1150 374 HIERONYMI
1178 314 1441 372 PRESBYTERI

460 512 632 577 Sanctum.
649 512 741 575 Dicit
763 513 852 576 enirn
876 513 910 576 in
934 512 1239 595 consequentibus:
1257 510 1344 575 ‘Sed
1370 513 1453 575 haec
1476 513 1518 576 de
1542 512 1708 595 Seraphin
1733 531 1813 594 quae

460 616 548 677 circa
573 614 684 678 Deum
713 627 802 696 sunt,
819 627 851 680 et
875 618 946 680 sola
969 616 1211 680 rationabiliter
1225 627 1327 696 atque
1344 617 1525 696 prudenter
1539 617 1656 680 dicunt
1674 615 1812 680 Sanctus

461 719 604 782 Sanctus
631 717 781 784 Sanctus.
807 719 889 784 Ideo
917 723 1099 802 prudenter
1124 720 1264 783 laudant
1291 733 1392 801 atque
1411 721 1589 802 sapienter,
1604 722 1684 802 quia
1702 730 1814 783 sancta

458 824 566 887 sunt.'
583 823 614 886 N
617 846 654 886 ec
680 845 740 888 nos
764 845 943 907 possumus
958 827 1134 906 denegare,
1151 826 1242 906 quod
1260 824 1426 906 Seraphin
1444 825 1687 888 rationabiliter
1703 825 1814 887 dicant

459 937 561 1010 atque
583 929 773 1009 prudenter,
789 929 935 993 Sanctus
953 928 1098 994 Sanctus
1119 927 1286 992 Sanctus:
1314 929 1372 990 sed
1393 949 1519 1010 quaero
1534 949 1555 991 a
1570 931 1709 992 doctore
1725 948 1813 1010 prae·
1834 943 1847 994 5

458 1033 570 1114 cipuo,
589 1032 644 1095 ubi
662 1033 694 1094 in
711 1035 835 1097 sanctis
851 1034 1025 1115 scripturis
1041 1033 1168 1114 legerit,
1183 1031 1255 1096 sola
1272 1031 1438 1114 Seraphin
1456 1033 1567 1094 Deum
1589 1032 1726 1096 laudare
1743 1051 1816 1112 pru-

458 1136 600 1214 denter;
629 1156 706 1198 cum
737 1157 857 1199 omnes
888 1136 1104 1200 rationabiles
1135 1148 1304 1200 creaturae
1336 1147 1369 1199 et
1410 1137 1635 1218 primogenita
1666 1134 1816 1199 caelestis

459 1240 620 1303 ecclesiae
644 1240 757 1302 Deum
782 1242 961 1305 noverint?
985 1241 1030 1303 Et
1054 1240 1193 1318 Throni,
1208 1251 1241 1302 et
1265 1241 1533 1318 Dominationes,
1549 1251 1582 1303 et
1600 1241 1816 1322 Principatus,

460 1353 493 1408 et
509 1343 708 1421 Potestates,
725 1355 757 1406 et
778 1345 1016 1421 Fortitudines,
1031 1364 1115 1425 quas
1134 1345 1256 1406 Paulus
1271 1354 1457 1421 enumerat,
1472 1347 1654 1426 prudenter
1666 1355 1815 1406 sanctum

460 1447 655 1530 praedicant
670 1447 790 1513 Deum.
801 1449 890 1512 Nam
906 1449 1025 1511 Esaias
1037 1448 1160 1511 clamat
1176 1471 1183 1510 ε
1199 1447 1362 1513 ‘Sanctus
1379 1448 1548 1512 Dominus
1563 1449 1621 1531 qui
1637 1449 1769 1511 habitat
1785 1447 1815 1508 in
1837 1464 1863 1501 10

460 1552 613 1614 excelsis.
629 1551 637 1577 '
659 1552 703 1615 Et
719 1561 798 1615 ante
813 1552 906 1615 illurn
926 1553 1058 1616 David:
1075 1553 1256 1616 ‘Exaltate
1274 1552 1459 1616 Dominum
1478 1553 1589 1615 Deum
1607 1563 1769 1629 nostrum,
1784 1559 1816 1614 et

460 1658 600 1719 adorate
626 1657 800 1720 scabillum
827 1659 950 1738 pedum
977 1657 1057 1733 eius,
1078 1658 1158 1739 quia
1182 1667 1318 1720 sanctus
1343 1657 1421 1723 est.'
1447 1656 1593 1720 Danihel
1618 1676 1754 1738 quoque
1774 1656 1815 1716 de

459 1761 656 1844 angelorum
684 1763 835 1825 exercitu
861 1760 1027 1843 loquitur:
1053 1760 1170 1823 ‘Milia
1198 1761 1325 1823 milium
1354 1762 1589 1824 ministrabant
1610 1758 1670 1824 ei.’
1688 1760 1816 1825 Omnes

459 1865 548 1928 enim
576 1865 853 1928 administratorii
870 1865 1007 1946 spiritus
1023 1875 1177 1928 sanctum
1198 1865 1306 1927 Deum
1325 1867 1505 1946 prudenter
1521 1876 1554 1929 et
1575 1863 1815 1928 rationabiliter

460 1969 654 2050 praedicant
669 1989 677 2046 ;
692 1971 784 2051 quod
801 1979 833 2032 et
853 1978 1013 2051 quattuor
1033 1989 1153 2050 pueros
1170 1969 1202 2030 in
1220 1969 1354 2030 camino
1370 1969 1556 2032 aestuantis
1572 1968 1719 2032 incendii
1735 1967 1816 2030 ceci·
1837 1975 1862 2024 ¹5

461 2073 548 2136 nisse
564 2071 725 2154 legimus:
740 2073 954 2136 ‘Benedicite
974 2073 1085 2155 angeli
1107 2073 1246 2136 Domini
1265 2073 1460 2148 Dominum,
1472 2074 1608 2136 laudate
1624 2081 1657 2135 et
1670 2071 1818 2134 exaltate

461 2197 536 2241 eum
549 2175 735 2239 insaecula.
748 2175 755 2202 ’
769 2175 813 2240 Et
826 2197 892 2240 non
905 2176 1013 2240 solum
1028 2176 1204 2258 Seraphin,
1218 2187 1253 2240 ut
1267 2178 1431 2260 Origenes
1442 2179 1602 2240 audacter
1615 2175 1818 2257 pronuntiat,

459 2283 602 2345 scienter
626 2291 659 2343 et
679 2282 778 2344 docte
802 2280 942 2344 laudant
959 2281 1070 2344 Deum
1086 2281 1234 2344 dicentia
1252 2280 1395 2345 Sanctus
1411 2282 1554 2347 Sanctus
1571 2280 1736 2355 Sanctus;
1760 2279 1817 2340 sed

462 2395 495 2449 et
512 2404 631 2448 omnes
648 2393 832 2463 creaturae,
852 2385 949 2449 iuxta
962 2385 1132 2447 Ananiam
1146 2393 1179 2447 et
1190 2384 1347 2449 Azariam
1359 2396 1393 2449 et
1407 2385 1672 2465 Misahel,digne
1686 2384 1819 2446 laudare

462 2490 647 2554 Dominum
679 2490 949 2570 comprobantur.
987 2489 1148 2571 Sequitur
1178 2490 1290 2554 enim:
1320 2491 1543 2554 ‘Benedicite
1572 2490 1687 2553 omnia
1719 2499 1864 2569 opera20

463 2594 602 2657 Domini
619 2591 817 2667 Dominum,
839 2591 973 2655 laudate
990 2601 1022 2654 et
1038 2591 1190 2654 exaltate
1203 2612 1278 2656 eum
1292 2594 1324 2655 in
1335 2593 1496 2659 saecula'
1514 2594 1581 2659 Sed
1594 2594 1671 2655 etin
1683 2591 1820 2674 psalmis

461 2715 579 2760 omnes
599 2705 770 2760 creaturae
792 2695 835 2758 ad
857 2695 989 2757 laudem
1009 2695 1146 2758 Domini
1164 2705 1397 2775 provocantur,
1413 2697 1546 2761 dicente
1563 2697 1696 2761 David:
1712 2697 1819 2758 ‘Lau-

496 2877 510 2928 7
524 2867 633 2916 caelestis
644 2865 767 2925 ecclesiae]
778 2864 879 2913 caelesti
887 2864 1014 2914 aecclesiae
1026 2863 1055 2913 C.
1159 2876 1189 2924 19
1200 2863 1285 2924 iuxta]
1297 2864 1365 2914 iusta
1377 2865 1399 2916 C
1411 2875 1435 2916 et
1447 2867 1484 2916 sic
1495 2874 1650 2917 constanter.

506 3019 533 3074 3.
571 3000 642 3058 Ideo
672 2999 839 3075 prudenter
870 2998 999 3057 laudant
1032 3006 1118 3073 atquc
1168 2997 1253 3068 tinet,
1270 3017 1462 3076 nequaquam
1486 3002 1623 3063 existimo
1648 3003 1707 3062 hac
1728 3001 1821 3080 magis

463 3075 622 3159 sapienter]
638 3081 696 3138 Pro
711 3081 757 3137 his
773 3077 870 3138 verbis
884 3079 993 3156 legitur
1007 3080 1036 3138 in
1053 3078 1118 3140 Ori·
1168 3098 1261 3156 quam
1286 3077 1337 3139 illa
1362 3083 1508 3143 relatione
1532 3085 1737 3145 adversarium
1752 3084 1821 3144 insa·

464 3160 548 3237 genis
563 3160 687 3221 homilia
702 3161 740 3220 ab
758 3161 948 3238 Hieronymo
966 3162 1117 3232 translata,
1171 3160 1253 3219 mari.

466 3242 571 3318 Migne
589 3262 635 3313 24,
652 3261 711 3316 934
734 3244 767 3314 B,
783 3245 911 3320 Propter
930 3244 982 3300 troc
1001 3249 1121 3302 servant
1215 3262 1258 3300 10.
1276 3243 1307 3300 in
1321 3243 1450 3326 excelsis]
1467 3247 1504 3305 Is.
1524 3267 1569 3324 33,
1588 3266 1603 3322 5
1621 3249 1702 3307 iuxta
1716 3248 1768 3306 Gr.

466 3325 633 3397 mysterium
654 3325 817 3382 Trinitatis.
833 3322 896 3385 Ubi
911 3324 1018 3383 iterum
1035 3325 1119 3382 mira·
1216 3343 1258 3382 12.
1274 3336 1391 3386 sanctus
1414 3324 1467 3407 est]
1493 3329 1538 3387 Ps.
1565 3331 1613 3405 98,
1640 3347 1666 3404 5.
1680 3329 1823 3388 Notanda

465 3418 513 3464 tur
530 3407 573 3466 Io.
599 3404 726 3464 Mercati
749 3406 912 3464 lectionum
935 3407 1115 3465 varietatem.
1170 3405 1257 3464 huius
1283 3407 1340 3465 loci
1369 3412 1565 3484 congruentia
1588 3429 1659 3469 cum
1684 3413 1822 3486 exemplo

467 3491 579 3546 Verum
603 3507 640 3546 ne
661 3484 848 3545 obliviscaris
864 3487 962 3558 velim,
980 3488 1119 3563 Origenis
1171 3506 1260 3562 supra
1284 3490 1384 3563 allato,
1400 3493 1500 3551 Tract.
1527 3493 1566 3551 de
1591 3493 1639 3552 Ps.
1655 3492 1778 3564 XCIII,
1794 3511 1820 3567 p.

465 3569 554 3628 effata
565 3568 615 3628 hic
627 3570 798 3628 memoriter
817 3589 835 3626 a
855 3567 1120 3628 vehementissimo
1171 3569 1218 3639 86,
1236 3570 1251 3626 l.
1273 3587 1317 3626 11.

466 3661 632 3720 tractatore,
648 3650 709 3709 illic
721 3649 839 3726 placide
849 3668 1010 3726 exgraeco,
1024 3669 1119 3727 eaque
1215 3669 1259 3724 ¹3·
1276 3646 1315 3729 ii]
1333 3653 1411 3711 Dan.
1429 3671 1454 3727 7,
1475 3673 1519 3711 ιο.

467 3731 635 3808 benigniori
670 3731 780 3807 passini
817 3731 1074 3808 interpretatione,
1102 3752 1120 3793 a
1215 3748 1259 3805 17.
1275 3730 1400 3813 saemla]
1418 3735 1493 3794 Dan.
1512 3756 1537 3811 3,
1553 3740 1600 3813 58.
1613 3737 1707 3811 Quod
1721 3747 1820 3796 autern

467 3817 642 3873 translatore
657 3813 797 3873 exhiberi.
816 3814 853 3870 Et
869 3813 992 3890 quidem
1017 3814 1120 3889 paucis
1171 3813 1209 3870 de
1223 3825 1367 3888 quartuor
1382 3817 1480 3892 pueris
1492 3817 1635 3892 loquitur,
1646 3837 1705 3876 non
1719 3818 1820 3885 tribus,

465 3907 536 3954 ante
572 3894 725 3956 mensibus
760 3894 900 3953 Ruffinus
929 3893 1121 3972 Hieronymo
1170 3895 1294 3954 sortasse
1319 3897 1425 3957 alludit
1449 3899 1488 3958 ad
1512 3918 1639 3975 versqa
1657 3899 1739 3970 ibid,
1757 3897 1820 3968 nisi,

467 3976 619 4036 obiecerat
631 3975 755 4036 nimiam
771 3975 939 4036 libertatem
951 3975 981 4034 in
998 3977 1120 4037 Graecis
1171 3976 1254 4051 quod
1265 3978 1358 4054 magis
1369 3978 1510 4054 equidem
1522 3979 1820 4052 crediderim,notam

467 4056 644 4118 Adamantii
667 4057 759 4118 latine
782 4055 942 4129 vertendis,
957 4059 1041 4117 etad
1056 4078 1120 4134 pro·
1171 4059 1286 4117 numeri
1312 4061 1414 4119 ·1111·
1442 4079 1496 4136 pro
1520 4063 1609 4121 ·111·
1633 4061 1730 4122 scriba
1749 4061 1822 4123 osci·

467 4140 613 4200 batiorem
630 4159 750 4200 sensum
767 4139 847 4199 haud
872 4137 937 4198 sine
961 4138 1121 4198 sententia·
1170 4149 1266 4197 tanter
1280 4143 1393 4219 legerit.
1410 4142 1456 4202 Ci.
1473 4143 1523 4202 lin.
1545 4163 1579 4218 19
1595 4143 1678 4202 inira.

466 4241 532 4279 rum
549 4221 809 4298 praetermissione
821 4220 1019 4281 deflectendis
1032 4241 1038 4278 ε
1050 4240 1120 4296 qua·
1214 4238 1259 4278 21.
1274 4219 1446 4303 insaecula]
1464 4225 1540 4285 Dan.
1558 4245 1584 4300 3,
1603 4243 1649 4300 57.

469 4317 589 4379 propter
599 4302 685 4364 facile
697 4303 885 4374 crediderim,
898 4301 1009 4379 placita
1018 4301 1120 4380 Orige·
1214 4321 1261 4363 aa.
1283 4305 1326 4362 ad
1341 4307 1457 4362 laudem
1477 4307 1606 4365 Domini
1610 4301 1820 4384 provocantur]

468 4384 523 4456 nis,
540 4385 590 4446 ubi
613 4384 644 4443 in
667 4384 770 4461 aliquo
784 4385 934 4455 differunt,
950 4383 1119 4443 accuratius
1171 4386 1215 4446 Cf.
1234 4403 1324 4462 supra
1341 4387 1404 4444 111²
1420 4405 1487 4462 307,
1506 4408 1538 4465 15
1553 4387 1652 4463 ‘Quia
1663 4390 1701 4447 ad
1718 4389 1819 4448 laudes

467 4485 548 4525 nunc
562 4478 653 4543 atque
665 4466 694 4524 in
707 4465 770 4542 ipsa
781 4466 977 4526 translatione
986 4468 1116 4541 proferri.
1172 4469 1229 4527 Dei
1244 4470 1367 4545 angelos
1382 4470 1649 4544 provocavimus...
1663 4471 1670 4494 '

468 4549 559 4622 Quod
576 4567 646 4607 vero
660 4549 699 4606 ad
720 4561 909 4622 praesentem
934 4549 1033 4606 locum
1057 4567 1119 4623 per-
