4112 5496
664 691 710 785 S.
756 691 1179 786 HIERONYMI

307 975 771 1137 EXCERPTA
851 979 961 1136 DE
1042 969 1536 1140 tstttetttu.

753 1473 1095 1559 PROLOGUS.

292 1749 497 1832 Proxime
518 1777 615 1831 cum
638 1750 841 1861 Origenis
873 1753 1135 1862 psalterium,
1165 1754 1281 1865 quod
1312 1755 1595 1841 Enchiridion

196 1889 305 1972 sille
348 1887 540 1984 vocabat,
586 1889 745 1970 strictis
790 1901 831 1971 et
877 1891 1126 1972 necessariis
1170 1859 1595 2001 interpretationibus

226 2025 491 2108 adnotatum
515 2027 558 2107 in
579 2053 808 2109 commune
830 2027 1080 2136 legeremus,
1100 2029 1229 2111 simul
1248 2042 1427 2141 uterque
1448 2003 1597 2142 depre}

227 2161 469 2244 hendimus
499 2162 707 2245 nonnulla
740 2189 839 2245 eum
871 2163 937 2247 vel
976 2167 1304 2276 praestrinxisse
1333 2168 1492 2268 leviter,
1526 2169 1592 2252 vel

227 2302 394 2383 intacta
424 2302 597 2412 penitus
619 2301 854 2412 reliquisse,
879 2301 932 2384 de
953 2303 1112 2413 quibus
1140 2306 1184 2387 in
1209 2305 1294 2389 alio
1322 2333 1448 2417 opere
1476 2307 1594 2390 latis-

226 2441 344 2522 sime
364 2440 603 2551 disputavit
627 2467 635 2522 :
663 2467 751 2551 quo
773 2440 932 2524 scilicet
957 2469 1042 2523 non
1072 2454 1239 2553 putaret
1268 2471 1355 2526 rem
1389 2471 1591 2556 magnam

178 2615 207 2651 ιο
224 2579 351 2662 brevi
375 2607 571 2662 sermone
592 2579 853 2663 concludere.
881 2581 1022 2692 lgitur
1042 2608 1118 2691 pro
1147 2581 1446 2680 familiaritate,
1479 2608 1591 2692 quae

259 2807 269 2844 1
292 2795 377 2858 lncip.
391 2794 529 2844 hieronimi
540 2800 653 2858 excerpta
664 2795 692 2843 de
707 2797 826 2859 psalteria
840 2797 861 2844 E
874 2815 880 2855 ;
914 2796 1010 2860 Incipit
1024 2800 1164 2858 excerptum
1179 2796 1262 2842 sasscti
1275 2794 1413 2844 hieronimi
1429 2795 1458 2842 da
1473 2795 1592 2858 psalteria

221 2878 300 2936 Att3
338 2877 432 2940 Incipit
447 2876 605 2926 enchiridion
622 2877 688 2926 beart
703 2879 823 2927 ieronimi
838 2880 867 2926 iu
880 2879 986 2943 psalmis
998 2877 1027 2927 C.
1129 2877 1292 2940 3Pralagus]
1309 2893 1359 2927 om.
1375 2876 1436 2936 EC;
1455 2878 1507 2926 AM
1529 2879 1589 2928 add.

219 2961 339 3009 eiusdem
356 2959 443 3024 open's.
545 2969 559 3022 5
576 2959 630 3021 itta]
651 2958 746 3027 ΕΑΜβ
756 2979 765 3020 ;
784 2961 835 3025 ipsa
847 2961 876 3012 C.
978 2969 991 3020 7
1005 2959 1211 3024 praestrinxisse]
1225 2959 1264 3018 E;
1281 2959 1462 3024 perstrinxisse
1481 2958 1589 3030 CAMp.

263 3151 294 3203 4.
317 3129 395 3206 quad
415 3127 611 3188 Enctriridian
635 3127 684 3186 ille
707 3123 835 3206 vocabat]
859 3129 884 3185 Ι-
938 3127 1029 3188 Unde
1053 3123 1195 3202 suspicari
1218 3124 1277 3185 iam
1303 3125 1380 3199 licet,
1406 3124 1458 3202 qui
1481 3126 1590 3187 fuerint

221 3213 295 3272 stud
315 3209 534 3271 ‘Euchiridion
549 3210 556 3235 ’
571 3206 708 3286 Origenis
723 3207 803 3268 idem
820 3227 884 3268 esse
936 3219 1056 3267 centum
1083 3205 1125 3265 illi
1150 3218 1180 3267 et
1204 3205 1419 3284 quinquaginta
1452 3207 1588 3285 Origenis

221 3305 320 3370 atque
336 3296 343 3324 ⁸
358 3293 503 3369 Excerpta
518 3290 549 3349 in
564 3301 660 3349 totum
676 3289 850 3349 Psalterium
866 3291 882 3362 ¹,
937 3291 965 3347 in
981 3287 1157 3349 Psalterium
1173 3299 1323 3360 tractatus,
1340 3307 1416 3365 quos
1431 3307 1449 3348 a
1463 3307 1495 3350 se
1509 3288 1588 3350 visos

221 3393 304 3450 quae
321 3373 396 3433 inter
410 3374 502 3449 ipsius
516 3389 606 3448 opera
625 3381 758 3431 recenset
778 3369 884 3431 Hiero·
935 3367 1024 3430 tuisse
1038 3371 1125 3430 refert
1142 3371 1185 3429 Io.
1208 3368 1399 3442 Trithcmius,
1418 3371 1466 3430 De
1487 3370 1586 3447 script.

222 3473 336 3530 nymus
361 3454 469 3532 (Epist.
484 3455 524 3512 ad
540 3453 673 3525 Paulam,
696 3453 778 3529 apud
794 3451 880 3522 Pitra,
934 3452 1038 3511 eccles.
1053 3453 1069 3524 5
1083 3470 1130 3526 30,
1140 3469 1267 3527 quorum
1284 3449 1374 3511 etiam
1386 3449 1479 3526 prima
1498 3451 1586 3512 verba

222 3535 365 3612 Spicileg.
380 3537 504 3596 Solesm.
517 3535 576 3606 Ill,
589 3531 670 3610 316),
680 3531 809 3594 coniecit
820 3534 877 3592 Ad.
933 3531 1056 3592 adducit
1071 3531 1101 3590 in
1127 3531 1259 3592 medium
1274 3555 1280 3591 :
1295 3534 1406 3591 Beatus
1430 3533 1484 3591 νίν.
1510 3534 1589 3592 hunc

224 3618 382 3688 Harnack,
395 3616 504 3676 Gesch.
515 3617 568 3675 der
578 3613 810 3675 altchristlichen
822 3615 882 3673 Lit-
934 3615 1013 3674 Psal.
1032 3615 1068 3673 In
1083 3612 1192 3690 quibus
1207 3612 1293 3674 facile
1304 3613 1473 3690 agnoscitur
1483 3625 1586 3675 tracta-

221 3710 339 3758 teratur
373 3697 418 3757 bis
434 3697 581 3757 Eusebius
604 3699 627 3768 1,
646 3698 703 3773 356
717 3718 724 3756 :
738 3695 786 3756 cui
811 3713 881 3756 con·
934 3705 979 3754 tus
1005 3697 1035 3754 in
1059 3715 1101 3770 ps.
1127 3696 1151 3765 1,
1175 3694 1271 3772 quiin
1298 3694 1447 3754 Breviario
1470 3694 1583 3772 legitur,

222 3780 358 3840 iecturae
372 3798 408 3840 ex
422 3799 458 3839 eo
471 3779 588 3855 pondus
599 3777 723 3849 accedit,
735 3777 818 3855 quod
829 3778 880 3854 qui
934 3775 1088 3836 exordium
1114 3776 1242 3852 Quidam
1265 3777 1365 3835 dictant
1377 3797 1588 3833 concretarum

222 3861 273 3920 hic
290 3863 421 3920 eduntur
445 3860 578 3919 eiusdem
601 3857 778 3935 Hieronymi
800 3878 880 3919 com·
932 3855 972 3916 ita
987 3857 1017 3916 in
1032 3855 1137 3917 codice
1159 3857 1347 3934 dispositum,
1364 3868 1396 3917 ut
1418 3858 1481 3917 duo
1497 3858 1584 3918 verba

223 3941 395 4003 mentatioli
415 3942 507 4001 modo
524 3946 531 3972 ‘
547 3940 742 4000 Enchiridion
758 3942 773 4012 ',
787 3941 879 4000 modo
935 3937 1062 4013 Quidam
1087 3938 1188 3997 ditant
1211 3939 1411 4011 adornandae,
1427 3938 1470 3998 uti
1495 3957 1584 4015 saepe

224 4029 231 4054 ‘
255 4025 406 4100 Excerpta
430 4025 437 4051 ¹
463 4022 492 4081 in
517 4021 623 4082 nostris
654 4020 809 4081 codicibus
837 4022 878 4081 in·
930 4019 1037 4090 evenit,
1054 4019 1166 4080 litterae
1182 4018 1300 4094 capitali
1315 4017 1508 4080 inservierint.

222 4105 404 4164 scribuntur.
429 4103 569 4165 Meminit
583 4102 705 4181 quidem
727 4103 878 4178 catalogus
971 4102 997 4159 8.
1019 4101 1052 4159 in
1076 4101 1135 4161 alia
1158 4097 1250 4180 opera]
1266 4100 1283 4160 i.
1300 4119 1325 4162 e.
1349 4099 1379 4160 in
1406 4100 1494 4160 tomis
1528 4119 1581 4162 seu

223 4185 433 4246 Bibliothecae
447 4183 545 4263 regiae
557 4183 754 4245 Bruxellensis
763 4183 878 4243 codicis
930 4181 1048 4257 prolixis
1062 4181 1293 4254 commentariis,
1310 4182 1348 4241 de
1363 4180 1475 4258 quibus
1496 4180 1579 4242 inira.

222 4267 383 4327 cuiusdam
399 4285 523 4325 numero
539 4269 597 4342 383
619 4264 734 4342 signati,
762 4265 814 4342 qui
836 4264 878 4324 in·
970 4283 996 4337 9.
1021 4282 1079 4320 rem
1108 4283 1244 4340 magnam
1268 4265 1350 4322 brem·
1370 4281 1497 4321 sermone
1521 4282 1583 4322 can·

222 4348 371 4408 scribatur
382 4345 751 4426 ‘Origeniscommcntarii
762 4345 877 4405 inPsal-
927 4341 1048 4424 cludere]
1066 4343 1190 4404 Hieron.
1207 4346 1238 4402 in
1261 4345 1374 4404 Eccles.
1392 4343 1519 4420 (Migne‚
1533 4363 1579 4420 23,

223 4429 334 4490 terium
350 4431 501 4500 ’:verum,
515 4440 628 4504 praeter
642 4446 732 4504 quam
747 4427 829 4504 quod
845 4425 877 4487 ti·
932 4425 1020 4502 1¹03)
1042 4431 1049 4457 ¹
1069 4424 1258 4486 Laodicenus
1283 4425 1427 4501 interpres
1449 4443 1495 4484 res
1520 4443 1581 4483 ma·

224 4512 306 4570 tulus
320 4510 375 4571 iste
389 4509 515 4570 omnino
538 4509 622 4571 abest
640 4529 658 4570 a
677 4508 783 4570 codice
799 4510 875 4580 MS..
927 4525 1000 4582 guas
1022 4504 1101 4566 brevi
1118 4524 1254 4566 sermone
1269 4505 1434 4582 exprimere
1460 4516 1583 4566 conten·

226 4591 300 4652 nihil
320 4590 352 4651 in
373 4611 410 4653 eo
440 4590 576 4670 reperias,
599 4602 713 4666 praeter
744 4589 877 4650 Pseudo·
929 4588 1064 4647 dens...'

227 4672 405 4751 Hieronymi
420 4671 602 4733 Breviarium
622 4671 652 4731 in
664 4673 718 4734 CL
733 4672 875 4732 Psalmos.

277 4805 387 4847 Amodata
395 4801 556 4845 Mmdwtana
567 4823 592 4832 -
601 4801 627 4842 Τ.
639 4801 684 4843 111.
