4060 5498
549 443 806 505 TRACTA'I'US
834 445 891 502 DE
915 446 1084 506 PSALMO
1109 445 1221 505 xcvi.
1506 451 1555 531 91

204 653 239 708 et
253 646 286 708 in
304 644 433 708 caelum
452 642 540 706 ibis?
555 642 634 706 Non
650 642 740 706 enim
757 642 920 708 habemus
937 645 1117 726 imaginem
1142 643 1273 718 terreni,
1296 643 1354 706 sed
1379 642 1559 724 imaginem

206 748 360 812 caelestis
379 746 560 830 :quoniam
573 752 580 779 ⁸
594 755 709 810 nostra
725 748 935 812 conversatio
951 749 984 810 in
1001 747 1101 812 caelis
1118 758 1168 811 est
1179 748 1194 812 ’.
1206 745 1242 812 Si
1260 747 1334 829 quis
1347 768 1427 830 ergo
1444 745 1559 809 ambu-

206 850 326 914 laverit
342 859 588 933 superterram,
611 852 764 934 quamvis
788 852 821 914 in
845 872 952 928 carne,
975 863 1088 916 tamen
1114 871 1181 914 non
1204 852 1389 914 secundum
1416 869 1560 926 carnem,

204 955 270 1018 iste
286 953 389 1018 libere
405 963 517 1036 potest
541 955 679 1020 Domini
702 957 904 1020 annuntiare
926 956 1099 1022 iustitiam.
1122 954 1159 1020 Si
1185 955 1273 1019 enim
1302 955 1421 1036 aliquis
1449 955 1559 1017 minus

150 1085 166 1137 5
206 1060 314 1123 sciens
339 1059 533 1140 scrupulum
560 1061 716 1142 patiatur,
743 1069 776 1124 et
802 1061 902 1138 dicat,
929 1060 1018 1142 Quid
1047 1071 1096 1123 est
1124 1060 1214 1142 quod
1239 1058 1345 1122 iustos
1362 1059 1393 1120 in
1411 1057 1475 1121 hac
1490 1057 1559 1120 vita

208 1163 362 1227 videmus
378 1162 549 1227 laboribus
560 1173 593 1228 et
603 1175 754 1246 egestate
769 1185 989 1247 compressos,
1001 1174 1034 1228 et
1053 1174 1245 1246 peccatores
1264 1163 1389 1226 divitiis
1410 1172 1443 1223 et
1465 1181 1556 1224 com·

210 1267 320 1330 modis
336 1265 494 1330 omnibus
510 1265 685 1332 efflorere?
700 1269 761 1331 nisi
775 1268 1018 1332 ecclesiasticus
1028 1267 1077 1330 vir
1093 1269 1125 1329 in
1139 1267 1261 1330 divinis
1277 1263 1449 1346 scripturis
1461 1263 1559 1326 luerit

208 1371 371 1448 eruditus,
386 1372 560 1454 quomodo
576 1382 689 1453 potest
706 1373 737 1435 in
756 1372 947 1436 huiusmodi
973 1372 1080 1434 causis
1097 1371 1161 1434 Dei
1180 1382 1348 1435 monstare
1375 1367 1559 1431 iustitiam?

207 1473 244 1538 Si
260 1484 374 1538 autem
392 1475 425 1537 in
445 1478 664 1541 meditatione
685 1477 767 1560 legis
791 1478 846 1541 die
870 1486 1038 1559 noctuque
1061 1475 1200 1552 laboret,
1224 1476 1318 1538 lacile
1336 1472 1559 1554 respondebit,

153 1605 186 1641 ιο
205 1577 342 1642 brevem
360 1581 547 1662 praesentis
563 1581 725 1662 temporis
748 1582 971 1645 humilitatem
995 1582 1139 1644 aeternis
1163 1581 1378 1662 postmodum
1403 1575 1559 1658 praemiis

206 1687 505 1766 compensandam.
522 1686 634 1751 Multo
651 1689 738 1750 enim
758 1687 876 1751 melius
895 1695 956 1764 est,
972 1686 1098 1767 exiguo
1117 1687 1237 1749 aetatis
1259 1705 1339 1748 suae
1363 1682 1474 1765 spatio
1500 1681 1557 1744 ali-

205 1808 305 1870 quem
323 1800 460 1871 propter
474 1791 658 1855 Dominum
672 1790 815 1855 tolerare
831 1790 1053 1855 voluntariam
1067 1801 1309 1872 paupertatem,
1332 1798 1368 1853 ut
1382 1787 1506 1850 divitiis
1524 1787 1556 1849 in

207 1893 355 1976 loturum
374 1895 562 1978 perfruatur
577 1897 732 1972 aeternis,
747 1916 848 1978 quam
866 1895 919 1958 hic
935 1895 1107 1958 abundare
1123 1895 1274 1970 luxuriis,
1286 1904 1320 1957 et
1336 1901 1454 1974 postea
1472 1892 1558 1954 into·
1669 1892 1672 1898 '

207 1998 400 2061 lerabilibus
418 1999 590 2083 suppliciis
606 1999 754 2064 cruciari.
767 1999 814 2062 Et
828 1998 982 2061 viderunt
996 2018 1104 2060 omnes
1114 1996 1230 2079 populi
1237 1995 1382 2077 gloriam
1397 1995 1474 2057 eires.
1492 1994 1559 2076 Qui

153 2127 160 2160 ι
167 2123 182 2175 5
204 2104 297 2184 prius
315 2103 630 2168 scandalizabantur
646 2105 678 2168 in
697 2125 793 2167 cruce
810 2103 957 2180 Domini,
973 2103 1051 2185 quia
1067 2123 1125 2184 per
1146 2122 1182 2164 se
1198 2120 1274 2164 enm
1292 2119 1473 2181 agnoscere
1490 2119 1556 2161 non

204 2217 370 2289 poterant,
398 2208 679 2273 annuntiantibus
713 2209 929 2290 postmodum
961 2207 1061 2270 caelis
1089 2206 1250 2270 iustitiam
1275 2205 1339 2268 Dei
1370 2202 1558 2285 glorificant

204 2311 324 2376 Deum.

252 2415 511 2496 Consundantur
532 2435 639 2478 omnes
662 2415 722 2496 qui
741 2414 884 2477 adorant
912 2413 1083 2496 scalptilia.
1100 2412 1136 2478 Si
1168 2413 1331 2495 propheta
1354 2411 1560 2489 benedictus,

207 2540 390 2603 numquam
408 2518 623 2584 benedictum
648 2517 741 2580 novit
765 2516 962 2580 maledicere
981 2537 988 2593 ;
1005 2525 1039 2580 et
1062 2526 1239 2598 propterea
1255 2516 1289 2579 in
1305 2516 1451 2598 eoquod
1468 2515 1559 2589 dicit,

149 2645 184 2680 2⁰
206 2625 476 2700 Coniundantur,
491 2640 559 2686 non
575 2632 694 2685 contra
711 2620 796 2698 illos,
808 2620 866 2684 sed
884 2641 946 2703 pro
958 2620 1022 2683 illis
1035 2629 1097 2684 est:
1110 2631 1184 2683 orat
1200 2622 1289 2682 enim
1302 2629 1337 2682 ut
1349 2619 1558 2682 contundan-

205 2745 260 2797 tur
276 2733 308 2794 in
326 2749 435 2792 errore
451 2748 521 2804 suo,
537 2737 570 2792 et
584 2727 626 2791 ad
646 2727 757 2790 Deum
775 2744 889 2790 verum
907 2745 946 2789 ac
970 2725 1079 2790 solum
1100 2734 1285 2789 creatorem
1312 2734 1559 2788 convertantur.

251 2835 504 2900 Exultaverunt
509 2830 609 2914 filiae
623 2830 765 2895 Iudaeae
771 2840 905 2912 propter
918 2830 1040 2893 riede‘cr'a
1056 2840 1114 2893 tua
1132 2830 1281 2894 Domine.
1298 2829 1389 2912 Quid
1407 2829 1470 2892 sibi
1487 2829 1560 2892 vult

204 2943 260 3005 hic
276 2959 405 3016 sensus,
421 2937 670 3002 Exultaverunt
687 2935 775 2999 filiae
793 2936 948 3012 Iudaeae,
970 2945 1003 2998 et
1028 2955 1095 2998 non
1120 2933 1203 2998 lilii?
1229 2934 1470 3015 Intellegamus
1493 2935 1558 3015 pri·

207 3067 297 3110 mum
327 3044 407 3128 quid
435 3043 673 3124 interpretatur
701 3041 848 3103 Iudaea:
873 3048 905 3102 et
931 3059 1007 3102 curn
1037 3039 1209 3102 scierimus
1237 3039 1559 3120 interpretationem,

149 3177 183 3228 ²5
206 3151 381 3215 videamus
395 3166 480 3230 quae
496 3154 573 3209 sunt
591 3145 678 3208 filiae
693 3143 987 3226 interpretationis.
1008 3142 1133 3205 Iudaea
1150 3142 1251 3223 igitur
1274 3141 1441 3205 confessio
1458 3143 1558 3205 iuter·

206 3263 366 3336 pretatur.
395 3251 636 3334 Quaecumque
663 3249 775 3313 anima
804 3249 914 3311 Deum
939 3245 1126 3322 confitetur,
1152 3245 1220 3308 filia
1239 3247 1383 3310 Iudaeae
1399 3257 1459 3310 est.
1479 3247 1559 3310 ldeo

208 3356 293 3420 filias
312 3356 457 3418 Iudaeae
472 3352 615 3417 dicimus
631 3371 746 3415 omnes
772 3350 979 3414 credentium
1009 3349 1147 3425 animas,
1165 3368 1251 3430 quae
1276 3350 1317 3412 ad
1348 3350 1411 3412 Dei
1437 3351 1558 3413 iudicia

205 3461 371 3524 exultant.
399 3457 471 3521 Nisi
493 3457 583 3520 enim
608 3454 715 3520 tidelis
740 3455 838 3519 luerit
866 3455 989 3529 anima,
1014 3453 1056 3515 ad
1086 3453 1151 3514 Dei
1174 3453 1297 3516 iudicia
1326 3473 1392 3517 non
1417 3455 1560 3519 exultat.

243 3635 326 3685 aergo
337 3620 443 3684 ambul]
459 3635 523 3670 corr.
545 3635 576 3668 ex
593 3619 688 3669 ambul.
706 3634 761 3683 ergo
779 3617 811 3668 0.
912 3611 1072 3672 dlabare'bur]
1085 3616 1113 3664 M
1124 3632 1132 3676 3
1143 3631 1194 3666 om.
1208 3615 1264 3665 OV.
1368 3627 1397 3663 12
1408 3615 1562 3679 Dominum]

210 3705 278 3765 0V;
292 3705 374 3754 Deum
387 3704 424 3752 M.
528 3715 556 3765 13
568 3701 707 3764 abundare]
718 3701 773 3750 hab.
789 3701 825 3750 M.
930 3697 1033 3757 16Der]
1051 3714 1115 3748 corr.
1137 3685 1234 3747 exei‘ur
1246 3697 1277 3747 Ο.
1382 3697 1411 3747 18
1421 3699 1562 3762 sculptilia]

209 3787 324 3837 scuaitia
335 3785 372 3836 M.
474 3782 623 3845 benedictus]
642 3790 678 3830 est
696 3782 755 3832 add.
775 3789 841 3846 post.
854 3797 910 3845 sup.
925 3780 969 3829 lin.
984 3780 1020 3828 M.
1125 3791 1153 3840 19
1164 3778 1327 3844 benedictum]
1338 3795 1382 3826 rem
1393 3786 1482 3844 postea
1493 3779 1518 3828 in
1530 3796 1561 3829 us

207 3878 298 3920 mutat.
313 3871 350 3918 M.
454 3879 485 3916 22
498 3866 617 3928 Iudaeae]
630 3867 705 3916 codd.
720 3867 790 3914 iuxta
801 3881 838 3930 gr.
852 3867 899 3926 τῆς
912 3859 1045 3920 Ἰουδαίας.
1146 3863 1201 3910 uult
1212 3861 1252 3910 hic
1263 3855 1359 3918 sensus]
1370 3861 1398 3908 M
1410 3878 1417 3920 ;
1429 3861 1495 3910 hier.
1505 3863 1563 3911 vult

208 3953 266 4003 OV.
369 3964 399 4011 2⁴
411 3944 486 4015 quid]
497 3949 564 4013 quad
572 3949 647 3998 codd.
748 3943 889 4004 scierimus]
898 3947 1003 3996 sciemus
1014 3945 1044 3995 V.
1146 3945 1178 3993 26
1192 3939 1375 4007 Quaecumque]
1395 3944 1561 4008 Quaecunque

207 4052 272 4102 quae
282 4035 314 4084 V.
416 4032 536 4094 Iudaeae]
548 4031 644 4081 Iudaea
655 4031 712 4082 OV.
814 4041 844 4092 27
860 4031 909 4078 Dei
920 4028 1027 4089 iudicia]
1052 4029 1079 4076 M
1087 4045 1094 4088 ;
1118 4027 1171 4076 r'ud.
1186 4025 1307 4076 DetOV.
1408 4024 1439 4074 28
1454 4025 1562 4086 iudicia]

205 4119 233 4167 M
244 4135 252 4178 ;
264 4115 389 4166 iudr'eium
401 4114 458 4165 OV.

250 4280 275 4320 a.
291 4255 430 4338 caelestis]
450 4279 461 4316 ι
476 4259 547 4320 Cor.
567 4275 611 4336 15,
628 4279 675 4334 49.
910 4257 1011 4316 omnis
1024 4249 1286 4316 animacredentis
1298 4259 1342 4308 est
1354 4271 1359 4306 :
1373 4266 1495 4307 necesse
1506 4259 1560 4321 est,

290 4342 322 4402 e'n
336 4341 420 4400 caelis
433 4353 473 4400 est
502 4341 578 4401 Phil.
597 4359 623 4416 3,
641 4360 688 4399 ao.
912 4347 945 4398 ut
966 4336 1016 4414 qui
1040 4355 1073 4396 se
1093 4335 1215 4395 credere
1237 4329 1309 4392 dicit
1331 4330 1360 4389 in
1377 4329 1505 4400 Christo,
1531 4329 1560 4388 in

252 4426 298 4484 28.
334 4423 469 4482 exultant
507 4421 634 4483 Hieron.
661 4419 746 4498 epist.
772 4438 859 4496 39,2
912 4412 1451 4490 omnibusChristiiudiciisgaudeat.
1465 4413 1561 4472 Sanus

209 4505 450 4565 ‘Exultaverunt
485 4502 565 4562 enim
597 4503 677 4564 filiae
707 4501 803 4562 Iudae
831 4499 861 4558 in
913 4520 988 4576 sum,
1004 4497 1111 4578 gratias
1133 4497 1228 4558 refero
1252 4491 1398 4564 creatori;
1422 4494 1560 4570 langueo,

209 4585 351 4648 omnibus
366 4583 485 4646 iudiciis
500 4581 635 4645 Domini.
652 4582 682 4644 Si
700 4582 779 4644 luda
793 4599 862 4642 con·
914 4584 990 4643 etin
1019 4580 1077 4640 hoc
1097 4579 1189 4640 laudo
1210 4571 1334 4638 Domini
1356 4573 1561 4636 voluntatem)

209 4667 301 4730 lessio
331 4665 551 4746 interpretatur,
578 4663 724 4727 confitens
755 4674 856 4725 autern
