4154 5494
613 455 868 520 iuncturus
890 453 948 514 nn
969 453 1138 516 Psnuno
1160 453 1277 517 cvm.
1541 447 1617 538 197

266 675 302 742 Si
317 694 397 758 ergo
411 674 576 740 voluerint
593 674 688 739 nobis
703 673 827 738 dicere:
846 673 1024 756 Propterea
1037 693 1103 736 non
1120 671 1262 737 dicimus
1278 691 1354 736 eum
1370 669 1528 734 habuisse
1542 687 1617 732 sen·

264 799 347 857 sum,
360 789 396 845 ut
413 799 480 844 non
496 779 649 844 videatur
674 778 796 843 habere
819 787 992 861 peccatum
1002 801 1010 856 ;
1027 797 1088 842 nos
1105 776 1169 840 illis
1187 775 1464 860 respondeamus:
1486 771 1616 838 Habuit

264 903 383 966 corpus
398 883 484 948 sicut
503 893 536 948 et
553 903 623 960 nos,
638 891 697 947 aut
723 902 789 947 non
814 881 955 946 habuit?
972 880 1007 947 Si
1031 882 1189 958 dixerint,
1214 879 1340 956 habuit,
1355 879 1615 962 respondeamus

265 985 328 1050 illis
340 1011 351 1050 τ
361 985 454 1070 Ergo
464 975 582 1051 habuit
592 995 626 1050 et
638 985 810 1069 passiones
821 985 969 1068 corporis
981 987 1093 1050 nostri.
1107 983 1276 1068 intellegit
1288 983 1515 1067 unusquisque
1528 982 1617 1065 quod

231 1107 247 1162 5
265 1089 347 1158 dico.
366 1089 402 1156 Si
418 1099 531 1154 autem
548 1089 742 1173 negaverint
760 1107 837 1152 eum
855 1087 1011 1152 habuisse
1026 1088 1199 1173 passiones
1218 1101 1275 1156 aut
1291 1090 1446 1155 libidines
1461 1087 1619 1170 corporis,

265 1213 344 1276 ergo
359 1193 502 1258 dicimus
518 1193 590 1270 iliis,
602 1193 692 1276 quod
705 1213 764 1256 nec
774 1213 893 1276 corpus
909 1194 1026 1258 habuit
1041 1194 1086 1259 Et
1102 1215 1162 1258 nos
1178 1196 1328 1260 dicamus
1345 1194 1426 1260 illis:
1442 1193 1535 1259 Sicut
1548 1213 1618 1257 cor·

264 1319 327 1382 pus
345 1298 463 1363 habuit
491 1316 605 1362 verum
625 1297 711 1361 sicut
725 1306 759 1361 et
784 1317 853 1374 nos,
872 1306 904 1361 et
927 1317 993 1363 non
1010 1297 1127 1363 habuit
1144 1310 1317 1382 peccatum
1340 1298 1506 1382 corporis;
1522 1297 1569 1362 ita
1586 1305 1620 1362 et

265 1404 413 1467 animam
431 1421 542 1466 veram
565 1400 691 1478 habuit,
711 1412 744 1466 et
761 1413 933 1486 peccatum
956 1401 1089 1467 animae
1111 1424 1178 1469 non
1200 1405 1325 1471 habuit.
1353 1405 1426 1470 Nos
1449 1412 1619 1486 ergocon'-

265 1504 421 1571 fiteamur
444 1525 559 1570 verum
587 1525 707 1588 corpus
732 1524 807 1569 eum
835 1503 991 1569 habuisse
1015 1526 1181 1571 acueram
1209 1509 1364 1573 animam.
1386 1507 1422 1574 Si
1439 1507 1527 1572 enim
1552 1526 1617 1570 non

217 1632 248 1670 ¹0
265 1615 412 1698 suscepit
430 1615 597 1680 Dominus
616 1623 735 1679 cuncta
757 1635 843 1698 quae
863 1613 1008 1678 hominis
1031 1623 1118 1691 sunt,
1134 1634 1200 1678 non
1222 1613 1361 1678 salvavit
1380 1611 1561 1676 hominem.
1583 1607 1619 1674 Si

264 1729 377 1784 autern
395 1720 541 1804 suscepit
552 1740 682 1803 corpus,
694 1721 840 1784 animam
854 1728 966 1784 autem
984 1739 1049 1783 non
1064 1719 1224 1802 suscepit:
1239 1738 1320 1801 ergo
1336 1738 1455 1802 corpus
1471 1716 1621 1792 salvavit,

264 1823 412 1888 animam
438 1833 550 1887 autem
567 1844 633 1888 non
653 1823 802 1889 salvavit.
822 1824 895 1886 Nos
912 1835 1023 1888 autern
1041 1823 1195 1888 volumus
1213 1823 1320 1904 magis
1335 1821 1453 1886 salvari
1470 1821 1617 1884 animam

264 1939 412 1994 nostram
429 1949 531 2012 quam
553 1947 681 2012 corpus.
706 1928 862 2012 Suscepit
883 1949 964 2012 ergo
989 1930 1156 1993 Dominus
1178 1938 1211 1992 et
1230 1937 1393 2010 corpuset
1406 1925 1565 1998 animam,
1584 1935 1620 1990 ut

264 2044 442 2117 utrumque
458 2033 573 2112 salvet,
593 2043 630 2098 ut
646 2033 829 2116 perfectum
852 2033 1023 2098 hominem
1040 2033 1155 2109 salvet,
1172 2032 1257 2096 sicut
1273 2049 1348 2095 curn
1361 2039 1394 2095 et
1404 2029 1563 2094 condidit.
1581 2027 1618 2093 Si

216 2159 245 2213 ις
264 2156 344 2220 ergo
359 2137 476 2202 dicunt
493 2136 549 2216 illi,
564 2137 642 2221 quia
659 2137 735 2201 ideo
752 2137 919 2201 Dominus
936 2157 1001 2201 non
1019 2137 1148 2219 accepit
1164 2155 1308 2212 sensum,
1323 2146 1360 2199 ut
1378 2154 1444 2198 non
1455 2143 1618 2217 peccaret,

265 2251 297 2305 et
312 2241 376 2305 hoc
392 2249 513 2325 putant
528 2241 620 2325 quod
636 2241 836 2326 quicumque
853 2261 986 2306 sensum
1013 2241 1166 2305 habuerit
1182 2241 1376 2316 humanum,
1393 2239 1523 2303 vincere
1540 2257 1616 2302 eum

265 2365 330 2410 non
347 2354 468 2429 potest,
506 2345 621 2410 dicant
648 2346 760 2410 nobis:
787 2346 951 2410 lohannes
980 2346 1132 2428 Baptista
1163 2345 1279 2409 habuit
1304 2363 1449 2420 sensum,
1475 2353 1616 2408 autnon

263 2449 404 2514 habuit?
423 2450 486 2514 Illo
497 2451 699 2532 tempore,in
717 2471 784 2535 quo
797 2451 912 2516 eratin
929 2451 1070 2527 deserto,
1081 2450 1253 2532 peccavit?
1271 2449 1399 2532 Utique
1412 2449 1528 2514 dicunt
1540 2447 1619 2531 quia

265 2573 331 2619 non
347 2555 507 2639 peccavit.
524 2553 679 2638 Denique
695 2565 730 2620 et
747 2555 912 2620 Dominus
936 2566 1047 2620 noster
1069 2553 1170 2620 dicit:
1187 2559 1194 2586 ‘
1209 2553 1319 2618 Amen
1336 2553 1413 2618 dico
1431 2553 1535 2632 vobis,
1551 2570 1617 2616 non

213 2681 247 2720 20
266 2657 326 2724 suit
337 2659 424 2723 inter
439 2667 536 2722 natos
549 2658 724 2724 mulierum
743 2661 848 2723 maior
863 2660 1013 2724 iohanne
1025 2660 1178 2743 Baptista
1189 2659 1204 2724 '.
1217 2661 1332 2723 Petrus
1342 2657 1459 2722 habuit
1475 2673 1620 2735 sensum,

264 2772 321 2828 aut
334 2783 401 2827 non
415 2762 541 2841 habuit,
556 2771 589 2826 et
600 2763 700 2827 ceteri
713 2765 817 2828 sancti
834 2763 1003 2848 apostoli?
1017 2763 1053 2829 Si
1067 2784 1145 2846 ergo
1161 2763 1304 2847 apostoli
1321 2764 1471 2827 vicerunt
1483 2780 1617 2824 sensum

264 2865 458 2942 humanum,
474 2865 641 2930 Dominus
658 2867 769 2932 timuit
793 2870 942 2952 accipere
966 2887 1110 2945 sensum,
1131 2887 1172 2931 ne
1198 2868 1384 2931 vinceretur
1399 2866 1442 2930 ab
1463 2865 1539 2929 illo?
1574 2865 1619 2929 Et

263 2971 343 3034 dum
354 2969 471 3035 volunt
486 2969 671 3052 glorificare
689 2972 884 3051 Dominum,
896 2973 1077 3038 detrahunt
1093 2971 1149 3040 illi.
1161 2971 1400 3057 Quomodoilli
1413 2967 1617 3034 detrahunt?

264 3084 300 3139 ut
323 3073 475 3138 videatur
501 3073 618 3138 timere
643 3074 817 3153 Dominus,
838 3077 928 3161 quod
954 3076 1097 3160 apostoli
1123 3096 1189 3140 non
1221 3077 1411 3141 timuerunt.
1437 3074 1511 3137 Nos
1537 3091 1618 3156 ergo

214 3203 245 3258 ις
263 3179 387 3262 gratias
403 3199 542 3261 agamus
565 3180 788 3263 omnipotenti
806 3181 890 3258 Deo,
907 3192 939 3246 et
960 3183 1128 3247 dicamus:
1146 3181 1184 3244 ln
1201 3200 1299 3245 sensu
1316 3190 1375 3245 tuo
1396 3199 1461 3244 non
1472 3177 1617 3242 habuisti

263 3292 445 3367 peccatum.
473 3283 533 3348 Et:
549 3282 669 3346 ‘Venit
686 3284 838 3368 princeps
859 3286 974 3349 mundi
998 3286 1105 3365 huius,
1120 3297 1154 3351 et
1181 3285 1308 3350 invenit
1328 3286 1360 3348 in
1378 3294 1411 3348 te
1436 3281 1546 3348 nihil.’
1565 3282 1617 3346 lta

264 3407 343 3470 ergo
359 3397 492 3470 praesta
505 3387 610 3465 nobis,
626 3388 710 3450 sicut
727 3387 759 3450 in
777 3395 835 3450 tuo
851 3408 949 3452 sensu
967 3388 1073 3453 vicisti
1090 3387 1271 3467 diabolum,
1287 3399 1319 3453 et
1338 3389 1369 3451 in
1386 3406 1485 3451 sensu
1502 3395 1617 3450 nostro

263 3492 359 3557 vince
381 3491 570 3570 diabolum;
596 3501 641 3569 ut,
659 3492 944 3574 quemadmodum
971 3493 1135 3576 periectos
1159 3513 1221 3557 nos
1243 3493 1372 3571 creasti,
1392 3490 1556 3576 periectos
1583 3501 1617 3557 et

264 3595 370 3660 salves
387 3616 457 3661 nos.
484 3596 537 3660 Tu
553 3597 642 3660 enim
658 3616 693 3659 es
710 3608 846 3675 creator,
868 3607 903 3662 tu
915 3619 950 3661 es
967 3599 1142 3681 magister,
1161 3608 1197 3664 tu
1219 3617 1254 3661 es
1283 3598 1458 3674 Dominus,
1478 3606 1514 3661 tu
1533 3604 1618 3660 eset
1711 3653 1717 3666 ,

214 3725 247 3777 ³0
264 3699 319 3784 qui
335 3721 395 3784 pro
412 3699 509 3766 nobis
522 3720 638 3785 passus
655 3721 706 3766 es:
722 3703 777 3786 qui
794 3703 876 3766 vivis
892 3714 924 3766 et
944 3722 1061 3785 regnas
1079 3704 1110 3766 in
1123 3702 1254 3767 saecula
1267 3701 1484 3766 saeculorum.
1497 3701 1619 3766 Amen.

296 3901 366 3939 anos
376 3888 441 3951 tttr's]
453 3905 503 3939 non
514 3889 567 3939 iltis
579 3889 611 3940 G.
695 3889 860 3956 qlntettegr't]
872 3893 1006 3955 intellegite
1018 3893 1036 3942 S
1048 3909 1055 3952 ;
1067 3893 1193 3957 intelligat
1206 3891 1230 3960 β.
1317 3902 1330 3957 5
1342 3901 1389 3943 aut
1399 3889 1525 3960 libidines]
1534 3891 1599 3942 codd
1611 3910 1618 3952 ;

263 3986 313 4021 om.
330 3969 356 4038 β.
456 3979 470 4034 7
483 3987 533 4020 non
542 3971 641 4034 habuit]
652 3988 702 4021 non
714 3973 785 4022 latet
797 3973 828 4024 G.
923 3973 1084 4038 Spectatum]
1090 3981 1190 4038 peccata
1203 3973 1252 4043 βΑ.
1351 3989 1388 4026 ιο.
1406 3989 1442 4027 11.
1460 3989 1488 4025 12
1499 3975 1621 4036 salvavit]

263 4051 406 4102 sainubitC.
478 4053 653 4115 13Dominrrs]
662 4055 731 4103 Iesus
741 4053 764 4121 β
834 4061 864 4103 ut
872 4062 1007 4120 utrumque
1015 4053 1426 4122 salvet]etutrumqrresalvaiitC.
1498 4068 1526 4119 17
1532 4058 1620 4122 potest]

259 4141 338 4204 possit
348 4140 378 4191 C.
478 4139 574 4202 dicant]
593 4143 660 4191 dicat
671 4143 722 4193 SG.
826 4155 862 4205 17.
878 4156 906 4192 21
921 4143 1037 4204 autnon]
1056 4161 1090 4194 an
1110 4161 1161 4195 non
1174 4143 1198 4212 β.
1303 4138 1441 4206 18irrquo]
1459 4139 1501 4208 βΑ
1515 4156 1565 4191 nm.
1580 4141 1618 4190 in.

264 4233 294 4286 25
306 4221 369 4285 Deo]
382 4223 492 4273 Domino
503 4223 532 4274 C.
634 4225 902 4288 27praesn1praestes
915 4224 939 4293 β.

307 4417 330 4457 ι.
348 4397 388 4458 Si
396 4416 461 4472 ergo
474 4398 618 4458 soluerint
640 4399 720 4458 nobis
743 4399 833 4460 dicere
846 4397 916 4482 etc]
967 4402 1050 4462 Alex.
1065 4401 1221 4480 epistulam
1239 4401 1408 4479 paschalem
1431 4419 1456 4458 a.
1473 4416 1541 4471 402,
1558 4417 1585 4456 u.
1603 4401 1621 4456 6

265 4477 465 4556 Apollinarius
482 4477 669 4540 Laodicenos
687 4493 814 4554 notatur,
830 4483 915 4543 cuius
968 4483 1086 4564 (Migne
1103 4504 1149 4555 22,
1168 4481 1246 4560 797).

266 4557 513 4620 ‘contentiosum
541 4578 631 4637 super
654 4581 742 4622 sensu
775 4563 885 4640 dogma
908 4566 915 4592 ’
1010 4585 1056 4623 20.
1072 4561 1226 4646 Baptista]
1243 4563 1349 4623 Matth.
1376 4581 1483 4635 11,1r.

264 4657 500 4718 numquamase
509 4653 679 4719 susceptum
692 4661 757 4704 esse
768 4643 915 4724 Hierony·
1010 4649 1055 4704 26.
1071 4641 1165 4726 nihil]
1182 4649 1226 4706 Io.
1246 4666 1290 4718 14,
1308 4664 1353 4721 30.

264 4738 329 4782 mut
340 4721 471 4783 declarat
486 4740 532 4800 ep.
545 4726 594 4796 84,
609 4743 637 4782 n.
652 4742 677 4801 3.
694 4725 740 4786 Ci.
754 4725 914 4805 Theophili
