4202 5492
614 455 868 518 TRACTATUS
891 455 949 513 DE
972 454 1139 516 PSALMO
1161 454 1330 513 LXXXVI.
1575 457 1644 514 101

300 671 418 754 Moyse
436 681 567 736 mortuo
590 681 624 736 et
649 673 781 755 sepulto
797 673 830 737 in
852 683 939 738 terra
957 673 1070 748 Moab,
1086 671 1118 735 in
1140 681 1227 736 terra
1251 671 1407 751 Arabiae,
1422 670 1486 736 hoc
1505 671 1557 735 est
1579 672 1653 754 lege

299 789 438 851 mortua,
464 779 497 842 in
523 778 733 861 evangelium
759 779 851 861 cupit
878 779 1034 842 inducere
1061 777 1221 861 populum
1244 796 1350 853 suum,
1377 785 1411 840 et
1437 776 1540 841 mittit
1566 777 1651 842 duos

297 881 526 965 exploratores
541 881 721 947 Hiericho:
735 884 819 947 duos
832 882 1181 964 exploratores,unum
1195 881 1227 944 in
1241 881 1535 958 circumcisionem,
1547 883 1650 946 alium

298 986 513 1069 ingentibus,
530 987 663 1051 Petrum
681 996 715 1051 et
729 979 880 1050 Paulum.
898 986 1068 1050 Hiericho.
1085 1006 1142 1050 eos
1169 986 1298 1068 quaerit
1322 986 1473 1049 occidere
1489 1007 1496 1064 ;
1522 985 1579 1048 illa
1594 1006 1652 1048 eos

267 1103 281 1157 5
298 1090 435 1174 suscipit
451 1091 619 1168 meretrix,
634 1090 773 1155 ecclesia
785 1091 828 1154 de
840 1089 997 1172 gentibus
1013 1101 1223 1173 congregata.
1237 1089 1352 1154 Credit
1368 1089 1400 1152 in
1419 1089 1505 1166 lesu,
1517 1098 1552 1153 et
1566 1109 1651 1172 quos

298 1193 432 1258 volebat
451 1192 611 1258 Hiericho
627 1193 819 1270 interficere,
836 1194 908 1275 ipsa
923 1193 1031 1257 salvat
1053 1193 1087 1256 in
1115 1197 1252 1258 domate
1277 1214 1345 1259 suo.
1364 1195 1408 1258 Et
1425 1195 1520 1276 ponit
1535 1215 1593 1258 eos
1618 1195 1651 1258 in

298 1298 442 1370 domate,
455 1297 488 1360 in
501 1297 636 1361 excelsa
651 1295 717 1362 fide
727 1317 796 1374 sua,
807 1308 841 1360 et
857 1296 1034 1361 abscondit
1049 1318 1105 1361 eos
1122 1299 1155 1361 in
1172 1297 1370 1363 linncalami.
1383 1299 1477 1362 Licet
1491 1297 1650 1362 meretrix

298 1403 349 1480 sit,
365 1411 478 1465 tamen
496 1402 592 1480 ponit
607 1421 664 1464 eos
681 1401 713 1465 in
730 1401 807 1466 lino.
832 1401 953 1465 Linum
972 1401 1077 1465 multo
1102 1399 1215 1465 labore
1231 1413 1264 1465 et
1281 1401 1455 1483 diligentia
1472 1402 1504 1464 in
1526 1402 1652 1465 cando-

299 1524 366 1568 rem
383 1505 482 1568 venit.
499 1503 599 1569 Scitis
616 1505 678 1586 ipsi
695 1505 853 1588 quoniam
880 1502 985 1568 linum
1014 1507 1056 1567 de
1085 1514 1170 1567 terra
1196 1506 1349 1581 nascitur,
1366 1515 1399 1569 et
1425 1524 1500 1568 curn
1518 1506 1653 1568 interra

254 1627 281 1664 ιο
298 1621 413 1674 natum
430 1609 537 1688 luerit,
554 1610 685 1692 nigrum
702 1618 761 1685 est,
778 1609 902 1672 nullam
927 1609 1072 1692 speciem
1100 1608 1210 1685 habet,
1232 1607 1358 1672 nullum
1377 1627 1481 1672 usum.
1508 1607 1653 1672 Primum

298 1733 375 1796 ergo
391 1713 518 1778 tollitur
532 1715 576 1778 de
601 1724 697 1792 terra,
719 1713 892 1796 frangitur,
908 1714 1030 1778 deinde
1046 1724 1227 1796 torquetur,
1247 1725 1364 1796 postea
1380 1713 1517 1790 lavatur,
1533 1713 1655 1776 deinde

298 1818 455 1893 tunditur,
471 1818 592 1882 deinde
610 1819 760 1899 pectitur,
776 1826 810 1882 et
828 1817 933 1881 multa
951 1823 1029 1881 cu'ra
1045 1829 1078 1881 et
1095 1817 1208 1881 labore
1224 1819 1282 1882 vix
1298 1821 1389 1884 venit
1406 1819 1447 1882 ad
1465 1818 1654 1882 candorem.

298 1920 389 2002 Ergo
404 1921 608 1998 hocdicitur,
624 1922 713 2004 quod
731 1923 793 1984 ista
810 1922 944 2004 quidem
964 1923 1121 1985 meretrix
1138 1923 1283 2004 suscepit
1299 1922 1528 2004 exploratores
1540 1922 1572 1985 in
1585 1921 1653 1985 lino

297 2044 366 2100 suo,
381 2033 418 2087 ut
434 2023 481 2088 illi
498 2025 729 2106 exploratores
746 2025 849 2088 linum
863 2027 968 2107 ipsius
985 2036 1154 2088 verterent
1171 2027 1203 2089 in
1223 2027 1412 2090 candorem.
1426 2023 1517 2108 Quid
1529 2025 1653 2108 igitur?

250 2147 278 2201 ις
298 2127 367 2192 Dat
378 2128 443 2191 illis
458 2127 644 2205 consilium,
659 2139 693 2191 et
709 2129 791 2192 dicit
806 2153 812 2193 :
827 2133 834 2160 ‘
851 2130 1039 2210 Expectate
1055 2130 1109 2193 hic
1124 2131 1229 2193 tribus
1244 2127 1362 2193 diebus
1374 2128 1389 2193 ².
1407 2129 1485 2192 Non
1502 2139 1573 2194 erat
1586 2149 1652 2192 una

297 2234 376 2312 dies,
392 2253 458 2296 non
475 2234 553 2310 dun,
569 2234 631 2298 nisi
648 2243 714 2297 tres
730 2234 811 2297 dies.
827 2233 951 2297 Videte
966 2235 1046 2316 quid
1063 2234 1163 2310 dicat,
1180 2235 1370 2315 Expectate
1393 2232 1499 2297 tribus
1521 2233 1650 2300 diebus.

298 2337 375 2402 Non
393 2339 545 2402 nominat
561 2348 627 2401 tres
639 2347 763 2416 noctes,
779 2340 836 2401 sed
854 2348 921 2402 tres
938 2338 1018 2414 dies,
1034 2339 1112 2420 quia
1122 2338 1359 2402 inluminatum
1373 2336 1518 2401 habebat
1529 2357 1594 2403 cor.
1607 2339 1651 2402 Et

297 2441 418 2506 deinde
433 2443 523 2519 dicit,
538 2451 573 2506 et
589 2451 664 2524 post
681 2454 747 2506 tres
763 2442 834 2504 dies
851 2466 857 2506 :
873 2455 906 2505 et
922 2443 1002 2524 quid
1018 2443 1126 2507 dicit?
1143 2442 1285 2517 ‘Nolite
1301 2440 1417 2524 inquit,
1430 2441 1475 2505 ire
1488 2461 1547 2524 per
1562 2461 1651 2506 carn·

299 2547 429 2634 pestria,
445 2548 504 2609 sed
530 2547 561 2610 in
589 2556 749 2610 montana
776 2546 1015 2611 conscendite'.
1030 2547 1200 2610 Ecclesiae
1224 2545 1313 2609 enim
1342 2543 1424 2609 fides
1452 2566 1518 2609 non
1543 2545 1649 2610 estin

249 2671 282 2708 ao
299 2651 449 2729 vallibus,
463 2651 521 2715 sed
539 2651 571 2714 in
589 2649 759 2714 montibus
775 2649 968 2715 constituta.
986 2650 1147 2714 Hiericho
1163 2670 1242 2732 ergo
1259 2659 1376 2731 postea
1392 2648 1593 2713 subvertitur
1609 2650 1652 2714 ab

303 2757 386 2832 lesu,
401 2766 434 2820 et
450 2756 513 2820 ista
529 2755 601 2819 sola
618 2755 776 2818 meretrix
793 2763 977 2820 reservatur
992 2754 1175 2818 incolomis.
1194 2755 1286 2838 Ergo
1301 2752 1364 2816 hoc
1380 2753 1508 2817 dicitur.
1522 2753 1656 2816 Memor

298 2882 350 2944 ero
365 2861 461 2924 Roob
474 2885 486 2925 .·
501 2859 565 2922 hoc
581 2868 641 2935 est,
658 2878 745 2941 quae
760 2857 905 2939 suscepit
920 2857 1151 2939 exploratores
1175 2875 1275 2933 mene,
1291 2865 1325 2920 et
1340 2874 1403 2938 ego
1419 2855 1452 2917 in
1469 2855 1523 2919 die
1540 2855 1652 2918 iudicii

301 2982 427 3027 memor
442 2982 499 3026 ero
515 2963 595 3027 eius.

341 3065 538 3131 Memorem
553 3066 657 3130 Raab.
674 3066 772 3130 Raab
792 3065 872 3147 quid
892 3065 1153 3148 interpretatur?
1172 3064 1330 3129 Diximus
1346 3064 1530 3128 secundum
1548 3064 1652 3128 histo·

248 3192 280 3244 ²5
299 3171 379 3234 riam
394 3195 400 3234 :
416 3171 566 3234 dicamus
581 3178 615 3234 et
627 3171 809 3234 secundum
822 3169 966 3233 nominis
979 3169 1287 3252 interpretationem
1304 3178 1338 3233 et
1355 3170 1451 3232 iuxta
1467 3189 1652 3252 anagogen.

260 3303 269 3316 ·
299 3275 396 3339 Raab
411 3276 587 3358 dupliciter
604 3277 858 3357 interpretatur:
882 3280 938 3336 aut
956 3272 1192 3356 interpretatur
1207 3273 1360 3349 latitudo,
1376 3281 1435 3336 aut
1447 3282 1536 3338 certe
1552 3273 1652 3335 inter·

298 3389 446 3462 pretatur
461 3381 626 3463 superbia.
643 3379 735 3461 Ergo
752 3378 862 3441 videte
888 3376 968 3459 quid
996 3375 1095 3441 dicat.
1113 3377 1176 3440 Illa
1192 3398 1279 3460 quae
1294 3378 1438 3442 condam
1456 3378 1651 3443 ambulabat

297 3487 330 3549 in
349 3485 416 3548 lata
431 3495 465 3550 et
481 3486 628 3569 spatiosa
645 3485 697 3547 via
718 3502 804 3568 quae
829 3484 921 3547 ducit
945 3482 987 3546 ad
1015 3491 1165 3558 mortem,
1183 3483 1238 3546 illa
1261 3501 1348 3565 quae
1364 3480 1506 3564 superba
1523 3491 1594 3543 erat
1616 3489 1650 3542 et

297 3589 442 3653 habebat
458 3588 621 3671 impeturn
634 3588 676 3651 ad
695 3585 833 3662 ruinam,
848 3596 966 3668 postea
981 3605 1141 3649 conversa
1153 3594 1205 3649 est
1221 3585 1253 3648 in
1272 3583 1504 3648 humilitatem.
1524 3582 1655 3645 Memor

246 3714 280 3765 30
296 3712 348 3756 ero
363 3691 460 3757 Roob
469 3700 500 3755 ct
510 3690 694 3771 Babylonis.
711 3689 863 3772 Babylon
880 3688 1116 3770 interpretatur
1132 3686 1292 3751 conlusio.
1310 3685 1434 3750 Videte
1450 3687 1531 3769 quid
1552 3685 1651 3749 dicat.

329 3901 379 3943 eet
389 3895 478 3957 mittit]
497 3900 522 3944 et
530 3893 625 3942 errrittit
636 3894 664 3942 P.
766 3903 780 3954 3
791 3891 852 3940 duos
863 3893 1036 3956 exploratores]
1057 3905 1108 3940 non
1119 3900 1196 3955 repet.
1210 3891 1239 3940 C.
1342 3891 1372 3941 in
1384 3893 1606 3955 circumcisionem]
1624 3891 1652 3942 in

295 3977 517 4026 circumcissiorrem
529 3975 550 4025 C
563 3993 571 4036 ;
590 3975 619 4024 irs
630 3973 817 4024 circumcisione
830 3973 879 4023 As.
974 3974 1031 4032 4irr
1048 3972 1175 4036 gontr'hus]
1196 3973 1225 4021 irc
1242 3979 1327 4038 gentes
1339 3973 1369 4023 C.
1471 3985 1484 4038 5
1498 3976 1527 4023 in
1539 3975 1606 4042 lesu]
1624 3976 1652 4024 irc

296 4060 379 4108 Iesum
393 4057 477 4126 βΑῦ;
497 4058 573 4108 Iheru
584 4058 645 4118 (om.
659 4056 697 4110 inl
709 4055 761 4106 CP.
861 4055 877 4102 6
889 4054 1036 4118 interficere]
1055 4054 1159 4103 occidere
1171 4055 1199 4105 C.
1302 4065 1316 4117 7
1337 4057 1365 4104 r'n
1385 4055 1543 4116 linocalomi]
1563 4057 1652 4108 CPSG

296 4139 333 4204 (ἐν
345 4147 379 4214 τῇ
390 4140 557 4213 λινοκαλάμῃ
569 4156 641 4192 Lxx:
662 4141 788 4191 invenitur
801 4140 876 4190 etiam
894 4140 974 4190 lorma
994 4134 1174 4202 λινοκαλαμίς,
1190 4134 1271 4198 idom
1284 4139 1312 4187 in
1325 4139 1378 4187 lini
1387 4141 1480 4188 calamo
1493 4137 1542 4206 βΑ,
1559 4139 1578 4187 P
1590 4152 1604 4187 2
1617 4155 1650 4190 m.

295 4243 350 4290 sup.
364 4226 407 4275 lin.
507 4220 636 4282 meretrix]
656 4223 789 4272 merectrix
802 4223 832 4273 C.
937 4235 964 4270 12
971 4223 1093 4286 pectitur]
1110 4223 1231 4286 plectitur
1242 4219 1292 4288 pu.
1395 4235 1425 4283 14
1436 4227 1467 4270 ul
1519 4222 1652 4284 verterent]

294 4317 318 4359 ct
371 4310 494 4359 vcrtcrirrt
504 4309 536 4358 G.
624 4308 653 4359 16
663 4305 722 4368 duo]
733 4308 797 4356 duae
809 4307 836 4357 S.
924 4317 951 4367 17
964 4307 1075 4369 habebat]
1087 4307 1158 4356 habet
1170 4309 1201 4358 G.
1290 4319 1318 4354 21
1333 4309 1486 4372 reservatur]
1496 4306 1607 4353 solootor
1617 4303 1650 4354 G.

294 4387 430 4452 incolomis]
442 4391 575 4440 irccolumr's
588 4387 612 4458 β,
627 4390 671 4440 cl>
683 4393 712 4450 (rc
724 4407 754 4440 ex
766 4407 779 4439 o
791 4403 805 4438 2
818 4391 864 4450 m.)
964 4401 994 4451 27
1007 4388 1118 4449 condam]
1129 4391 1254 4454 quondam
1268 4387 1336 4457 fiCS,
1351 4389 1372 4438 C
1385 4403 1439 4452 sup.
1454 4386 1498 4437 lio.

340 4576 348 4610 r
356 4573 381 4632 5.
397 4553 506 4637 dr'ebus]
523 4558 582 4615 los.
602 4577 626 4627 a,
647 4560 690 4614 16.
1001 4556 1094 4616 tariol.
1112 4577 1139 4634 p.
1157 4562 1193 4634 65
1211 4577 1254 4634 sq.

337 4657 381 4712 19.
397 4633 577 4716 conscendite]
589 4637 665 4696 lbid.
1043 4641 1088 4698 28.
1105 4640 1147 4697 od
1158 4635 1287 4718 rrrortcrrr]
1305 4638 1413 4698 hlatth.
1431 4655 1456 4712 7,
1477 4657 1486 4694 ι
1494 4655 1519 4711 3.
1614 4655 1616 4659 ·

335 4721 380 4778 26.
398 4719 484 4778 Roob
494 4715 723 4799 duplicr'tcretc.]
734 4720 777 4782 ct.
790 4721 949 4782 Commen-
