4202 5492
631 436 886 500 naimarus
908 439 967 498 oe
989 441 1158 502 asiano
1180 441 1354 501 Lxxvrn.
1511 511 1516 522 ,
1610 421 1665 524 67

310 653 451 734 Propter
457 651 602 734 gloriam
624 651 766 716 nominis
785 651 838 715 tui
862 653 1002 715 Domine
1026 653 1127 716 libero
1155 676 1211 717 nos
1224 679 1231 718 :
1246 655 1405 736 quoniam
1431 662 1588 716 vocatum
1616 665 1666 716 est

310 776 430 820 nornen
447 765 542 820 tuum
560 775 682 820 novum
700 775 800 838 super
827 775 897 831 nos,
913 757 1003 838 quod
1024 756 1232 848 benedicitur
1255 759 1287 820 in
1314 757 1479 840 gentibus.
1496 756 1543 818 Et
1556 753 1665 837 propi·

309 859 376 923 tius
389 869 454 922 esto
464 859 600 941 peccatis
615 858 736 923 nostris
755 867 889 941 propter
904 879 1016 923 nomeu
1033 868 1136 925 terrem.
1151 860 1203 924 Tu
1227 861 1382 939 salvator,
1404 867 1440 924 tu
1467 858 1617 942 Xpistus,
1632 867 1666 922 et

309 983 369 1028 nos
385 963 556 1046 Xpistiani
571 987 578 1028 ε
595 964 749 1028 miserere
767 963 863 1026 nobis
879 972 1015 1044 propter
1036 983 1159 1027 nomen
1177 971 1280 1029 tuum.

280 1081 292 1132 5
352 1066 500 1130 introeat
523 1067 732 1148 incompertis
754 1075 809 1130 tuo
823 1065 968 1148 gemitus
981 1066 1228 1149 conpeditomem.
1245 1068 1321 1132 Hoc
1348 1066 1457 1133 solent
1483 1067 1594 1130 dicere
1609 1065 1665 1149 qui

309 1180 466 1234 secuntur
481 1171 638 1253 Origenis
652 1173 835 1254 dogmata:
853 1170 1007 1234 Gemitus
1022 1171 1288 1254 conpeditorum,
1314 1171 1377 1236 hoc
1393 1179 1444 1236 est
1461 1171 1666 1254 angelorum,

309 1275 366 1358 qui
381 1275 552 1356 conpediti
569 1284 656 1351 sunt,
671 1274 837 1358 inquiunt,
853 1274 885 1337 in
902 1273 1106 1356 corporibus.
1118 1274 1197 1357 Quo
1213 1276 1315 1339 modo
1338 1278 1427 1348 enim
1444 1277 1471 1339 si
1489 1277 1666 1341 mittantur

309 1378 477 1461 conpedes
504 1378 537 1440 in
565 1377 717 1460 pedibus,
731 1377 916 1460 degravant
940 1396 1069 1460 corpus,
1095 1387 1129 1440 et
1156 1396 1285 1442 currere
1309 1399 1375 1443 non
1403 1381 1539 1455 sinunt;
1556 1378 1603 1441 sic
1631 1385 1664 1440 et

309 1500 448 1563 corpora
464 1488 578 1545 nostra
599 1481 774 1546 includunt
789 1481 928 1558 animas,
944 1479 1007 1544 hoc
1034 1489 1085 1544 est
1106 1481 1252 1563 angelos,
1268 1492 1302 1546 et
1317 1483 1502 1566 degravant
1519 1485 1551 1546 in
1569 1490 1665 1546 terra.

265 1603 294 1640 ιο
312 1585 356 1649 Et
371 1583 434 1648 hoc
449 1584 572 1666 quibus
588 1584 697 1648 verbis
712 1583 925 1666 adprobant?
941 1589 948 1615 ⁴
963 1582 1085 1648 Infelix
1103 1605 1167 1668 ego
1178 1586 1289 1664 bomo,
1300 1588 1373 1671 quis
1386 1607 1441 1652 me
1456 1587 1608 1651 liberabit
1621 1587 1663 1649 de

304 1709 447 1772 corpore
474 1687 591 1752 mortis
615 1687 739 1752 huius?
755 1689 762 1714 ’
780 1688 825 1752 Et
841 1687 922 1752 illud
939 1690 1028 1771 quod
1046 1689 1127 1754 dicit
1142 1690 1272 1773 ‘Cupio
1294 1690 1431 1755 dissolvi
1447 1699 1482 1755 et
1497 1711 1570 1755 esse
1586 1709 1661 1754 cum

311 1793 434 1875 Xpisto
452 1793 469 1870 ²,
496 1793 614 1856 reverti
640 1802 675 1857 et
700 1811 773 1856 esse
800 1811 875 1855 cum
901 1792 1033 1874 Xpisto.
1059 1793 1192 1872 Videte,
1219 1795 1336 1878 inquit,
1358 1796 1438 1878 quid
1465 1796 1555 1860 dicat
1583 1815 1661 1878 apo-

309 1898 422 1963 stolus.
440 1898 653 1982 Quicumque
667 1895 758 1974 dicit,
775 1896 883 1979 Cupio
899 1897 1027 1976 reverti,
1043 1898 1158 1980 utique
1174 1897 1250 1962 illuc
1271 1899 1362 1977 dicit,
1379 1900 1435 1963 ubi
1452 1909 1531 1965 ante
1546 1898 1661 1964 iuerat.

309 2002 455 2065 lutroeat
469 2001 504 2064 iu
519 2010 677 2082 conspectu
706 2008 759 2063 tuo
769 2001 914 2083 gemitus
935 2001 1180 2083 conpeditomm.
1198 2003 1274 2084 Ego
1289 2025 1368 2070 vero
1384 2003 1579 2086 simpliciter
1594 2023 1662 2066 rus-

264 2121 293 2174 15
309 2107 419 2170 ticana
435 2104 648 2186 simplicitate
660 2114 705 2168 'ct
720 2105 946 2168 ecclesiastica
972 2105 1018 2169 ita
1039 2105 1100 2170 tibi
1124 2108 1332 2188 respondeo:
1349 2109 1397 2172 ita
1412 2109 1501 2172 enim
1519 2106 1662 2189 apostoli

310 2211 561 2294 responderunt,
571 2209 617 2272 sic
633 2216 710 2273 sunt
729 2208 840 2286 locuti,
851 2228 917 2272 non
938 2209 1047 2273 verbis
1065 2208 1236 2273 rhetoricis
1252 2219 1286 2275 et
1301 2210 1478 2276 diabolicis
1493 2235 1500 2276 :
1515 2215 1523 2242 ‘
1541 2210 1664 2274 Melius

309 2325 359 2379 est
375 2315 463 2378 enim
475 2313 592 2376 reverti
608 2321 642 2376 et
657 2333 730 2375 esse
742 2333 818 2376 cum
831 2311 955 2395 Xpisto
966 2313 982 2377 ’.
996 2310 1085 2395 Quia
1100 2313 1147 2376 sic
1158 2312 1259 2378 habet
1275 2313 1308 2376 in
1326 2334 1447 2397 graeco
1462 2339 1469 2394 ;
1486 2313 1665 2377 nonhabet

310 2418 464 2483 ‘dissolvi
478 2416 553 2481 ’sed
569 2421 576 2449 ‘
591 2415 708 2480 reverti
722 2413 737 2482 ’.
755 2415 899 2493 Reverti,
909 2425 942 2480 et
953 2436 1027 2479 csse
1038 2435 1114 2480 cum
1128 2417 1260 2499 Xpisto.
1276 2417 1345 2483 Ubi
1362 2418 1475 2482 Adam
1494 2418 1555 2482 luit
1571 2427 1665 2498 pater

311 2542 413 2598 meus,
428 2521 473 2586 ibi
489 2531 524 2586 et
550 2540 613 2604 ego
636 2541 709 2584 esse
733 2520 908 2598 desidero;
925 2522 1014 2584 unde
1042 2521 1096 2584 ille
1119 2522 1243 2585 eiectus
1266 2532 1326 2599 est,
1342 2543 1406 2604 ego
1422 2513 1662 2603 reverticupio.

260 2645 293 2682 ²0
311 2627 350 2690 In
370 2626 481 2690 Adam
498 2644 615 2688 omnes
632 2644 693 2687 nos
719 2627 763 2688 de
790 2625 945 2707 paradiso
970 2624 1066 2688 eiecti
1083 2645 1206 2689 sumus.
1221 2623 1370 2692 Introeot
1384 2628 1418 2690 iu
1433 2635 1593 2708 conspectu
1610 2633 1665 2688 tuo

301 2730 446 2814 gemitus
460 2728 704 2811 conpeditorum.
720 2725 833 2810 Quare
849 2727 938 2790 enim
955 2727 1018 2792 hoc
1042 2748 1108 2792 non
1125 2728 1289 2810 simpliter
1315 2731 1507 2813 intellegam
1535 2730 1662 2792 dictum

307 2855 380 2898 esse
405 2833 448 2898 de
476 2832 686 2915 martyribus,
701 2832 758 2913 qui
783 2831 900 2895 inclusi
924 2843 1002 2898 sunt
1028 2833 1060 2894 in
1086 2832 1295 2896 carceribus?
1312 2832 1439 2917 Quanti
1466 2835 1555 2897 enim
1579 2833 1661 2896 etin

309 2937 452 3003 metallis
477 2936 568 3000 missi
592 2941 693 2999 sunt?
712 2935 891 3017 Ego-vero
917 2935 1003 3012 dico,
1030 2935 1109 3018 quia
1135 2935 1266 2999 illorum
1298 2938 1552 3020 conpeditorum
1586 2955 1663 2999 vere

308 3043 469 3108 exaudiat
484 3061 600 3106 vocem
618 3041 717 3107 Deus.
1184 3097 1187 3104 .

258 3165 290 3220 25
351 3145 535 3214 Secundum
552 3145 811 3228 magnitudinem
827 3144 955 3210 beocleii
982 3146 1033 3210 tui
1041 3146 1170 3230 posside
1187 3146 1281 3231 filios
1296 3145 1571 3230 mortificatorum.
1590 3145 1661 3209 Nos

306 3271 432 3329 omnes,
448 3251 475 3314 si
496 3259 609 3314 tamen
627 3268 800 3326 meremur,
816 3246 874 3312 lilii
896 3259 1079 3332 martyrum
1105 3269 1229 3315 sumus.
1256 3249 1441 3333 Apostolus
1469 3249 1605 3331 quando
1629 3249 1661 3310 in

307 3375 436 3420 carcere
452 3362 532 3432 erat,
548 3353 747 3436 conpeditus
762 3363 850 3417 erat:
865 3353 1007 3434 apostoli
1021 3373 1138 3416 omnes
1153 3353 1290 3436 quando
1306 3355 1338 3416 in
1356 3353 1542 3417 carceribus
1558 3362 1662 3430 erant,

306 3459 476 3543 conpediti
492 3466 587 3521 erant
601 3477 608 3522 :
624 3475 741 3521 omnes
758 3467 921 3538 martyres
945 3457 1002 3538 qui
1031 3454 1194 3522 interiecti
1219 3468 1297 3522 sunt
1314 3457 1345 3520 in
1373 3455 1567 3531 carceribus,
1583 3476 1661 3518 con·

307 3562 410 3644 pediti
427 3570 530 3625 erant.
548 3561 727 3641 Propterea
744 3579 831 3623 nunc
848 3559 977 3634 dicitur,
995 3559 1131 3622 Posside
1148 3558 1232 3623 filios
1250 3559 1533 3625 mortificatorum.

247 3689 291 3740 ‚30
350 3664 461 3728 Redde
475 3662 594 3727 uicinis
609 3663 728 3725 nostris
741 3662 920 3744 septuplum
935 3661 971 3725 iu
987 3661 1063 3726 sinu
1078 3683 1197 3728 eorum.
1214 3664 1299 3726 Mihi
1315 3665 1445 3728 videtur
1470 3665 1560 3747 quod
1593 3685 1659 3728 non

341 3864 366 3900 rr
380 3849 497 3911 dissolui]
510 3849 582 3900 Haec
591 3863 639 3898 vox
648 3847 675 3896 in
684 3847 707 3896 Α
716 3862 787 3896 erasa
795 3854 842 3906 est,
852 3854 877 3896 et
887 3862 932 3911 pro
941 3863 971 3896 ea
981 3849 1083 3897 verbum
1094 3850 1187 3898 reuerti
1194 3865 1248 3915 sup.
1260 3851 1304 3902 lin.
1316 3851 1444 3915 scriptum.
1516 3864 1545 3900 12
1555 3852 1661 3913 reuerti]

303 3936 356 3984 siue
366 3934 459 3984 reuerti
469 3933 495 3982 S.

345 4071 372 4126 6.
405 4060 550 4145 Origeuis]
582 4065 648 4122 ‘In
678 4061 758 4123 libris
784 4061 863 4122 enirn
887 4065 957 4154 napi.
1008 4063 1113 4123 ron.in
1139 4065 1247 4143 Ephes.
1279 4089 1302 4142 r,
1319 4071 1437 4147 3:‘Et
1459 4068 1489 4129 in
1513 4069 1572 4130 alio
1592 4072 1660 4131 loco

304 4155 432 4248 Ἀργῶν,
456 4165 532 4215 teste
558 4152 747 4228 Hieronymo
762 4153 887 4228 (Contra
910 4156 954 4216 Io.
1006 4151 1104 4210 Miser
1112 4173 1159 4228 ego
1169 4156 1259 4228 leomo,
1271 4165 1336 4234 quis
1347 4178 1389 4218 me
1399 4158 1534 4216 liberabit
1550 4162 1584 4218 de
1604 4178 1661 4218 coe·

305 4234 454 4307 Hieiosol.
472 4263 499 4303 n.
520 4241 578 4320 17),
596 4254 626 4301 et
640 4242 791 4318 angelos...
809 4241 880 4302 dicit
896 4244 954 4304 ani·
1001 4249 1073 4315 pore
1083 4242 1183 4301 retortis
1191 4243 1301 4304 huiusi
1316 4245 1354 4303 Et
1369 4245 1480 4304 Melius
1493 4252 1535 4303 est
1554 4255 1660 4306 reuerti

303 4351 367 4394 mas
391 4353 456 4394 esse
480 4347 584 4390 eorum
609 4347 777 4405 corporum,
805 4348 883 4406 quae
909 4333 954 4392 vel
1005 4335 1169 4387 etessecum
1184 4332 1455 4405 Christo';C0ntra
1470 4333 1539 4391 Rus.
1561 4355 1585 4407 r,
1600 4353 1656 4413 25:

303 4419 452 4483 desiderio
465 4419 510 4478 vel
524 4415 688 4478 ministerio
702 4419 894 4495 susceperint.
908 4420 915 4446 ’
1009 4424 1016 4451 ‘
1030 4414 1157 4476 dicimus
1179 4433 1335 4497 propterea
1371 4421 1496 4479 Paulum
1523 4425 1657 4500 corporis

349 4501 632 4586 11.t1ur'ust]Rom.
652 4521 678 4578 7,
697 4523 741 4576 ²4·
1008 4503 1131 4565 nexibus
1154 4507 1294 4580 coerceri,
1325 4527 1379 4566 nec
1409 4508 1512 4568 reverti
1542 4521 1571 4570 et
1592 4531 1657 4572 esse

403 4616 467 4655 cum
488 4589 604 4672 Xpisto]
616 4592 742 4668 Philipp.
763 4613 786 4665 r,
805 4613 819 4652 a
824 4613 849 4669 3.
1008 4610 1076 4650 cum
1096 4593 1224 4668 Christo,
1241 4609 1271 4657 ut
1288 4597 1417 4674 perfecta
1429 4597 1435 4622 '
1449 4607 1506 4656 etc.

348 4677 957 4761 17.nonhebetdissolvi,redreverti]Hie·
