4112 5496
463 379 532 500 'xii
995 429 1285 495 PRAEFAno.

466 681 555 782 est,
606 657 753 764 latius
802 655 1120 763 disseramus,
1176 653 1385 813 Nempe
1424 657 1521 765 tale
1564 681 1640 764 est
1680 651 1817 780 illud,

467 800 648 959 (33313Η
635 799 806 905 animo
826 797 1062 936 effingere
1089 795 1183 901 sibi
1183 837 1419 954 ⁸qursque
1439 821 1647 936 poterat,
1665 798 1819 904 modo

469 963 602 1048 utex
620 941 678 1046 iis
704 981 834 1079 quae
850 939 915 1045 ad
943 980 1047 1044 rem
1069 937 1319 1075 pertinent
1300 940 1583 1046 ttantulum
1606 939 1814 1047 calleret.

469 1083 683 1242 Quippe
727 1122 862 1188 emm
906 1080 1159 1218 reperiunt
1161 1119 1221 1183 ur
1263 1120 1313 1184 m
1352 1121 1412 1187 eo
1450 1081 1678 1240 singulae
1703 1082 1819 1187 Bre-

466 1265 605 1383 vrarp
633 1246 743 1361 part
746 1264 799 1328 es
832 1263 963 1361 quae
1003 1221 1467 1379 Hieronymianum
1504 1263 1723 1330 maxime
1749 1222 1819 1327 in-

464 1366 671 1505 genium
692 1365 908 1502 sapiunt,
925 1362 1148 1520 exeeptis
1164 1402 1224 1467 ns
1244 1404 1457 1501 quarum
1475 1363 1818 1522 homileticum

465 1507 667 1612 dicendi
686 1548 849 1664 genus
869 1503 1117 1611 different
1084 1526 1205 1610 tram
1232 1504 1358 1610 lacit.
1391 1505 1499 1612 Sed
1526 1547 1655 1643 quae
1682 1505 1819 1642 prius

466 1649 646 1809 misere
683 1689 733 1753 m
738 1647 994 1785 terpolata
1030 1687 1165 1751 nunc
1193 1686 1379 1753 sanae
1351 1647 1508 1753 etint
1511 1688 1655 1785 egra:
1690 1688 1819 1786 quae

465 1789 620 1896 ibi
556 1789 763 1895 minime
789 1787 1119 1909 cohaerentia,
1148 1786 1267 1892 hic
1256 1810 1384 1894 mter
1408 1831 1462 1895 se
1487 1811 1604 1926 apta
1630 1811 1678 1896 et
1704 1831 1818 1894 con-

466 1973 605 2038 nexa.
637 1933 853 2069 Insuper
874 1928 1043 2052 multa
1072 1951 1126 2035 ut
1108 1929 1303 2053 tdixi,
1292 1970 1342 2035 m
1372 1929 1819 2089 Commentariolis

465 2113 625 2210 eaque
645 2073 781 2178 haud
809 2072 976 2178 minus
1005 2018 1314 2177 Hieroninio
1338 2072 1544 2211 gemina
1570 2073 1817 2212 leguntur,

465 2256 595 2351 quae
616 2215 752 2320 nulla
771 2236 1015 2352 apparent
1033 2212 1082 2317 in
1106 2212 1375 2337 Breviario
1365 2237 1603 2373 wutpote
1585 2215 1650 2320 ab
1671 2213 1820 2319 buius

465 2357 867 2462 consarcinatore
888 2354 1178 2492 fragmentis
1196 2355 1422 2460 oratoriis
1440 2354 1689 2462 veleram
1711 2354 1819 2460 aliis

464 2497 728 2634 quibusvis
771 2495 1054 2634 quisquiliis
1092 2496 1387 2634 postposita.
1431 2497 1691 2621 Cet,erum
1719 2539 1820 2634 qua

465 2681 527 2745 ex
546 2662 687 2777 parte
708 2680 828 2744 mox
845 2638 1099 2745 edendum
1121 2637 1173 2744 S
1192 2637 1498 2775 Hieronymi
1516 2586 1816 2798 oppscirlum

463 2822 579 2886 cum
607 2779 1050 2919 pseudepigrapho
1085 2777 1168 2883 illo
1194 2779 1451 2885 volumine
1490 2779 1816 2946 coniunctum

462 2921 538 3045 sit,
566 2946 830 3060 sequenst
812 2920 994 3028 tabella
1018 2919 1395 3028 demonstrabit

463 3205 507 3306 (i)
531 3207 648 3281 lndex
668 3233 795 3281 eorum
816 3229 912 3302 quae
942 3203 1074 3277 eadem
1103 3202 1256 3276 omnino
1284 3204 1320 3275 in
1348 3203 1676 3278 Commentariolis
1703 3218 1816 3302 atque

917 3329 953 3402 in
971 3327 1163 3401 Breviario
1178 3326 1362 3426 leguntur.

538 3555 619 3663 Ea
637 3556 974 3680 solummod0‚
997 3597 1125 3693 quae
1144 3554 1209 3660 ad
1227 3555 1689 3692 interpretationem
1710 3598 1817 3696 per·

464 3698 623 3805 tinent
643 3697 824 3837 psalmi
852 3739 1090 3805 cxxxmu.

462 3961 520 4060 (ii)
544 3963 661 4037 lndex
693 3963 856 4037 locorum
889 3964 951 4059 qui
985 3964 1020 4034 in
1054 3962 1244 4035 Breviario
1275 3962 1357 4060 plus
1391 3963 1560 4037 minusve
1592 3963 1814 4062 interpolati,

680 4089 715 4162 in
736 4089 1062 4163 Commentariolis
1084 4115 1172 4163 vero
1190 4090 1270 4186 puri
1290 4107 1377 4163 sunt
1397 4108 1434 4164 et
1453 4090 1599 4188 integri.

467 4316 727 4454 Prologus.
775 4317 856 4422 Ps.
897 4358 931 4422 1.
966 4357 1010 4420 2.
1043 4358 1084 4449 3.
1115 4361 1159 4451 4.
1193 4327 1235 4422 6.
1272 4355 1311 4448 7.
1345 4333 1387 4423 8.
1424 4359 1492 4424 10.
1528 4359 1598 4424 11.
1629 4361 1649 4424 '1
1664 4362 1705 4452 3.
1740 4361 1810 4454 14.

470 4496 541 4588 15·
583 4468 763 4589 1617.
804 4471 875 4565 18.
915 4500 986 4594 19.
1021 4499 1096 4565 20.
1131 4499 1318 4564 21.·22.
1366 4501 1443 4593 23.
1489 4503 1572 4595 24.
1611 4499 1687 4594 25.
1733 4473 1809 4566 26.

463 4635 540 4730 27·
576 4611 652 4704 28·
687 4639 762 4735 29·
798 4641 874 4732 31·
909 4642 985 4732 32·
1020 4643 1096 4734 33·
1132 4642 1208 4733 34·
1243 4639 1319 4733 33·
1365 4612 1441 4734 36·
1489 4639 1565 4736 37·
1611 4616 1687 4735 38·
1734 4644 1808 4736 39·

458 4780 539 4874 40·
571 4783 651 4876 41·
681 4783 761 4877 43·
793 4785 872 4877 44·
908 4782 986 4876 50·
1020 4782 1095 4875 51·
1131 4781 1206 4876 55·
1242 4779 1318 4876 57·
1364 4757 1441 4877 58·
1488 4781 1563 4880 59·
1607 4755 1686 4851 6¹·
1730 4756 1807 4852 62·
