4202 5492
473 367 529 476 56
850 395 879 456 s.
905 391 1158 458 mcnouvur
1182 394 1447 458 pussuvrnm

517 612 558 674 In
574 613 667 677 mari
689 614 746 677 vio
761 622 847 683 tuo.-
874 615 930 678 ubi
947 614 1075 694 fluctus,
1092 616 1146 679 ubi
1172 636 1285 682 amara
1301 637 1398 700 aqua,
1413 615 1469 680 ubl
1493 618 1594 682 draco
1610 618 1748 696 habitat,
1771 619 1827 682 ubi

473 717 622 800 pisciculi
639 718 758 782 minuti
774 717 920 784 haerent.
935 719 977 781 In
1002 719 1092 782 mori
1116 719 1172 783 vio
1189 729 1254 784 rua.
1272 719 1338 803 Qui
1362 741 1436 786 eras
1452 724 1485 786 in
1501 723 1604 801 caelo,
1625 725 1826 790 descendisti

473 825 505 886 in
523 831 654 888 terram.
671 823 863 888 Secundum
877 823 1023 888 litteram
1040 843 1218 908 possumus
1234 824 1365 889 dicere:
1382 826 1434 890 Eo
1450 836 1609 910 tempore,
1624 847 1693 909 quo
1708 828 1828 894 eduxit

474 927 620 1008 Moyses,
644 937 680 990 tu
706 947 778 990 eras
794 928 850 1010 qui
875 926 1050 991 educebas.
1075 926 1116 990 In
1145 926 1236 990 mari
1258 927 1315 990 oio
1341 937 1407 994 tua.
1433 931 1565 995 Deinde
1591 949 1767 1013 possumus
1794 940 1827 994 et

472 1033 655 1096 secundum
672 1033 844 1098 historiam
862 1032 957 1096 aliter
972 1030 1100 1095 dicere:
1118 1029 1226 1094 Maria
1238 1030 1298 1094 tibi
1316 1030 1448 1098 luerunt
1463 1035 1524 1098 via
1540 1033 1609 1100 Sed
1625 1034 1707 1106 illud
1723 1033 1827 1098 semel
1866 1053 1879 1106 5

473 1135 551 1202 lecit
564 1159 572 1216 ;
587 1147 733 1203 ceterum
750 1139 873 1204 cotidie
889 1135 1036 1221 loquitur
1051 1137 1093 1199 ad
1112 1155 1222 1200 mare:
1237 1139 1245 1168 ‘
1261 1135 1361 1212 Tace,
1375 1138 1570 1203 obmutesce
1586 1139 1593 1166 '
1610 1138 1779 1202 Dominus
1795 1147 1828 1202 te

474 1241 616 1325 mitigat,
630 1253 668 1306 ut
683 1261 745 1306 nos
770 1263 828 1326 per
851 1242 940 1308 istud
963 1239 1132 1305 saeculum
1149 1239 1290 1304 transire
1314 1240 1490 1324 possimus.
1510 1242 1554 1306 Io
1570 1242 1661 1307 mari
1683 1241 1742 1307 oio
1761 1251 1828 1307 ruo.

475 1346 536 1410 llle
551 1348 643 1412 venit
658 1347 733 1412 lons
749 1348 846 1426 vitae,
862 1357 898 1412 ut
914 1346 1138 1411 indulcoraret
1154 1363 1254 1422 mare,
1267 1364 1357 1410 mare
1368 1365 1529 1426 amamm,
1542 1367 1632 1412 mare
1645 1347 1827 1412 Mortuum.

474 1453 653 1536 Propterea
670 1454 765 1518 iuxta
784 1451 943 1518 iezechiel
960 1451 1129 1533 egreditur
1144 1450 1186 1515 de
1203 1449 1331 1533 templo
1347 1450 1485 1516 Domini
1509 1450 1583 1516 lons
1598 1471 1706 1534 aquae
1725 1452 1829 1530 vivae,

472 1569 506 1624 et
523 1558 615 1623 vadit
630 1559 673 1623 ad
691 1578 782 1622 mare
798 1559 980 1634 Mortuum,
996 1556 1086 1640 quod
1104 1554 1184 1619 nihil
1206 1555 1352 1620 habebat
1369 1558 1490 1622 vivens.
1509 1553 1602 1619 Nulli
1618 1555 1707 1619 enim
1729 1555 1828 1638 pisci·
1852 1579 1882 1617 10

473 1668 537 1733 culi
559 1685 632 1728 esse
655 1673 810 1747 poterant
837 1664 870 1726 in
897 1663 978 1726 mari
1008 1661 1153 1738 Mortuo,
1177 1660 1256 1724 nihil
1283 1661 1415 1726 vivebat
1440 1661 1473 1726 in
1500 1661 1581 1725 mari
1609 1660 1754 1725 Mortuo
1777 1661 1830 1724 De

474 1770 601 1853 templo
624 1767 772 1844 Domini,
787 1767 850 1832 hoc
866 1776 925 1844 est,
941 1767 983 1829 de
999 1765 1073 1828 sinu
1089 1763 1161 1846 ejus
1177 1784 1328 1848 egressus
1344 1774 1396 1828 est
1413 1764 1577 1843 Salvator,
1592 1774 1625 1828 et
1642 1765 1828 1829 indulcora-

474 1878 522 1942 vit
539 1893 629 1938 mare
647 1873 817 1936 Mortuum
835 1881 866 1937 et
885 1890 1016 1958 amaras
1032 1888 1145 1950 aquas.
1159 1868 1202 1932 In
1224 1868 1315 1932 mari
1328 1869 1385 1932 vio
1406 1878 1474 1934 tua.
1491 1868 1540 1931 Et
1552 1869 1686 1932 semitae
1702 1878 1779 1933 tuae
1795 1870 1829 1932 in

474 1981 572 2064 aquis
587 1975 710 2041 multis.
727 1975 906 2058 Propterea
917 1975 949 2038 in
968 1973 1050 2037 mari
1064 1973 1117 2037 via
1128 1983 1195 2051 tua,
1211 1983 1247 2037 ut
1258 1983 1294 2038 tu
1311 1973 1435 2038 laceres
1452 1974 1550 2052 viam,
1564 1983 1598 2038 et
1615 1984 1831 2058 sequerentur

475 2097 509 2151 te
525 2081 669 2167 apostoli
685 2081 743 2146 tui.
759 2080 805 2144 Et
819 2080 953 2145 semitae
968 2087 1044 2142 tuae
1059 2077 1094 2140 in
1110 2077 1206 2160 aquis
1221 2078 1343 2144 multos.
1852 2105 1881 2156 15

518 2185 565 2252 Et
580 2183 721 2266 vestigia
748 2194 806 2248 tua
821 2205 884 2248 non
905 2191 1150 2265 cognoscentur:
1174 2181 1342 2246 deduxisti
1361 2183 1445 2247 sicut
1458 2204 1532 2248 oves
1549 2184 1705 2266 populum
1728 2192 1830 2248 tuum.

476 2295 590 2359 Bonus
601 2299 716 2372 pastor
726 2289 869 2354 deduxit
882 2289 966 2352 sicut
978 2307 1058 2351 oves
1071 2287 1232 2371 populum
1244 2307 1350 2352 suum.
1364 2287 1404 2351 In
1422 2309 1522 2353 manu
1538 2288 1652 2370 Moysi
1659 2298 1692 2352 ct
1705 2287 1830 2354 Aaron.

478 2396 553 2460 Hoc
571 2393 647 2458 lecit
672 2391 855 2456 secundum
873 2393 1040 2456 litteramr
1067 2391 1214 2454 ceterum
1241 2391 1364 2454 cotidie
1391 2390 1470 2458 lacit
1494 2393 1526 2456 in
1543 2392 1648 2457 nobis.
1670 2393 1713 2457 In
1729 2405 1830 2456 mnu

475 2495 595 2578 Moysi,
610 2496 642 2559 id
666 2506 725 2572 est,
741 2496 773 2559 iu
800 2495 872 2580 lege
888 2496 1025 2580 (scimus
1042 2505 1153 2560 autem
1181 2495 1340 2578 quoniam
1357 2495 1414 2560 lex
1430 2497 1587 2580 spiritalis
1602 2497 1687 2579 esti:
1706 2499 1740 2561 in
1757 2499 1830 2581 lege

475 2601 647 2687 spirituali.
662 2599 710 2664 Et
726 2599 840 2664 Aaron
855 2625 867 2668 .·
891 2601 954 2665 hoc
980 2609 1041 2677 est,
1067 2601 1099 2665 in
1125 2601 1319 2665 sacerdotio.
1338 2601 1377 2665 ln
1405 2601 1480 2684 lege
1494 2613 1553 2666 tua
1577 2602 1727 2685 spiritali,
1742 2611 1776 2666 et
1796 2603 1828 2666 in
1849 2631 1882 2668 ιο

475 2705 662 2772 sacerdotio
685 2713 745 2769 tuo
769 2704 910 2786 spiritali
935 2726 996 2770 nos
1020 2705 1191 2769 deduxisti
1218 2705 1379 2788 populum
1408 2715 1512 2770 tuum.
1541 2705 1618 2771 Hoc
1646 2707 1829 2771 secundum
1907 2717 1910 2722 '

476 2811 619 2877 litteram
634 2809 867 2892 intellegamus
883 2812 925 2874 de
944 2809 1064 2893 Moyse
1074 2821 1108 2874 et
1124 2812 1248 2876 Aaron.
1261 2811 1411 2876 Eductus
1427 2810 1564 2893 quidem
1581 2819 1631 2874 est
1641 2820 1676 2875 et
1693 2809 1829 2892 Moyses

474 2927 509 2982 et
532 2916 658 2994 Aaron,
684 2914 743 2978 sed
769 2933 835 2979 non
862 2914 1070 2980 introductus
1096 2914 1130 2976 in
1156 2924 1277 2978 terram
1304 2913 1576 2996 repromissionis
1609 2913 1776 2979 Successit
1799 2913 1829 2977 ei

476 3021 577 3086 lesus.
599 3019 723 3084 Videte
738 3019 827 3100 quod
845 3020 1004 3102 scriptum
1021 3027 1080 3081 est.
1099 3017 1235 3100 Moyses
1259 3029 1409 3082 mortuus
1432 3019 1464 3081 in
1488 3021 1621 3083 deserto
1636 3028 1696 3097 est,
1712 3018 1827 3082 Aaron

476 3135 625 3189 mortuus
641 3133 701 3201 est,
718 3123 826 3188 Maria
843 3132 973 3187 mortua
989 3131 1060 3200 est;
1077 3131 1110 3184 et
1126 3121 1189 3185 hoc
1205 3131 1256 3185 est
1271 3124 1361 3204 quod
1376 3124 1534 3206 scriptum
1552 3123 1648 3187 estin
1665 3123 1830 3206 propheta
1849 3155 1880 3205 25

474 3231 543 3294 ‘Et
569 3228 763 3313 percutiam,
778 3228 895 3311 inquit,
922 3236 988 3292 tres
1013 3235 1162 3308 pastores
1186 3225 1219 3288 in
1246 3245 1358 3290 mense
1384 3245 1452 3290 uno
1470 3226 1487 3290 '.
1513 3225 1566 3289 llli
1592 3226 1713 3290 mortui
1729 3235 1829 3290 sunt:

476 3355 582 3420 neque
598 3335 687 3398 enim
704 3342 885 3416 potuerunt
900 3332 1023 3395 intrare
1035 3331 1068 3394 in
1086 3341 1207 3394 terram
1220 3329 1494 3414 repromissionis.
1504 3329 1671 3394 Viderunt
1683 3339 1829 3395 tantum·

476 3439 577 3502 modo
603 3447 721 3503 contra
748 3445 869 3501 terram
894 3433 1170 3518 repromissionis,
1192 3443 1226 3497 et
1253 3435 1375 3497 intrare
1403 3454 1470 3498 nou
1499 3445 1688 3518 potuerunt.
1715 3435 1830 3500 ludaei

475 3540 629 3606 viderunt
656 3551 776 3606 terram
803 3538 1077 3623 repromissionis,
1093 3548 1126 3602 et
1152 3539 1276 3602 intrare
1292 3558 1357 3603 non
1387 3548 1578 3622 potuerunt.
1595 3539 1720 3604 Mortui
1740 3540 1829 3604 onim

475 3644 507 3708 in
525 3645 657 3710 deserto
672 3654 759 3722 sunt,
774 3653 808 3708 et
823 3643 985 3708 cadavera
1010 3661 1124 3708 eorum
1141 3651 1220 3722 sunt
1242 3641 1275 3704 in
1292 3641 1480 3723 solitudine,
1496 3665 1610 3708 eorum
1634 3645 1690 3726 qui
1708 3645 1829 3709 mortui
1848 3680 1880 3731 30

507 3851 640 3918 aMoyses]
659 3854 713 3924 [503
731 3855 834 3920 Moysen
854 3858 945 3908 ABSG
959 3857 998 3909 Cl.
1022 3857 1086 3906 inlrn
1098 3858 1115 3908 l.
1129 3869 1169 3907 22.
1271 3867 1285 3918 7
1306 3852 1387 3916 istud]
1407 3857 1484 3905 istum
1504 3855 1534 3906 C.
1634 3855 1650 3904 8
1670 3862 1700 3904 ut
1721 3856 1829 3905 indulco-

474 3935 552 3997 raret]
566 3940 626 3999 BC;
643 3941 691 4004 qui
709 3939 877 3989 indulcorarit
888 3941 926 4002 G;
944 3947 973 3990 ut
985 3940 1125 3990 indulcant
1145 3941 1177 4002 S;
1195 3947 1225 3988 ut
1242 3940 1381 3989 dulcorare!
1401 3936 1560 4006 β.ιο
1579 3932 1689 3994 habebat]
1708 3937 1779 3986 habet
1797 3937 1826 3986 C.

476 4036 502 4074 ιι
518 4019 629 4081 Mortuo]
641 4023 785 4074 mortuoeC
800 4036 809 4072 1
824 4039 858 4073 m.
959 4036 989 4087 23
1001 4019 1038 4080 ei]
1052 4021 1093 4090 βΑ
1108 4035 1116 4072 t
1132 4040 1165 4072 ιιι.
1176 4023 1256 4082 csG;
1268 4023 1303 4072 eis
1315 4024 1345 4081 B,
1359 4023 1382 4070 A
1394 4037 1449 4086 sup.
1464 4020 1507 4070 lin.
1609 4031 1640 4082 27
1650 4015 1830 4078 tantummodo]

473 4113 556 4156 tarem
573 4107 601 4157 C.

515 4277 540 4335 6.
553 4269 715 4354 obmutesce]
732 4276 823 4335 Marc.
840 4296 867 4350 4,
885 4295 932 4355 39.
1176 4277 1375 4338 sacerdotium
1388 4279 1403 4338 ’.

515 4377 540 4434 9.
557 4357 644 4415 iuxta
657 4354 802 4439 Ieseclu'el]
813 4377 861 4434 47,
878 4363 895 4418 8
911 4379 974 4437 sqq.
1221 4361 1266 4418 26.
1278 4359 1311 4418 in
1320 4379 1412 4418 meme
1423 4355 1492 4440 nno]
1502 4359 1589 4419 Zach.
1604 4378 1648 4431 11,
1662 4362 1688 4419 8.
1702 4361 1827 4419 Hieron.

518 4454 559 4515 19.
572 4439 715 4515 spiritalis
729 4447 770 4499 est
797 4441 887 4501 Rom.
906 4459 991 4517 7,14.
1178 4440 1208 4502 in
1223 4442 1303 4501 hunc
1326 4443 1425 4500 locum
1442 4443 1499 4520 (M.
1517 4458 1564 4518 25,
1588 4441 1691 4518 1576):
1709 4447 1716 4472 ‘
1732 4442 1828 4502 Nobis

516 4540 561 4580 ιο.
572 4523 604 4580 in
619 4521 770 4580 sacerdotio
796 4521 922 4584 Hieron.
933 4544 978 4602 ep.
994 4527 1041 4600 78,
1052 4544 1078 4584 n.
1095 4547 1125 4586 2:
1177 4535 1235 4585 tres
1250 4535 1391 4600 pastores,
1408 4526 1459 4600 qul
1474 4523 1506 4583 in
1521 4541 1582 4584 uno
1604 4541 1707 4584 mense
1721 4522 1828 4584 succisi

474 4605 482 4636 ⁶
498 4603 591 4678 Quod
605 4615 705 4663 autem
720 4603 750 4662 iu
762 4623 853 4664 manu
866 4607 965 4684 Moysi
980 4620 1008 4666 et
1024 4610 1124 4668 Aaron
1176 4619 1254 4678 sunt,
1271 4607 1392 4684 Moyses
1408 4607 1532 4681 videtur,
1549 4617 1578 4667 et
1593 4609 1704 4682 Aaron,
1720 4621 1748 4667 et
1766 4607 1827 4666 Ma-

474 4703 608 4763 egressus
633 4684 778 4760 scribitur,
803 4684 942 4766 intellege
970 4690 1065 4768 legem
1093 4701 1124 4752 et
1175 4687 1298 4751 ria'etc.
