4112 5496
241 387 299 472 vn]
585 393 956 454 conunurnurorr
987 395 1033 455 ru
1063 399 1260 458 rsnmros.
1555 399 1604 480 19

242 609 437 692 animam
461 635 628 694 meam:
650 624 691 695 et
712 622 876 721 quanto
909 611 1049 724 magis
1084 639 1197 694 nunc
1233 611 1349 694 filius
1377 611 1538 693 lemeni
1557 611 1602 692 ?’

244 743 408 855 Aquila
427 744 546 828 hunc
578 747 719 831 locum
754 749 813 832 ita
841 749 1144 860 interpretatus
1179 761 1270 832 est:
1296 758 1303 788 ‘
1328 750 1412 831 Pro
1434 749 1604 860 ignora-

245 883 364 966 tione
387 884 546 984 David,
570 885 684 995 quod
698 886 851 971 cecinit
871 889 1062 971 Domino
1076 915 1154 998 pro
1173 888 1318 971 verbis
1337 886 1567 997 Aethiopis
1583 888 1599 970 ’.

246 1022 542 1132 Symmachus
564 1023 607 1106 in
630 1022 745 1107 hunc
775 1025 979 1109 modum:
1003 1035 1010 1066 ⁴
1037 1028 1120 1108 Pro
1143 1025 1411 1138 ignoratione
1447 1025 1602 1125 David,

211 1160 365 1271 squod
398 1160 552 1244 cecinit
587 1162 779 1245 Domino
814 1191 892 1273 pro
925 1164 1068 1246 verbis
1106 1164 1242 1248 Chusi
1281 1163 1355 1246 filii
1396 1164 1550 1246 lemini
1583 1165 1601 1247 ’.

250 1297 371 1380 Haec
407 1298 555 1382 omnia
595 1298 724 1382 latius
764 1313 991 1384 exsecutus
1033 1328 1143 1402 sum,
1181 1303 1282 1413 quia
1321 1302 1603 1386 eruditissimi

246 1436 328 1517 viri
367 1449 628 1546 putaverunt
659 1437 778 1521 bunc
814 1440 1031 1548 psalmum
1070 1468 1155 1523 non
1192 1453 1339 1523 contra
1374 1442 1492 1539 Saul,
1531 1442 1604 1523 sed
1717 1483 1720 1490 ·

247 1587 398 1658 contra
418 1575 661 1660 Abessalon
683 1589 778 1660 esse
798 1577 1100 1687 conpositum:
1137 1579 1254 1688 quod
1276 1606 1353 1688 pro
1381 1591 1499 1688 parte
1521 1606 1604 1660 non

247 1741 344 1796 esse
378 1716 630 1798 monstravi.
668 1715 723 1799 Si
752 1715 926 1798 reddidi
959 1715 1295 1799 retribuentibus
1329 1716 1443 1798 milri
1474 1717 1603 1798 mala.

197 1893 231 1929 ιο
249 1855 357 1938 Saul
381 1855 450 1937 bis
472 1856 514 1939 in
539 1882 695 1938 manus
730 1853 823 1937 eius
859 1853 1045 1936 traditus
1067 1867 1144 1956 est,
1168 1882 1297 1965 quem
1319 1855 1458 1938 noluit
1481 1855 1606 1936 inter-

249 1993 385 2092 ficere,
415 1993 589 2077 dicens:
630 1993 765 2076 ‘Non
798 2004 972 2102 tangam
1011 1993 1203 2102 xpistum
1242 1994 1421 2076 Domini
1455 1995 1473 2078 '.
1513 1995 1610 2076 Hoc

247 2145 315 2217 est
349 2159 454 2244 ergo
487 2159 572 2216 non
596 2132 819 2214 restituere
852 2130 889 2212 ei
928 2157 1004 2240 pro
1026 2130 1151 2213 malis
1185 2131 1307 2232 mala,
1332 2133 1404 2243 qui
1420 2131 1510 2215 -sibi
1534 2160 1610 2242 pro

248 2270 377 2354 bonis
400 2269 513 2353 mala
534 2269 786 2353 restituerat.
812 2269 1025 2350 Decidium
1047 2269 1201 2352 merito
1221 2269 1276 2351 ab
1297 2269 1486 2353 iru'micis
1506 2269 1612 2351 meis

249 2408 409 2491 inanis.
452 2408 502 2489 ln
540 2406 723 2491 hebraeo
744 2432 821 2517 pro
845 2411 853 2444 ‘
877 2406 993 2488 inani
1016 2407 1024 2436 ’
1062 2431 1212 2490 nncun
1248 2407 1474 2491 scribitur:
1497 2407 1610 2490 unde

196 2580 231 2634 ις
251 2546 548 2658 intellegimus
566 2546 608 2629 id
626 2543 741 2656 quod
766 2545 810 2627 in
827 2545 1053 2656 evangelio
1070 2545 1325 2645 continetur,
1350 2554 1358 2586 ‘
1382 2545 1468 2654 Qui
1493 2545 1609 2627 fratri

250 2710 334 2767 suo
347 2684 502 2767 dixerit
516 2681 642 2767 racha
655 2695 697 2766 et
714 2684 829 2766 latue
846 2685 865 2781 ’‚
885 2710 1017 2794 quam
1032 2682 1185 2766 habeat
1202 2682 1606 2794 interpretationem.

251 2823 471 2907 Scrutaris
481 2822 611 2906 corda
631 2827 676 2903 et
695 2848 814 2904 renes
828 2823 969 2918 Deus,·
989 2821 1155 2903 iustum
1170 2821 1441 2905 adiutorium
1457 2847 1606 2904 meum.

254 2963 307 3044 ln
342 2960 525 3044 hebraeo
558 2960 617 3044 ita
653 2960 960 3071 scriptumest,
992 2960 1233 3044 ‘Scrutans
1268 2960 1396 3043 corda
1421 2972 1462 3043 et
1490 2987 1611 3043 renes

253 3101 377 3185 Deus
413 3099 554 3183 iustus
591 3101 630 3181 ':
673 3114 719 3180 ut
760 3114 909 3210 postea
949 3111 1248 3209 consequatur,
1289 3097 1615 3181 ‘Adiutorium

194 3274 233 3311 20
252 3267 398 3322 meum
421 3267 445 3320 a
469 3239 575 3339 Deo,
607 3239 682 3349 qui
715 3238 859 3320 salvos
888 3238 987 3320 lacit
1015 3250 1151 3320 rectos
1186 3237 1312 3320 corde
1335 3239 1354 3320 '.
1378 3237 1617 3344 Numquid

251 3379 470 3462 irascitur
476 3381 563 3486 per
579 3377 772 3486 singulos
806 3375 938 3458 dies?
975 3376 1135 3458 Melius
1157 3403 1233 3485 pro
1262 3376 1406 3459 hocin
1429 3374 1611 3458 hebraeo

251 3516 409 3599 habet:
434 3515 763 3599 ‘Comminatur
784 3515 827 3596 in
849 3514 968 3597 omni
991 3513 1061 3596 die
1079 3514 1099 3612 ’,
1118 3513 1235 3624 quod
1258 3512 1420 3624 Aquila
1439 3539 1612 3624 quoque

251 3653 487 3740 transtulit.
531 3653 588 3735 Et
624 3653 798 3762 pulchre
829 3652 916 3736 ait:
948 3659 956 3690 ‘
985 3653 1270 3734 Comminans
1295 3664 1337 3735 et
1364 3652 1613 3734 infrendens

252 3797 298 3877 in
336 3792 454 3877 omni
476 3791 545 3875 die
567 3791 607 3876 ’:
641 3791 716 3902 qui
753 3790 868 3873 enim
902 3803 1075 3900 propter
1110 3789 1360 3899 patientiam
1397 3817 1520 3872 suam
1555 3789 1612 3871 ita

285 4059 574 4128 zrimomtionelAMd,
590 4063 653 4112 Eex
666 4064 849 4125 r'griorationis,·
884 4065 1120 4126 r'grroratrbm'busC.
1224 4064 1463 4124 rinucuu1llss.;
1498 4079 1577 4110 reram
1589 4060 1612 4129 β

253 4150 285 4202 16
305 4148 405 4210 habeat]
426 4143 485 4216 Cfl3
517 4147 624 4196 lateant
643 4147 706 4207 AM,
727 4148 749 4197 Ε
769 4159 856 4214 postea
876 4165 939 4199 corr.
1045 4161 1072 4210 17
1091 4149 1184 4209 meum]
1203 4147 1224 4196 C
1241 4148 1330 4196 adda
1349 4145 1479 4201 Domino,-
1498 4144 1612 4210 βαΰιο.

293 4365 321 4421 6.
344 4357 539 4418 eruditissimi
556 4354 629 4438 ur'ri]
656 4378 681 4417 v.
707 4377 747 4434 gr.
766 4359 912 4418 Eusebius
965 4360 993 4418 S.
1017 4357 1144 4435 Cyrillus
1167 4356 1324 4416 Alexandr.
1339 4353 1390 4432 (ib.
1409 4357 1454 4428 69,
1474 4353 1544 4430 747)
1560 4353 1618 4411 alii-

250 4447 346 4526 (Patr.
363 4443 415 4502 Gr.
435 4459 481 4516 23,
508 4459 562 4497 122
585 4442 632 4498 vel
657 4458 703 4516 ap.
722 4440 808 4512 Pilia,
836 4441 912 4499 Ana·
964 4459 1024 4516 que
1040 4437 1124 4497 multi
1139 4449 1235 4498 aetate
1251 4434 1410 4495 inferiores.

250 4531 331 4588 lecta
346 4540 432 4583 sacra
450 4520 510 4592 111,
538 4518 610 4596 383)
626 4521 653 4580 S.
671 4520 850 4580 Athanasius
865 4521 910 4596 (Ρ.
1010 4539 1053 4580 rr.
1077 4516 1245 4600 Domini]1
1265 4521 1337 4592 Reg.
1358 4535 1403 4586 24,
1422 4518 1521 4588 7326,
1542 4535 1585 4572 rr.

248 4611 303 4671 Gr.
323 4623 374 4682 27,
392 4603 445 4678 78)
459 4623 466 4674 ;
478 4603 507 4662 S.
525 4601 652 4660 Basilius
667 4600 751 4676 (ibid.
764 4621 810 4678 29,
823 4601 912 4678 227);
1008 4619 1051 4680 ις.
1075 4603 1106 4661 in
1125 4595 1280 4679 euangelio]
1297 4598 1403 4657 llatth.
1423 4613 1449 4673 5,
1471 4616 1515 4654 22.

247 4693 278 4757 S.
298 4691 389 4750 loen.
422 4685 655 4761 chrysostomus
670 4681 753 4760 (ibid.
781 4701 796 4760 5
802 4700 828 4760 5,
839 4683 912 4759 80);
