4154 5494
612 413 867 476 Tnncrnnus
890 416 947 475 nn
970 417 1137 480 Psnnuo
1159 420 1266 480 cun.
1538 400 1615 503 169

258 629 394 694 Domini
413 631 594 695 meditatur
605 631 735 714 iugiter,
756 641 789 698 et
805 652 899 698 mens
923 634 993 698 eius
1008 635 1255 720 contemplatur
1274 637 1439 716 caelestia,
1455 637 1508 703 hic
1523 639 1613 702 canit

257 731 340 798 Deo.
362 733 429 816 Qui
450 749 563 798 autem
580 734 681 802 habet
697 737 730 800 in
747 758 783 800 se
805 757 923 802 omnes
944 738 1091 817 virtutes,
1112 738 1174 803 hoc
1198 750 1258 818 est,
1273 741 1442 822 operarius
1463 752 1513 806 est
1534 741 1612 806 boni

255 838 372 918 operis,
388 839 441 902 hic
458 840 552 922 quasi
568 837 730 904 citharam
747 857 942 921 conponens
963 840 1132 916 virtutum,
1152 839 1266 923 psallit
1288 841 1445 907 Domino.
1467 841 1615 906 Narrate

255 942 365 1006 ameria
381 942 551 1008 mirabilia
567 944 646 1008 eius.
671 943 707 1006 ln
730 942 914 1006 centesimo
929 953 1028 1007 sexto
1046 941 1175 1026 psalmo
1190 943 1286 1008 dicit:
1302 944 1389 1026 ‘Qui
1406 945 1613 1010 descendunt

223 1062 346 1116 smare
369 1045 402 1109 in
429 1012 578 1126 nairibus,
598 1047 757 1112 iacientes
778 1047 1007 1129 operationem
1033 1049 1065 1110 in
1093 1047 1188 1131 aquis
1216 1047 1344 1113 multis:
1369 1049 1432 1132 ipsi
1460 1051 1612 1114 viderunt

254 1169 355 1230 opera
373 1150 521 1229 Domini,
539 1163 573 1216 et
589 1151 754 1216 mirabilia
775 1150 846 1214 eius
862 1151 894 1214 in
918 1151 1083 1234 profundo
1093 1150 1109 1215 '.
1126 1150 1162 1216 Si
1179 1151 1212 1213 in
1233 1153 1308 1214 navi
1326 1161 1438 1217 nostra
1449 1154 1611 1236 corporali

254 1252 482 1318 transierimus
499 1253 624 1330 inlaesi,
639 1264 674 1318 et
694 1274 858 1340 nusquam
876 1274 936 1318 nos
957 1264 1140 1338 tempestas
1156 1255 1333 1336 obprimat,
1350 1275 1410 1319 nec
1433 1257 1465 1319 in
1484 1266 1612 1340 petram

253 1354 491 1423 offenderimus
512 1368 546 1422 et
564 1358 756 1441 frangamus
776 1379 895 1423 navem
919 1371 1077 1438 nostram,
1098 1379 1274 1442 possumus
1295 1381 1426 1425 narrare
1450 1361 1614 1426 mirabilia

255 1459 328 1526 Dei.
360 1462 406 1526 Et
437 1482 550 1526 revera
579 1465 706 1544 grande
737 1463 932 1528 miraculum
961 1474 1020 1542 est,
1050 1467 1190 1530 transire
1216 1468 1379 1532 mundum
1410 1468 1510 1533 istum
1542 1467 1614 1531 sine

207 1587 237 1625 ιο
254 1565 393 1630 macula.

297 1668 502 1734 laudamini
515 1669 550 1734 in
567 1669 694 1734 noneine
709 1680 818 1735 sancto
839 1672 917 1736 eius.
941 1671 1120 1755 Prophetia
1145 1684 1196 1738 est
1220 1676 1263 1739 de
1282 1675 1407 1759 populo
1423 1677 1613 1759 gentilium:

253 1770 318 1836 hoc
340 1783 400 1851 est,
419 1783 455 1837 ut
478 1775 582 1838 simus
603 1785 636 1838 et
660 1795 817 1838 vocemur
838 1776 1007 1860 Xpistiani
1029 1799 1073 1841 ex
1096 1779 1230 1842 nomine
1253 1781 1390 1845 Domini
1411 1782 1512 1846 nostri
1537 1782 1611 1846 Iesu

254 1873 377 1959 Xpisti.
393 1877 552 1942 Laetetur
562 1899 617 1942 eor
632 1879 857 1961 quaerentium
873 1879 1062 1944 Dominum.
1080 1880 1258 1948 Gaudeant
1274 1885 1438 1963 monachi,
1454 1888 1612 1967 quoniam

253 1981 485 2062 quaerentium
515 1982 699 2046 Dominum
725 1983 892 2048 laetantur
915 1986 1024 2048 corda.
1045 1985 1082 2050 Si
1103 1987 1342 2066 quaerentium,
1358 2000 1485 2070 quanto
1507 1990 1613 2071 magis

207 2109 235 2161 ις
253 2105 367 2150 eorum
385 2085 442 2169 qui
459 2086 631 2152 inveniunt
647 2092 749 2150 eum?
766 2087 832 2170 Qui
848 2088 938 2152 enim
951 2108 1027 2150 eum
1051 2089 1232 2164 inveniunt,
1249 2090 1424 2154 inmobiles
1440 2103 1526 2156 sunt.

171 2177 180 2194 ’
302 2187 456 2266 Quaerite
468 2189 649 2275 Dominum
664 2191 955 2274 etcorrfirrnamine'.
966 2191 1159 2274 Antequam
1173 2213 1406 2275 quaereremus
1418 2194 1614 2274 Dominum,

255 2291 376 2356 infirmi
391 2313 539 2372 eramus;
556 2313 643 2358 nunc
660 2306 771 2358 autern
795 2306 1000 2379 quaerentes,
1024 2296 1108 2383 firmi
1125 2305 1159 2360 et
1181 2295 1282 2362 fortes
1299 2318 1421 2362 sumus.
1439 2298 1474 2363 Si
1499 2310 1612 2364 autem

254 2407 287 2461 et
304 2396 535 2476 invenerimus,
556 2409 683 2483 quanto
701 2401 806 2482 magis
824 2399 958 2482 perlecti
976 2401 1125 2464 erimus?
1143 2399 1297 2480 Quaerite
1302 2401 1428 2482 facum
1442 2403 1512 2467 eius
1531 2425 1611 2468 sem·

249 2511 317 2584 per.
335 2501 499 2566 Hebraeis
514 2502 649 2585 quidem
667 2504 905 2586 scriptumest,
923 2515 957 2568 ut
975 2515 1025 2568 ter
1041 2506 1072 2568 in
1086 2525 1180 2593 anno
1194 2515 1380 2587 appareant
1398 2507 1554 2572 Domino.
1567 2507 1612 2572 Et

203 2631 236 2670 ao
253 2627 340 2690 quae
361 2607 488 2672 iustitia
502 2608 585 2671 haec
601 2613 697 2672 erat?
718 2610 798 2692 quid
820 2619 932 2674 autem
949 2609 1076 2692 grande
1097 2609 1217 2694 aliquis
1234 2609 1387 2688 faciebat,
1402 2619 1452 2674 ter
1468 2611 1501 2674 in
1523 2631 1612 2674 anno

252 2731 411 2795 apparere
442 2712 476 2776 in
507 2723 686 2795 conspectu
720 2713 808 2778 Dei?
836 2714 888 2778 lbi
913 2714 955 2778 ad
988 2713 1142 2798 parvulos
1173 2713 1387 2797 loquebatur:
1418 2714 1471 2778 hic
1496 2726 1609 2778 autem

252 2818 416 2900 propheta
439 2818 521 2882 dicit
537 2818 749 2881 credentibus
767 2818 798 2880 in
818 2819 938 2900 Deum,
959 2839 1090 2901 semper
1106 2839 1182 2882 eum
1199 2838 1365 2901 quaerere,
1389 2820 1608 2901 quemadmo-

251 2921 332 2984 dum
350 2930 383 2986 et
400 2921 431 2984 in
449 2921 623 3004 evangelio
639 2920 872 3002 scriptumest,
888 2922 958 2985 sine
976 2921 1220 2986 intermissione
1236 2941 1297 2986 nos
1313 2943 1415 2986 orare.

295 3021 490 3086 Mementote
502 3022 705 3088 mirabilium
716 3025 787 3088 eius
800 3025 981 3108 putrefecit.
996 3025 1035 3090 In
1054 3025 1223 3108 Aegypto,
1238 3036 1271 3090 et
1288 3027 1320 3089 in
1339 3027 1420 3090 mari
1440 3027 1564 3104 Rubro,
1576 3039 1608 3091 et

203 3151 232 3206 ²5
253 3125 284 3189 in
301 3125 444 3190 deserto.

297 3229 606 3308 SerneuAbralram,
616 3232 708 3294 servi
718 3231 790 3294 eius
800 3230 890 3315 :filii
899 3231 1000 3307 Iacob,
1011 3231 1101 3295 electi
1110 3231 1188 3296 eius.
1205 3232 1241 3298 Si
1258 3233 1332 3316 quis
1344 3242 1394 3295 est
1406 3253 1529 3310 semen,
1543 3253 1607 3298 non

251 3333 317 3398 iam
334 3347 367 3398 et
384 3333 478 3411 filius,
494 3335 678 3398 secundum
695 3337 785 3418 quod
804 3337 836 3398 in
854 3336 1028 3418 evangelio
1044 3337 1203 3420 scriptum
1221 3347 1287 3401 est:
1301 3341 1309 3368 ‘
1323 3336 1359 3402 Si
1377 3335 1434 3400 filii
1451 3337 1609 3402 Abrahae

250 3440 375 3516 essetis,
390 3460 492 3522 opera
511 3441 613 3523 patris
634 3441 734 3504 vestri
758 3439 908 3504 laceretis
918 3439 932 3502 ¹.
952 3441 1043 3522 Ergo
1059 3443 1150 3524 quod
1170 3441 1363 3523 gloriantur,
1383 3461 1449 3505 non
1466 3451 1560 3521 sunt;
1576 3453 1609 3506 et

250 3544 276 3606 si
294 3562 406 3608 semen
424 3552 511 3621 sunt,
531 3545 616 3608 servi
638 3554 715 3608 sunt
736 3545 800 3607 sub
820 3545 940 3608 timore
960 3545 1143 3622 constituti,
1160 3564 1225 3608 non
1246 3543 1407 3607 habentes
1427 3544 1607 3627 perlectam

201 3669 233 3720 30
248 3647 421 3711 caritatem
439 3667 524 3729 quae
540 3645 628 3711 lotas
645 3647 747 3712 mittit
763 3648 926 3712 timorem.
944 3648 1016 3712 Nos
1033 3646 1090 3710 filii
1106 3669 1221 3712 sumus
1245 3648 1356 3725 Iacob,
1372 3648 1442 3711 eius
1458 3649 1515 3730 qui
1531 3649 1608 3713 sub-

286 3815 455 3878 tnreditatur]
475 3817 636 3866 meditabitur
656 3818 687 3866 G.
790 3816 858 3866 aloc
871 3817 917 3880 est]
935 3833 985 3866 oro,
1004 3817 1034 3868 C.
1134 3817 1297 3880 dereperali]
1314 3819 1416 3867 cameli
1434 3819 1460 3869 S.
1562 3826 1611 3880 7et

249 3895 386 3962 nusquam]
401 3902 468 3946 utn.
483 3896 513 3946 C.
614 3898 643 3944 in
658 3894 769 3960 petraria]
787 3897 815 3946 in
831 3904 906 3961 petra
926 3896 979 3947 SG.
1079 3896 1130 3947 8et
1139 3897 1308 3962 frangamus]
1329 3907 1358 3948 ut
1368 3899 1395 3964 f.
1418 3899 1448 3960 C,
1463 3900 1547 3964 Psup.
1562 3899 1606 3950 lin.

252 3988 278 4026 ιι
294 3976 427 4042 triphena
437 3976 483 4039 est]
502 3977 586 4036 codd;
600 3979 733 4042 prephetet
751 3979 819 4027 enini
838 3979 862 4045 p.
959 3975 1108 4042 gentilium]
1122 3981 1217 4042 gentili
1227 3983 1258 4030 Α.
1363 3983 1391 4030 16
1408 3981 1608 4046 confirmamini]

249 4059 428 4124 eonfenarttiur'
442 4061 468 4110 S.
573 4059 637 4108 18et
648 4060 829 4122 invenerimus]
851 4059 908 4127 βΒ;
929 4061 1016 4111 CPSG
1038 4067 1132 4111 umet.
1237 4074 1266 4124 19
1287 4062 1406 4124 Domino]
1424 4063 1489 4113 codd
1499 4080 1507 4122 ;
1527 4078 1608 4111 ceram

249 4140 359 4192 Domino
379 4139 403 4208 β.
505 4153 537 4189 20
556 4141 651 4205 aliquis
665 4142 784 4206 secubat]
803 4143 904 4206 aliquid
913 4142 1044 4207 jaciebant
1065 4140 1089 4208 β.
1191 4153 1222 4204 23
1238 4157 1282 4190 uos
1300 4143 1381 4205 erare]
1399 4143 1481 4202 codd;
1501 4149 1568 4190 erate
1581 4141 1605 4209 β.

249 4223 280 4276 26
283 4223 343 4290 fitis·
353 4223 424 4274 Iacob
434 4225 503 4274 eiecti
511 4223 576 4285 eius]
588 4239 638 4273 om.
653 4223 705 4274 SG.
807 4240 856 4273 nen
869 4225 922 4272 iane
932 4223 966 4284 et]
978 4224 1105 4282 AB;nen
1118 4224 1169 4272 iarn
1182 4225 1243 4284 (om.
1256 4225 1289 4284 etl
1303 4220 1336 4289 β;
1353 4240 1402 4274 non
1414 4225 1467 4273 iarn
1477 4232 1514 4273 est
1525 4223 1607 4282 PSG;

248 4306 384 4358 metium
397 4306 427 4357 C.

287 4441 305 4498 ⁶
330 4439 362 4498 iu
371 4435 531 4518 pressanda]
549 4439 592 4496 Ps.
615 4441 679 4510 106,
698 4458 733 4514 ²3
746 4456 788 4515 sq.
951 4437 1162 4516 accipiendum
1186 4449 1240 4512 est,
1257 4449 1288 4498 ut
1310 4456 1398 4516 supra
1413 4458 1441 4518 p.
1458 4457 1507 4514 49,
1522 4441 1539 4499 l.
1559 4459 1604 4500 10.

292 4539 334 4596 19.
354 4515 493 4600 Dumna]
511 4521 605 4579 Exod.
625 4539 671 4595 23,
694 4539 756 4610 ιγ..
953 4520 998 4580 cf.
1015 4532 1115 4580 tamen
1134 4523 1203 4616 Luc.
1224 4524 1269 4592 18,
1291 4543 1312 4580 1.

246 4598 448 4759 allinit]
461 4600 900 4758 ldh‘sstentltll‘lllt
993 4602 1184 4758 {litet
1213 4603 1395 4755 {lilla

296 4811 409 4854 theodota
418 4809 569 4852 Mandatum
580 4808 624 4860 111,
634 4823 653 4851 a.
