4160 5500
484 399 568 504 368
865 425 892 483 s.
919 419 1173 484 nrnaouunr
1198 417 1459 478 sussurrant

486 647 692 723 unguentum
722 637 805 703 ludit
831 658 930 720 super
951 644 1060 720 caput,
1076 655 1142 699 non
1168 642 1218 697 est
1246 633 1327 717 ipsa,
1350 632 1393 695 de
1420 651 1485 714 qua
1512 632 1544 696 in
1573 633 1640 699 alio
1666 639 1840 722 evangelio

486 743 614 820 dicitur,
627 742 716 826 quod
730 742 831 825 pedes
844 740 982 806 Domini
998 739 1125 806 laverit.
1137 738 1198 801 Illa
1212 735 1311 812 enim,
1326 735 1420 819 quasi
1438 736 1596 801 meretrix
1615 749 1646 802 et
1660 743 1840 822 peccatrix,

485 843 594 908 adhuc
610 843 714 928 pedes
739 853 853 910 tenet:
869 845 942 924 ista,
957 845 1052 930 quasi
1075 850 1201 918 sancta,
1216 847 1317 922 caput
1333 847 1432 902 tenet.
1452 839 1523 919 Illa,
1548 843 1643 923 quasi
1673 847 1842 923 meretrix,

485 947 628 1012 lacrimis
654 948 722 1012 suis
747 948 849 1030 pedes
874 950 960 1031 rigat
986 945 1168 1015 Salvatoris
1193 953 1226 1008 et
1243 941 1387 1006 crinibus
1413 941 1512 1025 tergit
1527 966 1535 1008 ι
1550 943 1681 1009 videtur
1704 949 1840 1031 quidem

486 1052 587 1134 pedes
604 1051 713 1117 lavare
730 1051 874 1117 lacrimis
891 1052 1066 1130 Salvatori,
1082 1051 1139 1115 sed
1163 1047 1270 1130 magis
1286 1045 1375 1110 lavat
1390 1056 1528 1129 peccata
1544 1069 1613 1114 sua.
1642 1049 1840 1121 Sacerdotes
1867 1074 1892 1127 ·5

485 1166 518 1222 et
536 1157 702 1221 Pharisaei
719 1177 786 1221 non
802 1158 886 1221 dant
903 1155 1067 1222 Salvatori
1084 1153 1254 1220 osculum:
1271 1150 1334 1214 ista
1350 1151 1452 1235 pedes
1467 1151 1647 1219 osculatur.
1662 1153 1720 1220 Sic
1736 1168 1769 1222 et
1781 1179 1842 1224 vos

485 1260 542 1344 qui
569 1261 736 1345 accepturi
762 1259 841 1325 estis
868 1260 1046 1344 baptisma,
1071 1258 1230 1343 quoniam
1259 1275 1375 1319 omnes
1405 1255 1467 1320 sub
1494 1258 1640 1339 peccatis
1664 1279 1789 1341 sumus,
1807 1274 1841 1330 et

484 1368 491 1396 ¹
509 1383 608 1429 nemo
622 1372 673 1428 est
690 1368 816 1449 absque
841 1375 990 1447 peccato,
1014 1365 1116 1429 etiam
1132 1362 1160 1426 si
1175 1361 1273 1426 unius
1298 1360 1432 1444 quidem
1447 1359 1547 1425 luerit
1563 1362 1629 1427 diei
1644 1363 1714 1429 vita
1737 1365 1808 1431 eiu's
1826 1372 1843 1446 ¹,

483 1472 490 1546 ⁴.
508 1477 541 1532 et
557 1469 732 1533 adversum
750 1468 887 1551 angelos
903 1489 980 1534 suos
997 1483 1186 1551 perversum
1203 1465 1283 1549 quid
1300 1465 1506 1547 excogitavit
1523 1465 1549 1530 ¹:
1567 1467 1711 1548 primum
1728 1479 1842 1537 tenete

484 1573 588 1656 pedes
614 1571 806 1650 Salvatoris,
832 1572 942 1637 lavate
969 1572 1121 1648 lacrimis,
1146 1570 1236 1636 crine
1263 1569 1404 1652 tergite;
1428 1577 1462 1630 et
1492 1587 1567 1633 cum
1598 1569 1663 1634 hoc
1689 1573 1843 1657 feceritis,
1865 1598 1893 1638 ιο

485 1685 601 1760 postea
618 1675 756 1749 venietis
773 1676 815 1741 ad
832 1685 942 1759 caput.
955 1675 1100 1760 Quando
1112 1673 1314 1740 descenditis
1332 1673 1364 1736 in
1381 1670 1517 1736 vitalem
1535 1671 1662 1739 sontem
1679 1696 1755 1742 curn
1767 1677 1843 1745 Sal·

485 1790 609 1857 vatore,
623 1788 703 1845 tunc
719 1779 850 1845 habetis
866 1780 993 1846 discere
1010 1779 1180 1864 quomodo
1196 1786 1404 1860 unguentum
1420 1777 1532 1842 veniat
1545 1778 1577 1842 in
1595 1790 1697 1863 caput
1722 1780 1843 1850 Salva·

485 1883 573 1950 toris.
586 1882 623 1949 Si
640 1882 728 1948 enim
745 1893 847 1966 caput
874 1884 934 1949 viri
952 1883 1093 1967 Xpistus
1109 1890 1168 1960 est,
1184 1894 1330 1946 vestrum
1356 1890 1468 1946 autem
1495 1891 1595 1965 caput
1619 1887 1841 1967 unguendum

486 1996 546 2066 est,
561 1996 638 2071 post
654 1987 822 2070 baptisma
845 1987 1019 2071 ungimini.

528 2091 640 2168 Erant
652 2101 762 2156 autem
776 2091 911 2174 quedam
928 2092 1061 2175 indigne
1075 2093 1227 2174 ferentes.
1245 2091 1322 2156 Non
1351 2090 1439 2155 dixit
1465 2111 1592 2170 omnes,
1617 2091 1676 2157 sed
1692 2095 1843 2178 quidam.
1863 2119 1891 2174 ις

487 2194 606 2280 Usque
621 2193 721 2259 hodie
737 2195 952 2278 indignantur
970 2196 1095 2276 ludaei,
1111 2194 1247 2281 quando
1267 2215 1328 2259 nos
1347 2195 1421 2258 lesu
1439 2187 1594 2278 ungimu‘s
1611 2207 1720 2282 caput.
1735 2199 1843 2266 Deni-

485 2319 552 2384 que
579 2299 611 2363 in
638 2298 704 2364 alio
729 2298 803 2364 loco
828 2299 950 2366 dicitur
976 2302 1065 2383 quod
1093 2300 1194 2365 Iudas
1210 2300 1361 2382 proditor
1377 2299 1569 2383 indignatus
1596 2300 1648 2366 sit.
1665 2302 1705 2366 In
1733 2303 1840 2370 Iudae

487 2403 622 2468 nomine
645 2403 844 2468 ludaeorum
870 2404 1068 2469 vocabulum
1093 2405 1349 2470 demonstratur.
1368 2403 1485 2487 Usque
1509 2404 1609 2468 hodie
1636 2405 1737 2470 ludas
1754 2409 1842 2473 indi·

486 2517 617 2592 gnatur,
631 2527 734 2591 quare
751 2507 889 2573 ecclesia
906 2509 982 2574 Iesu
999 2517 1104 2592 ungat
1118 2518 1227 2592 caput.
1245 2509 1291 2572 Et
1306 2508 1386 2590 quid
1402 2507 1508 2572 dicit?
1528 2507 1622 2588 Quid
1624 2511 1759 2593 prodest
1773 2513 1840 2578 rLrtn

477 2611 652 2695 perditio?
680 2611 732 2675 llli
759 2611 891 2677 videtur
916 2613 1021 2697 perire
1046 2621 1263 2696 unguentum,
1287 2612 1366 2694 quia
1393 2611 1532 2677 fractum
1561 2624 1631 2680 est:
1655 2615 1713 2680 sed
1741 2618 1841 2683 nobis
1860 2642 1891 2681 ro

484 2718 630 2800 prodest,
653 2715 731 2800 quia
747 2716 779 2778 in
796 2715 912 2780 orbem
940 2716 1088 2800 pervenit
1106 2717 1304 2782 universum.
1321 2715 1411 2800 Quid
1438 2716 1629 2800 indignaris,
1647 2720 1742 2800 Iuda,
1758 2724 1839 2807 quia

484 2820 688 2886 alabastrum
716 2819 854 2884 fractum
871 2827 944 2886 est?
962 2820 1054 2885 Deus
1070 2820 1127 2904 qui
1152 2831 1185 2884 te
1200 2830 1233 2884 et
1249 2820 1417 2884 universas
1434 2829 1550 2902 gentc's
1579 2820 1665 2900 lecit,
1681 2823 1738 2890 illo
1765 2848 1841 2910 per-

483 2923 632 2988 tunditur
655 2923 801 3007 pretioso
829 2935 1008 3006 unguento.
1025 2925 1173 2989 Volebas
1197 2935 1405 3006 unguentum
1426 2923 1549 2987 habere
1565 2924 1724 3006 clausurn,
1742 2941 1778 2995 ut
1795 2932 1839 2997 ad

483 3027 566 3091 alios
583 3046 649 3090 non
665 3026 859 3109 perveniret.
877 3026 966 3092 Vere
981 3028 1061 3093 illud
1078 3037 1137 3104 est,
1153 3028 1243 3111 quod
1260 3038 1293 3093 et
1309 3027 1341 3092 in
1358 3026 1425 3091 alio
1441 3025 1515 3092 loco
1530 3028 1651 3094 dicitur
1666 3031 1709 3095 de
1722 3034 1840 3100 vobis:

481 3137 489 3166 ‘
506 3131 573 3216 Qui
590 3132 715 3196 habent
730 3131 857 3196 clavem
885 3133 1051 3208 scientiae,
1067 3143 1101 3197 et
1117 3132 1180 3214 ipsi
1197 3151 1263 3196 non
1281 3132 1426 3209 intrant;
1442 3132 1499 3195 sed
1517 3141 1550 3197 et
1566 3153 1623 3197 eos
1639 3137 1696 3218 qui
1714 3137 1839 3202 intrare
1858 3159 1888 3212 ις

358 3255 361 3260 ·
483 3234 608 3311 νοΙιιιιι,
624 3253 689 3298 non
708 3235 820 3300 sinunt
833 3235 849 3302 ¹.
865 3235 937 3300 Vos
963 3235 1093 3299 habetis
1109 3233 1322 3313 alabastrum,
1337 3234 1442 3298 immo
1457 3233 1633 3302 habebatis
1648 3239 1682 3302 in
1700 3239 1839 3324 templo,

482 3348 516 3402 et
531 3337 697 3401 tenebatis
723 3337 885 3404 inclusum
902 3362 909 3405 ι
925 3339 1015 3403 venit
1044 3337 1169 3414 mulier,
1192 3349 1225 3402 et
1240 3338 1317 3402 tulit
1333 3338 1365 3401 in
1385 3337 1593 3416 Bethaniam,
1610 3341 1641 3404 in
1659 3341 1762 3407 domo
1792 3344 1838 3409 le·

482 3440 570 3524 prosi
587 3441 683 3524 ungit
699 3452 799 3525 caput
813 3442 897 3506 lesu.
908 3442 954 3506 Et
964 3443 1044 3525 quid
1061 3442 1176 3506 dicunt
1192 3440 1238 3505 illi
1254 3442 1310 3526 qui
1326 3441 1566 3524 indignantur?
1582 3445 1706 3525 Potuit,
1719 3447 1839 3532 inquit,

482 3544 679 3612 venumdari
692 3545 838 3610 trecentis
852 3545 1005 3610 detmriis.
1023 3543 1110 3628 Quia
1126 3545 1189 3622 hic,
1204 3545 1261 3627 qui
1273 3545 1336 3609 hoc
1354 3554 1526 3629 unguento
1541 3556 1660 3614 unctus
1676 3561 1738 3627 est,
1762 3572 1836 3616 cru·

481 3646 601 3712 cifixus
625 3657 685 3713 est
712 3649 872 3732 Legimus
898 3650 930 3712 in
962 3647 1092 3725 Genesi,
1117 3648 1195 3730 quia
1220 3646 1277 3710 illa
1303 3667 1388 3726 arca,
1414 3651 1604 3733 quaefacta
1636 3665 1686 3720 est
1715 3655 1840 3732 aNoe,
1859 3675 1889 3728 30

517 3871 544 3923 13
557 3859 733 3923 unguendum]
745 3857 831 3923 scripsi
842 3875 849 3918 3
862 3861 1020 3922 ungerentunr
1033 3870 1061 3922 χ.

527 4043 549 4083 ι.
567 4025 598 4084 r'n
612 4025 672 4084 alr'o
685 4023 841 4103 evarrgelr'o]
868 4025 939 4082 Luc.
957 4037 983 4095 7.
1001 4036 1037 4095 37
1064 4037 1127 4095 sqq.
1223 4020 1249 4077 8.
1266 4019 1337 4098 eius]
1354 4019 1410 4079 Iob
1431 4039 1473 4093 14,
1490 4039 1566 4098 asq.
1581 4019 1661 4099 iuxta
1675 4041 1715 4099 gr.

523 4123 548 4182 5.
560 4115 673 4183 peccata
685 4112 751 4184 sua]
768 4106 893 4165 Hieron.
910 4102 940 4164 in
957 4101 1063 4161 Matth.
1082 4103 1128 4173 26,
1223 4119 1248 4175 9.
1265 4101 1445 4180 excogitavit]
1463 4102 1518 4160 lob
1529 4122 1556 4174 4,
1577 4105 1611 4162 18
1631 4102 1709 4162 iuxta
1722 4121 1763 4180 gr.

482 4205 496 4261 7
516 4189 639 4248 ‘Nemo
654 4199 737 4265 putet
752 4187 891 4248 eamdem
907 4203 980 4256 esse,
995 4200 1073 4259 quae
1084 4199 1130 4240 su·
1225 4201 1236 4239 ι
1243 4201 1268 4256 3.
1284 4178 1469 4262 Xpr'sturert]
1489 4203 1499 4240 ι
1518 4183 1586 4244 Cor.
1607 4203 1651 4256 rr,
1668 4204 1710 4261 3.·

479 4287 532 4346 per
546 4281 635 4346 caput
650 4269 753 4330 alludit
784 4277 977 4344 unguentum,
1002 4275 1032 4324 et
1050 4281 1129 4339 quae
1198 4263 1201 4270 ’
1224 4281 1267 4336 ¹7·
1286 4264 1316 4321 in
1336 4264 1394 4322 altit
1414 4263 1482 4335 loco]
1497 4265 1584 4326 Conl.
1603 4267 1646 4326 Io.
1664 4285 1708 4339 ιι,
1722 4285 1749 4339 4.

479 4369 568 4428 super
583 4351 680 4428 pedes
701 4351 757 4410 Illa
770 4347 850 4418 enim
867 4361 896 4408 et
908 4345 1035 4407 lacrimis
1049 4344 1128 4404 lavat
1227 4348 1268 4402 18.
1285 4345 1509 4424 detrronstratur]
1520 4345 1606 4408 Idem
1621 4366 1709 4424 supra
1724 4366 1751 4425 p.
1769 4368 1835 4426 ¹90·

479 4443 508 4492 et
533 4433 614 4492 crine
639 4431 733 4509 tergit,
758 4443 787 4492 et
812 4428 968 4489 manifeste
993 4425 1130 4486 meretrix
1181 4425 1306 4501 l.1sqq.

478 4515 649 4590 appellatur.
682 4515 729 4573 De
758 4513 814 4571 hac
841 4521 941 4572 autem
970 4509 1042 4568 nihil
1071 4507 1130 4566 tale
1224 4508 1269 4564 26.
1287 4504 1471 4589 nonsr'nunt]
1489 4509 1559 4568 Luc.
1582 4529 1623 4582 ιι,
1641 4527 1687 4586 52.

479 4593 619 4670 scriptum
636 4607 688 4655 est.
709 4595 775 4654 Nec
790 4591 871 4653 enim
893 4601 1007 4669 poterat
1030 4587 1129 4648 statim
1222 4606 1268 4663 30.
1285 4587 1317 4646 r'n
1332 4589 1448 4670 Genese]
1464 4593 1491 4664 6,
1512 4610 1555 4667 13.

479 4678 577 4753 capite
593 4675 717 4736 Domini
732 4675 871 4736 meretrix
887 4673 978 4750 digna
993 4672 1054 4731 fieri
1070 4671 1085 4730 ¹.
