4158 5492
429 423 457 507 4
830 425 858 484 S.
883 421 1136 484 HIERONYMI
1160 422 1425 482 PRESBYTERI

431 650 540 719 nocte,
565 641 714 705 maxime
737 659 813 704 curn
842 640 932 704 dicat
963 639 1157 721 apostolus:
1183 643 1190 670 ‘
1219 638 1299 704 Sine
1326 637 1570 702 intermissione
1594 648 1727 704 orantes
1755 639 1789 703 'i

432 746 605 830 Numquid
622 765 663 809 eo
690 754 841 827 tempore
860 763 927 826 quo
952 742 1093 820 dormio,
1108 761 1203 807 orare
1223 743 1385 825 possum?
1411 742 1588 806 Meditatio
1604 761 1684 826 ergo
1707 743 1789 827 legis

431 871 498 917 non
517 851 549 914 in
567 849 710 933 legendo
732 856 793 924 est,
808 848 865 911 sed
885 846 918 909 in
936 845 1096 910 iaciendo.
1114 845 1268 928 Denique
1292 845 1414 909 dicitur
1429 845 1461 908 in
1478 845 1545 908 alio
1564 845 1660 911 loco:
1685 851 1694 880 ‘
1710 846 1787 912 Sive

433 955 653 1030 manducatis,
670 953 739 1018 sive
755 951 879 1028 bibitis,
895 951 963 1014 sive
976 951 1054 1034 quid
1073 950 1190 1028 iacitis,
1200 950 1314 1013 omnia
1324 949 1356 1013 in
1369 949 1503 1012 nomine
1514 948 1651 1013 Domini
1668 951 1788 1015 lacien-

431 1071 491 1126 tes.
509 1060 516 1087 ’
533 1059 570 1126 Si
588 1059 723 1142 porrigo
738 1055 959 1133 elimosinam,
986 1054 1093 1136 legem
1111 1053 1175 1117 Dei
1194 1053 1355 1118 meditor:
1381 1053 1408 1115 si
1436 1061 1666 1136 aegrotantem
1682 1053 1790 1131 visite,
1825 1075 1839 1127 5

433 1167 536 1250 pedes
553 1163 617 1226 mei
636 1161 749 1244 legem
767 1159 831 1224 Dei
849 1159 1073 1224 meditantur:
1098 1159 1124 1221 si
1141 1177 1180 1222 ea
1196 1158 1282 1222 lacio
1297 1177 1382 1241 quae
1399 1167 1577 1242 praecepta
1596 1167 1683 1237 sunt,
1698 1158 1787 1242 quod

432 1269 487 1334 alii
505 1289 562 1333 ore
591 1267 805 1341 meditantur,
821 1282 885 1345 ego
911 1282 1048 1345 corpore
1065 1263 1216 1327 meditor.
1235 1262 1349 1326 Iudaei
1373 1262 1473 1345 igitur
1488 1282 1545 1326 ore
1566 1263 1788 1328 meditantur:

432 1383 546 1438 nostra
564 1371 739 1436 meditatio
763 1387 849 1452 opus
874 1377 932 1431 est
949 1367 1048 1431 Dixit
1071 1367 1172 1450 igitur
1194 1367 1257 1430 tria
1284 1386 1369 1449 quae
1396 1365 1503 1430 lacere
1528 1385 1594 1430 non
1619 1366 1789 1447 debemus,

431 1476 519 1540 dixit
536 1475 604 1538 duo
620 1493 705 1557 quae
722 1471 829 1536 iacere
846 1470 1050 1536 debeamus:
1066 1470 1122 1554 qui
1146 1471 1209 1534 hoc
1230 1470 1353 1549 iecerit,
1370 1469 1507 1552 praemii
1524 1469 1605 1552 quid
1624 1475 1788 1535 meretur?

474 1576 522 1641 Et
541 1577 606 1640 erit
620 1586 789 1659 tamquam
806 1573 944 1656 lignani,
963 1573 1052 1656 quod
1058 1573 1247 1656 plantatum
1269 1583 1317 1636 est
1332 1593 1423 1636 secus
1443 1573 1596 1638 decursus
1617 1597 1789 1658 aquarum,
1811 1597 1841 1633 ro

429 1681 517 1763 quod
520 1682 672 1761 fructum
688 1699 784 1743 suum
797 1679 891 1743 dabit
916 1677 950 1741 in
967 1687 1104 1760 tempore
1118 1697 1185 1756 suo,
1204 1678 1366 1760 etflrlium
1380 1677 1451 1742 eius
1471 1699 1533 1742 non
1548 1677 1672 1764 defluet.
1690 1679 1788 1745 Multi

430 1784 625 1868 simpliciter
641 1784 912 1866 interpretantur,
927 1791 961 1846 et
977 1782 1023 1846 ita
1040 1782 1176 1846 dicunt:
1201 1781 1383 1865 Quomodo
1399 1783 1527 1866 lignum
1553 1783 1580 1846 si
1597 1784 1786 1868 plantatum

431 1887 528 1952 luerit
556 1889 651 1952 iuxta
678 1906 791 1970 aquas,
807 1905 941 1951 necesse
967 1895 1018 1951 est
1042 1896 1079 1950 ut
1104 1887 1219 1964 vireat,
1233 1895 1267 1950 et
1291 1905 1357 1950 non
1382 1886 1533 1964 siccatur,
1557 1888 1635 1970 quia
1662 1887 1787 1952 habent

431 1993 559 2057 radices
575 1991 678 2075 ipsius
693 1991 869 2055 humorem
886 1992 975 2054 unde
991 1990 1127 2055 vivant:
1154 1991 1201 2054 sic
1217 1991 1419 2074 quicumque
1436 1989 1543 2074 legem
1566 1991 1630 2056 Dei
1646 1989 1787 2056 medita-

430 2106 492 2174 tur,
509 2097 580 2178 ipsa
609 2095 692 2179 legis
719 2095 893 2160 meditatio
914 2096 1060 2160 ¹virorem
1077 2096 1106 2158 ei
1133 2095 1211 2159 iacit
1233 2105 1266 2158 et
1294 2096 1407 2159 vitam.
1425 2094 1501 2159 Hoc
1526 2093 1573 2158 illi
1594 2094 1788 2179 simpliciter
1811 2115 1840 2168 ις

433 2201 714 2282 interpretantur:
739 2218 799 2263 nos
816 2207 927 2262 autem
944 2198 1148 2281 spiritalibus
1164 2198 1325 2281 spiritalia
1340 2210 1571 2282 conparantes,
1589 2210 1624 2265 et
1640 2201 1787 2284 legentes

432 2304 464 2368 in
495 2304 651 2387 paradiso
666 2304 854 2388 plantatum
883 2321 955 2365 esse
982 2302 1109 2386 lignum
1135 2303 1231 2381 vitae,
1255 2313 1289 2366 et
1316 2302 1443 2385 lignum
1471 2303 1629 2369 scientiae
1651 2304 1731 2368 boni
1754 2309 1788 2368 et

435 2407 522 2486 mali,
542 2418 575 2473 et
591 2407 718 2491 lignum
734 2408 823 2472 vitae
837 2406 901 2470 hoc
917 2404 1106 2489 plantatum
1122 2426 1194 2470 esse
1211 2407 1243 2471 in
1261 2408 1424 2489 paradiso,
1441 2417 1473 2471 et
1485 2408 1528 2472 de
1544 2409 1617 2490 ipso
1633 2407 1788 2491 paradiso

432 2513 546 2597 egredi
570 2513 696 2578 iontem
714 2514 770 2597 qui
787 2513 956 2578 dividatur
971 2515 1003 2578 in
1020 2524 1179 2598 quattuor
1195 2515 1396 2598 principia...
1417 2513 1576 2597 Legimus
1591 2526 1625 2581 et
1641 2517 1674 2581 in
1693 2515 1786 2582 Salo·

432 2637 541 2695 mone,
565 2617 591 2680 si
619 2617 671 2681 cui
702 2617 812 2701 placet
843 2617 962 2681 librum
994 2618 1146 2701 recipere,
1177 2618 1219 2680 de
1250 2617 1414 2701 sapientia
1444 2621 1533 2685 enim
1565 2622 1610 2686 ibi
1641 2620 1787 2706 loquitur
1807 2640 1841 2678 ao

429 2721 586 2804 (Xpistus
624 2720 687 2786 Dei
715 2721 819 2786 virtus
850 2730 883 2785 et
915 2721 979 2785 Dei
1011 2721 1210 2804 sapientia):
1244 2741 1325 2804 ergo
1359 2722 1415 2786 ubi
1448 2723 1608 2789 Salomon
1640 2724 1786 2809 loquitur

429 2824 600 2908 ‘Lignum
617 2825 705 2889 vitae
730 2833 782 2889 est
807 2826 964 2889 omnibus
988 2823 1335 2907 conprehendentibus
1358 2845 1432 2890 earn
1456 2825 1473 2903 ¹,
1497 2827 1541 2890 ibi
1565 2828 1608 2891 de
1622 2828 1788 2911 sapientia

429 2928 557 2993 dicitur.
586 2928 622 2994 Si
653 2938 765 2994 autern
802 2929 966 3012 sapientia
998 2929 1125 3010 lignum
1156 2928 1244 2992 vitae
1274 2938 1333 3007 est,
1365 2929 1530 3012 sapientia
1561 2940 1674 2995 autem
1715 2933 1787 3014 ipsa

462 3114 478 3161 4
481 3099 617 3164 facientes]
630 3099 695 3150 BGS
707 3099 754 3159 (ita
767 3099 873 3149 Hieron.
888 3115 928 3166 ep.
945 3109 999 3160 127,
1013 3115 1038 3148 n.
1052 3099 1092 3159 ql:
1096 3097 1200 3162 facietis
1212 3116 1239 3161 μ.
1333 3151 1336 3154 ,
1355 3100 1548 3163 selimosinam]
1563 3101 1627 3150 codd
1639 3117 1646 3160 ;
1663 3101 1787 3168 eleenrosy·

430 3197 490 3230 nam
504 3197 531 3244 μ.
634 3181 759 3246 Jrgr'tur]
771 3197 827 3230 vera
838 3181 870 3230 G.
975 3192 1002 3230 11
1016 3179 1109 3241 Mula]
1126 3180 1194 3229 mihi
1205 3197 1232 3240 μ.
1336 3194 1365 3230 12
1382 3183 1563 3245 clitadr'cunt]
1582 3184 1630 3249 qui
1647 3185 1738 3234 dr‘cunt
1757 3201 1785 3249 μ.

433 3271 461 3326 15
472 3263 591 3325 virorem]
605 3263 689 3327 pecs
701 3281 708 3324 ;
720 3264 829 3328 vigorem
842 3263 873 3312 G.
987 3275 1018 3311 20
1028 3262 1057 3311 de
1065 3261 1200 3326 sapientia]
1214 3261 1312 3325 pBCS;
1324 3263 1366 3312 dai
1372 3263 1496 3327 sapienta
1505 3265 1537 3314 G.
1680 3278 1711 3330 23
1723 3267 1788 3331 a'ptsa]

430 3343 481 3408 ipse
492 3345 520 3394 B.
1126 3339 1128 3344 ’

475 3479 498 3520 ι.
515 3456 669 3540 orantes]1
685 3460 789 3520 Thess.
808 3477 834 3537 5,
855 3477 898 3536 17.
1136 3461 1244 3519 libram
1266 3462 1385 3538 recipere
1406 3461 1413 3487 ’
1423 3482 1432 3535 3
1457 3461 1486 3520 in
1502 3461 1613 3524 Oseam
1637 3481 1663 3538 7,
1679 3467 1698 3524 8
1721 3484 1787 3542 sq:

471 3559 498 3613 4.
506 3539 660 3622 facientes]
680 3562 691 3601 1
710 3543 778 3604 Cor.
800 3561 843 3615 10,
862 3562 908 3618 31.
1138 3545 1145 3574 ‘
1161 3539 1253 3603 Unde
1266 3551 1296 3601 et
1312 3541 1340 3600 in
1353 3540 1428 3602 libro
1443 3543 1581 3616 Pastoris,
1593 3545 1787 3607 similemen

474 3626 518 3682 16.
531 3620 730 3705 conparantes]
744 3643 755 3682 1
774 3624 843 3685 Cor.
859 3644 884 3695 a,
905 3642 947 3700 13·
1129 3625 1227 3700 placet
1238 3624 1319 3682 illius
1333 3625 1620 3702 recipereleclr'rnrcm'
1634 3638 1690 3688 etc.
1704 3627 1787 3704 Quid

474 3724 517 3780 19.
534 3705 566 3764 in
581 3712 722 3780 quattuor
740 3700 901 3784 pn'ncrjor'a]
926 3706 1035 3765 (lenes.
1055 3725 1080 3776 2,
1136 3723 1214 3781 ergo,
1231 3703 1356 3780 inquies,
1369 3705 1577 3782 putandumne
1596 3718 1640 3767 est
1654 3705 1786 3770 divinam

430 3805 507 3861 9-10.
525 3785 669 3846 Periodus
695 3785 867 3862 imperfecta
888 3785 1081 3862 abrumpitur,
1137 3785 1364 3845 Proverbiorum
1387 3785 1593 3848 auctoritatem
1615 3787 1785 3850 indubium

430 3866 472 3926 uti
488 3885 576 3942 saepe
591 3866 700 3927 accidit
720 3867 749 3927 in
765 3865 926 3944 repentinis
948 3866 1082 3926 huiusce·
1136 3866 1202 3926 heic
1222 3866 1260 3925 ab
1283 3867 1471 3944 Hieronymo
1494 3867 1647 3928 revocari?
1668 3871 1786 3948 Nequa-

429 3946 512 4007 modi
537 3947 742 4008 orationibus:
768 3947 880 4027 quain
904 3967 935 4008 re
960 3959 1081 4025 apparet
1135 3967 1225 4024 quam
1251 3947 1324 4008 illud
1350 3948 1490 4024 equidem
1512 3950 1710 4013 crediderim:
1733 3953 1787 4013 sed

429 4028 535 4088 notarii
548 4029 701 4105 diligentia
716 4041 746 4090 et
761 4031 844 4090 fides.
1135 4048 1170 4089 ex
1205 4040 1339 4105 tempore
1367 4029 1493 4090 dicentis
1528 4032 1652 4093 fortasse
1684 4031 1787 4094 animo

473 4130 516 4186 19.
530 4112 665 4187 Legimus
677 4118 706 4168 et
714 4113 746 4170 in
757 4111 916 4184 Salomone,
925 4111 1010 4170 sicui
1016 4112 1082 4188 pla·
1133 4110 1288 4186 subrepsit,
1319 4129 1396 4187 quae
1426 4110 1465 4172 de
1494 4111 1615 4172 Christo
1642 4113 1786 4190 sapientia

427 4192 589 4250 cetlibrum
605 4189 736 4273 recipere]
753 4191 1023 4270 Hieronymianum
1039 4193 1081 4252 di·
1134 4192 1310 4267 proterenda
1336 4193 1425 4252 verba
1447 4203 1538 4264 erant,
1568 4194 1609 4254 ad
1631 4212 1710 4265 eum,
1733 4195 1785 4272 qui

428 4273 516 4332 cendi
532 4292 625 4348 genus
641 4274 781 4334 hocloco
802 4293 892 4334 nemo
912 4294 972 4333 non
992 4293 1080 4350 agno·
1134 4272 1285 4349 Sapientia
1313 4272 1481 4334 Salomonis
1506 4274 1579 4334 falso
1607 4276 1784 4350 inscribitur,

428 4365 498 4414 scet.
525 4355 626 4416 etad
650 4354 768 4415 'Furiam
793 4355 876 4431 epist.
904 4372 950 4433 54,
978 4377 1005 4414 n.
1026 4359 1079 4415 16:
1133 4353 1241 4413 librum
1257 4355 1412 4432 pertinere,
1428 4373 1496 4414 curn
1509 4373 1610 4417 revera
1625 4357 1700 4419 libro
1715 4361 1785 4420 Pro

429 4435 437 4472 ¹
453 4435 632 4512 Legimusin
646 4435 757 4509 Iudith,
773 4437 860 4496 simi
873 4445 969 4497 tarrren
984 4439 1082 4513 placet
1133 4434 1300 4495 verbiorum
1312 4435 1529 4497 contineantur.
1536 4439 1636 4516 Atque
1646 4439 1686 4500 ita
1696 4457 1784 4516 quae·

428 4519 558 4575 volumen
573 4519 692 4595 recipere
712 4521 738 4592 ';
760 4520 877 4580 Comm.
902 4519 931 4579 in
956 4519 1076 4580 Zachar.
1133 4517 1311 4576 stiuncularn
1328 4517 1413 4578 lacile
1427 4517 1558 4595 expediri
1574 4538 1691 4580 censeo.

432 4617 477 4670 12,
494 4618 533 4675 9:
559 4601 674 4661 ‘Unde
688 4611 718 4660 et
741 4599 892 4676 Sapientia
907 4619 985 4678 quae
998 4601 1078 4660 Salo
1175 4618 1220 4658 21.
1238 4595 1465 4679 Der'sapr'entin]
1484 4619 1495 4657 1
1514 4599 1582 4661 Cor.
1602 4619 1625 4674 r,
1644 4621 1689 4675 24·

430 4678 526 4740 monis
550 4678 725 4755 inscribitur,
751 4682 781 4740 si
794 4682 844 4740 cui
865 4691 961 4742 tuanen
982 4683 1080 4758 placet
1174 4676 1567 4761 aa.eam]Proverb.3,18.
