4112 5496
439 387 465 466 8
895 417 1048 479 sanem
1079 417 1333 478 munorum
1756 413 1791 497 [n

439 627 643 737 ptionem,
659 640 706 711 ut
728 631 861 740 patris
876 631 918 712 in
936 631 1086 733 filium,
1105 633 1256 716 medici
1279 633 1323 716 in
1340 646 1578 744 aegrotum,
1598 632 1792 744 magistri

439 765 483 847 in
504 765 765 877 discipulum
786 797 794 851 :
817 770 924 851 iram
945 783 1089 854 autem
1111 771 1375 882 patientibus
1398 771 1544 871 videri,
1568 799 1655 855 non
1676 770 1791 883 quod

441 905 561 987 Deus
582 904 780 989 emendet
813 906 958 993 iratus.
982 911 1051 992 Et
1080 911 1126 992 in
1145 910 1306 1019 surore
1324 936 1401 993 suo
1420 909 1694 994 conturbabit
1712 935 1788 992 eos.

440 1043 564 1127 Sicut
600 1043 642 1124 in
674 1043 858 1153 epistula
887 1046 941 1129 ad
975 1048 1208 1145 Romanos,
1244 1048 1520 1147 ‘Revelatur‚
1554 1047 1707 1158 inquit,
1732 1048 1793 1130 ira

441 1182 523 1264 Dei
547 1183 566 1280 ’‚
601 1193 647 1263 ut
668 1182 742 1292 qui
776 1211 870 1266 eam
895 1197 1120 1268 venturam
1153 1185 1421 1298 intellegunt,
1452 1185 1654 1270 studeant
1675 1185 1791 1269 devi-
1829 1213 1843 1264 s

438 1333 526 1404 tare
545 1349 553 1418 ;
576 1320 634 1402 ita
654 1331 696 1403 et
718 1321 761 1402 in
784 1323 994 1430 praesenti
1018 1323 1110 1406 loco
1127 1323 1312 1434 benigne
1329 1350 1414 1406 non
1430 1324 1502 1424 ait,
1523 1324 1683 1435 puniet,
1702 1323 1788 1424 sed,

438 1458 652 1568 turbabit:
675 1471 722 1541 ut
742 1458 905 1570 absque
926 1461 1088 1570 poeniS,
1112 1461 1185 1572 qui
1209 1461 1407 1544 turbatus
1442 1474 1518 1563 est,
1542 1461 1787 1572 corrigatur.

437 1596 653 1678 Dorrrr'nus
668 1597 788 1679 dr'rcit
802 1596 867 1679 od
881 1625 947 1681 me
962 1631 976 1680 .·
996 1599 1144 1682 Filius
1156 1626 1275 1682 otrus
1294 1626 1339 1684 es
1351 1606 1413 1700 tu,
1430 1627 1504 1710 ego
1518 1601 1644 1684 hodie
1657 1602 1794 1709 genui

438 1739 488 1816 te.
526 1736 684 1817 ‘Iesus
709 1735 894 1846 Xpistus
925 1748 990 1819 est
1021 1737 1109 1820 heri
1144 1751 1185 1821 et
1219 1738 1346 1822 hodie
1381 1739 1492 1820 etin
1525 1751 1746 1820 aeternum
1769 1738 1787 1820 ’.

441 1872 569 1954 Recte
582 1883 725 1954 autem
748 1872 800 1972 ei,
816 1872 889 1982 qui
914 1885 1117 1957 natusest
1133 1876 1176 1958 in
1190 1888 1392 1987 tempore,
1416 1875 1573 1958 dicitur
1588 1903 1595 1958 :
1613 1875 1790 1958 Postulo
1814 1909 1846 1946 ιο

437 2037 465 2091 o
486 2037 563 2111 me,
586 2015 630 2091 et
648 2010 756 2093 dabo
785 2010 869 2092 tibi
889 2017 1042 2120 gentes
1060 2014 1346 2098 hereditatem
1377 2020 1513 2098 tuom.
1547 2017 1790 2124 Tamquam

437 2150 667 2259 oosfiguli
684 2151 930 2259 confringes
949 2178 1027 2235 eos.
1048 2152 1138 2235 Vas
1160 2153 1281 2263 figuli
1302 2165 1401 2236 ante
1422 2180 1552 2263 quam
1575 2153 1618 2235 in
1636 2166 1788 2236 testam

439 2289 565 2372 fuerit
599 2288 874 2389 obduratum,
913 2290 947 2372 si
981 2290 1226 2401 dissipetur,
1262 2291 1531 2374 reformabile
1565 2305 1640 2375 est.
1677 2291 1791 2402 Lege

442 2425 779 2510 Hieremiam.Si
797 2437 940 2508 autern
958 2427 1089 2510 semel
1107 2438 1217 2509 testa
1231 2427 1360 2510 fracta
1374 2428 1789 2540 sueritmequaquam

440 2567 482 2648 in
506 2567 721 2678 integrum
743 2563 943 2675 conpingi
968 2576 1118 2674 potest.
1136 2565 1299 2648 Verum
1319 2574 1452 2676 ‘quae
1465 2566 1579 2677 apud
1594 2566 1792 2650 homines
1814 2598 1846 2650 ¹5

439 2702 710 2813 inpossibilia
731 2714 844 2802 sunt,
870 2701 985 2812 apud
1010 2703 1153 2786 Deum
1185 2703 1420 2814 possibilia.
1438 2705 1794 2814 ’Adprehcndite

438 2839 726 2950 disciplinam,
745 2867 797 2922 ne
815 2841 987 2949 quondo
1002 2841 1229 2925 irascatur
1245 2845 1472 2927 Dominus.
1500 2844 1584 2926 Pro
1604 2870 1654 2926 eo
1674 2841 1790 2954 quod

439 2980 482 3062 in
502 3007 655 3091 graeco
676 2979 833 3062 dicitur
852 2997 996 3092 δράξασθε
1012 2997 1161 3081 παιδείας,
1185 2980 1229 3063 in
1251 2980 1434 3064 hebraeo
1454 2982 1613 3094 legitur
1629 3007 1791 3066 ⁴tttascu

439 3143 538 3221 ante,
553 3117 670 3229 quod
685 3117 951 3228 interpretari
970 3131 1121 3228 potest,
1139 3118 1327 3203 Adorate
1343 3119 1791 3230 filiun1.Apertissima

439 3255 583 3366 itaque
603 3254 657 3338 de
679 3255 838 3365 Xpisto
874 3255 1097 3364 prophetia
1116 3268 1193 3356 est,
1216 3269 1257 3339 et
1279 3255 1385 3340 ordo
1416 3260 1653 3369 praecepti:
1674 3257 1793 3341 Ado-
1812 3287 1850 3323 ²0

441 3407 528 3475 rate
555 3392 728 3493 Filium,
752 3419 805 3474 ne
826 3393 933 3476 forte
955 3393 1161 3476 irascatur
1192 3394 1422 3495 Dominus,
1446 3393 1527 3478 hoc
1555 3408 1621 3478 est
1653 3398 1789 3480 Pater.

439 3530 507 3610 Et
517 3529 714 3639 percotis
733 3530 785 3610 de
803 3531 877 3612 vio
898 3536 1025 3612 rocio.
1054 3530 1202 3613 Iudaei
1225 3532 1327 3642 quia
1355 3534 1585 3616 noluerunt
1614 3534 1792 3617 adorare

444 3667 617 3768 Filium,
642 3667 777 3750 iratus
798 3681 863 3749 est
883 3667 945 3749 eis
965 3669 1195 3770 Dominus
1215 3685 1256 3753 et
1273 3671 1489 3781 perierunt
1509 3670 1650 3754 devia
1668 3683 1789 3754 recta.

473 3873 570 3938 nquod
588 3872 667 3932 Deus]
687 3869 768 3939 Εΐβς
802 3873 956 3936 qualemn.
1058 3875 1207 3936 gerttnrdet]
1224 3875 1250 3926 in
1268 3876 1342 3926 litura
1361 3879 1391 3926 A.
1493 3877 1624 3938 iratus]in
1637 3892 1714 3940 marg.
1729 3891 1792 3925 oon,

439 3969 495 4004 cum
516 3955 584 4018 prius
603 3953 724 4019 scriptum
745 3953 829 4004 suisset
842 3955 930 4003 mttius
941 3955 971 4005 C.
1072 3958 1365 4027 cotrturbabt'IJEAM135
1398 3961 1510 4010 turbabit
1521 3959 1549 4012 C.
1651 3956 1793 4022 9Xpr'stus]

441 4037 480 4086 Ita
501 4045 645 4086 constanter
669 4037 741 4096 Mas,
765 4037 978 4101 quemadmodum
997 4039 1074 4088 etiam
1094 4037 1252 4090 scribendum
1274 4057 1328 4090 esse
1347 4041 1422 4091 docet
1443 4040 1554 4090 Isidorus
1574 4037 1791 4103 Etymologiarum

439 4119 483 4171 lib.
499 4121 520 4180 t,
535 4137 557 4170 c.
572 4130 602 4182 27
614 4121 646 4170 de
658 4120 854 4185 orthographia.
869 4121 935 4172 Nam
959 4122 1092 4187 ‘Xpistus¹
1113 4121 1203 4187 inquit,
1223 4122 1282 4187 quia
1301 4138 1418 4187 graecum
1439 4131 1485 4182 est,
1507 4137 1551 4187 per
1568 4121 1593 4170 Χ
1604 4118 1763 4170 scribendum
1777 4114 1793 4167 '.

443 4203 587 4264 iudicitur]
599 4200 713 4270 (ΞΑΜβς
745 4203 856 4265 ditmar]
870 4204 899 4253 E.
986 4204 1016 4253 16
1027 4205 1168 4268 possibilia]
1181 4207 1232 4254 ΑΜ
1245 4205 1302 4254 add.
1316 4211 1385 4255 sunt.
1472 4215 1500 4266 17
1513 4201 1664 4268 mquomio]
1677 4195 1795 4266 ΕΑΜβ;

440 4285 583 4350 nesortcC.

443 4465 502 4502 non
519 4455 578 4503 tam
595 4443 666 4503 iram
681 4464 746 4504 esse
767 4443 839 4503 itant
856 4444 922 4518 Dei,
939 4465 1029 4524 quam
1045 4465 1093 4508 ne·
1186 4466 1212 4523 9.
1234 4448 1306 4505 etin
1320 4441 1482 4526 aeternum]
1499 4444 1593 4504 Hebr.
1614 4463 1623 4502 t
1632 4465 1658 4519 3,
1675 4446 1702 4501 8.

442 4525 599 4585 cessariam
628 4526 917 4602 dispensationem...
956 4528 1093 4589 Medicus
1189 4549 1233 4600 14.
1257 4525 1450 4607 Hieremiam]
1472 4546 1514 4602 19,
1535 4545 1576 4583 11.

443 4617 487 4667 est
504 4608 595 4680 Deus,
612 4619 693 4682 pater
708 4618 752 4667 est
769 4609 850 4667 Deus
866 4611 872 4636 ’
887 4621 942 4668 etc.
1188 4613 1232 4668 16.
1252 4605 1413 4688 possibilia]
1431 4611 1501 4667 Luc.
1522 4610 1565 4678 18,
1585 4623 1629 4680 ²7·

485 4708 511 4760 4.
534 4689 576 4746 od
587 4684 748 4767 Romanos]
766 4709 790 4762 t,
809 4692 853 4748 18.
