4062 5504
694 409 739 465 1u
764 409 926 468 asamar
949 411 1003 481 vr,
1031 429 1085 486 1·7.
1490 421 1532 477 ιι
1542 417 1567 500 5

206 608 284 672 date
314 607 497 671 Dominum
523 608 566 671 de
588 607 699 686 caelis,
715 607 849 672 laudate
866 627 942 673 eum
960 610 992 672 in
1009 611 1162 676 excelsis.
1179 611 1333 675 Laudate
1349 631 1424 674 eum
1447 631 1566 675 omnes

206 711 317 794 angeli
334 713 415 788 eius,
426 711 562 774 laudate
575 731 650 775 eum
664 731 782 776 omnes
794 713 933 776 virtutes
946 713 1045 778 eius'
1063 714 1108 778 Et
1121 715 1238 798 utique
1249 716 1276 778 si
1290 715 1429 779 laudant
1445 718 1566 795 Deum,

205 827 357 882 sanctum
384 817 477 882 illum
510 835 583 878 esse
610 826 796 890 noverunt;
823 823 856 879 et
885 837 950 880 non
978 817 1085 880 solum
1119 817 1296 900 Seraphin,
1326 828 1363 883 ut
1390 829 1468 883 ante
1499 821 1563 883 iarn

204 921 362 998 diximus,
387 921 445 982 sed
474 919 588 983 omnia
615 939 700 1001 quae
725 918 865 983 laudant
894 919 1016 996 Deum,
1040 930 1193 986 sanctum
1222 932 1345 987 norunt
1370 943 1442 986 esse
1464 943 1563 1006 quem

154 1043 166 1094 5
205 1024 353 1088 laudant.
379 1023 512 1089 Scimus
538 1023 674 1106 quidem
703 1024 826 1087 multas
854 1044 926 1086 esse
951 1025 1143 1088 mansiones
1172 1027 1261 1108 apud
1282 1027 1512 1091 Patremtsed
1529 1028 1562 1090 in

204 1129 344 1211 singulis
362 1128 599 1202 mansionibus,
616 1128 712 1192 iuxta
730 1147 919 1191 mensuram
934 1147 1048 1192 eorum
1063 1129 1194 1212 quaein
1209 1129 1440 1194 mansionibus
1464 1130 1563 1194 variis

205 1242 464 1308 commorantur,
480 1232 544 1295 Dei
570 1232 731 1295 sanctitas
755 1231 966 1314 praedicatur
981 1253 988 1310 ;
1005 1234 1052 1297 ita
1069 1243 1105 1296 ut
1122 1231 1287 1315 Seraphin
1310 1235 1407 1297 iuxta
1424 1234 1562 1297 modum

205 1337 281 1399 fidei
298 1355 378 1399 suae
397 1336 506 1398 Deum
524 1335 670 1412 laudent,
686 1344 719 1399 et
732 1335 885 1400 noverint
897 1337 1124 1412 sanctitatem,
1135 1337 1231 1399 iuxta
1249 1357 1350 1418 quam
1364 1347 1397 1401 et
1410 1337 1561 1400 Archan-

204 1441 270 1521 geli
287 1450 320 1502 et
337 1439 462 1521 Angeli
478 1447 512 1502 et
527 1458 645 1501 omnes
663 1437 939 1501 administratorii
957 1439 1092 1520 spiritus
1110 1439 1249 1502 laudaut
1269 1449 1422 1504 sanctum
1441 1440 1561 1506 Deum.

153 1562 185 1598 ¹0
204 1545 304 1628 Quod
333 1545 360 1606 si
387 1543 506 1618 solum,
523 1543 619 1604 iuxta
636 1541 793 1622 Origenis
812 1561 965 1616 errorem,
984 1541 1082 1605 detur
1098 1541 1276 1625 Seraphin,
1293 1563 1374 1625 ergo
1390 1543 1562 1609 Gabriheli

202 1648 405 1730 archangelo
421 1658 454 1712 et
471 1645 652 1710 Michaheli
669 1654 702 1708 et
719 1646 846 1722 ceteris,
862 1646 918 1724 qui
936 1646 1076 1708 eandem
1099 1647 1131 1708 in
1150 1646 1309 1710 servitute
1327 1648 1390 1710 Dei
1407 1649 1562 1713 obtinent

202 1754 413 1834 dignitatem,
437 1751 579 1814 scientia
606 1748 750 1826 tolletur,
775 1757 808 1812 et
833 1751 919 1812 ratio
944 1749 1051 1812 laudis
1072 1750 1147 1826 Dei,
1169 1751 1303 1814 dicente
1326 1752 1432 1815 Paulo
1452 1776 1458 1816 :
1475 1751 1561 1816 ‘Sed

200 1855 389 1921 accessistis
416 1856 457 1918 ad
484 1854 565 1918 Sion
590 1860 750 1928 montem,
766 1862 799 1916 et
816 1853 986 1915 civitatem
1005 1853 1069 1915 Dei
1086 1854 1238 1931 viventis,
1256 1855 1468 1918 Hierusalem
1487 1877 1560 1919 cae·

200 1960 329 2035 lestem,
345 1966 379 2020 et
395 1957 576 2020 multorum
595 1956 722 2019 milium
740 1954 972 2037 frequentiam,
992 1965 1025 2019 et
1045 1956 1220 2020 ecclesiam
1244 1957 1487 2038 primitivorum
1505 1959 1560 2039 qui

148 2081 179 2133 ¹5
200 2063 313 2145 scripti
341 2069 419 2125 sunt
447 2062 479 2124 in
505 2060 639 2124 caelis'
667 2060 767 2143 Quod
794 2061 821 2122 si
846 2059 942 2122 iuxta
962 2060 1132 2143 Origenen
1151 2061 1223 2124 sola
1240 2060 1404 2143 Seraphin
1421 2061 1562 2125 laudant

200 2168 383 2250 prudenter
410 2165 531 2241 Deum,
547 2184 627 2246 ergo
654 2164 735 2226 haec
763 2163 877 2226 omnia
908 2163 1102 2245 insipienter
1130 2173 1163 2227 et
1187 2163 1457 2228 irrationabiliter
1483 2184 1559 2228 eum

200 2271 336 2334 laudare
352 2269 520 2333 credenda
535 2277 621 2332 sunt.
639 2268 683 2330 Et
700 2268 873 2350 quomodo
886 2266 1060 2348 psalmista
1080 2268 1161 2331 dicit
1180 2291 1187 2332 :
1213 2267 1392 2350 ‘Hymnus
1404 2267 1560 2331 omnibus

200 2373 324 2437 sanctis
340 2373 410 2435 eius
423 2373 456 2435 ’?
472 2372 543 2435 Aut
561 2392 626 2454 qua
639 2369 761 2435 fiducia
774 2392 845 2447 nos,
860 2371 915 2453 qui
929 2371 1081 2434 homines
1094 2391 1220 2450 sumus,
1236 2372 1354 2435 Esaias
1368 2372 1409 2434 ad
1424 2372 1558 2435 laudem

201 2477 341 2540 Domini
367 2477 560 2539 cohortatur
582 2476 696 2538 dicens
712 2499 719 2538 ε
734 2479 742 2507 ‘
755 2474 909 2538 Laudate
930 2474 1126 2552 Dominum,
1144 2475 1288 2539 clamate
1305 2495 1427 2539 nomen
1445 2477 1514 2537 eius
1527 2475 1561 2538 Ῥ

142 2604 180 2640 20
203 2582 247 2644 Et
264 2599 392 2644 rursum
410 2581 441 2642 in
460 2582 578 2642 eodem
592 2579 772 2656 volumine,
787 2579 987 2642 Iudaeorum
999 2579 1207 2661 impietatem
1226 2599 1381 2661 arguens,
1393 2580 1560 2662 loquitur:

199 2689 206 2716 ⁸
223 2686 296 2748 Vae
313 2705 395 2767 gens
411 2685 593 2767 peccatrix,
609 2683 752 2766 populus
769 2683 888 2765 plenus
909 2682 1064 2765 peccatis,
1080 2703 1193 2746 semen
1212 2684 1350 2764 peccati,
1363 2681 1420 2744 filii
1433 2683 1537 2764 iniqui
1552 2703 1560 2762 3

198 2789 422 2871 dereliquistis
447 2788 643 2862 Dominum,
658 2797 691 2850 et
707 2787 749 2850 ad
771 2787 978 2850 iracundiam
998 2787 1203 2868 provocastis
1221 2785 1383 2850 Sanctum
1404 2785 1560 2851 israhel’

198 2893 275 2956 Hoc
291 2893 381 2973 quod
398 2891 497 2968 dixit,
513 2890 675 2954 Sanctum
695 2891 832 2966 Israhel,
852 2889 1032 2973 prudenter
1050 2890 1148 2966 dixit,
1163 2909 1205 2951 an
1223 2889 1462 2972 inprudenter?
1479 2890 1557 2952 Non

194 3007 278 3078 puto
301 2995 445 3077 aliquem
474 3004 543 3057 tam
572 3015 764 3069 vaesanunr,
780 3002 816 3056 ut
840 2995 963 3057 audeat
988 2994 1107 3068 dicere,
1127 2993 1326 3075 prophetam
1357 2993 1460 3057 stulte
1483 3013 1557 3055 san-

137 3121 172 3174 25
194 3109 286 3164 ctum
304 3099 489 3162 Dominum
515 3099 716 3180 praedicare.
733 3099 777 3161 Et
799 3099 831 3160 in
848 3098 914 3161 alio
934 3098 1008 3162 loco
1024 3099 1173 3161 eiusdem
1195 3097 1378 3179 prophetae
1395 3096 1557 3179 legimus:

193 3203 274 3268 ‘Sic
302 3203 382 3267 dicit
404 3203 573 3267 Dominus
600 3203 744 3267 Sanctus
774 3201 921 3265 Israhel:
946 3221 1022 3265 cum
1040 3221 1219 3264 conversus
1246 3201 1458 3284 ingemueris,
1477 3209 1557 3266 tunc

227 3374 540 3440 8quam1a,proqrrem?
620 3385 646 3423 ιι
659 3373 755 3434 celeris]
765 3373 857 3422 caeteri
867 3372 897 3422 C.
976 3371 1282 3435 abtimnt10ptr'ncntCa.
1359 3371 1518 3438 arsilir]fi11'
1529 3388 1553 3422 α.

236 3529 261 3565 2.
278 3505 351 3588 eius]
367 3509 415 3568 Ps.
435 3508 501 3580 148,
522 3527 533 3564 1
551 3525 597 3582 sq.
897 3505 1038 3574 peccari...
1048 3504 1430 3582 provocastri.Respondeo
1441 3503 1554 3565 crimen

236 3606 259 3663 5,
278 3591 360 3666 apud
371 3585 507 3668 Patrem]
524 3589 570 3649 Cf.
588 3589 633 3649 Io.
656 3609 699 3662 14,
719 3609 742 3646 2.
900 3585 986 3645 facile
1008 3586 1159 3646 transferri
1175 3585 1308 3662 possein
1325 3584 1486 3657 librarium,
1502 3588 1554 3663 qui

238 3668 691 3751 10.1'uxla0rr'gcnr'scrrarem]
719 3669 845 3728 Hieron.
901 3679 967 3744 post
986 3670 1172 3744 peccatrix...
1196 3669 1300 3744 plenus
1318 3669 1440 3744 peccaui
1465 3667 1554 3727 tertio

193 3752 289 3828 Epist.
321 3755 369 3828 96,
398 3769 432 3825 17
463 3763 492 3812 et
521 3752 611 3813 Cont.
641 3754 709 3811 Rul.
739 3753 781 3824 Il,
813 3772 847 3810 ιο
899 3751 1023 3810 sortasse
1048 3750 1159 3826 peccati
1184 3748 1317 3825 posuerit
1343 3766 1396 3823 pro
1418 3749 1553 3824 pessima,

193 3838 295 3892 ‘iuxta
311 3835 451 3910 Origenis
475 3852 605 3894 errorem
618 3835 625 3862 ’
637 3855 646 3908 3
670 3835 724 3909 Ep.
743 3835 791 3907 98,
812 3854 845 3892 12
898 3833 981 3908 quod
993 3850 1095 3889 revera
1109 3831 1138 3890 in
1151 3831 1269 3890 Graeco
1282 3830 1390 3906 legitur
1401 3832 1552 3904 (πονηρόν).

194 3917 295 3974 ‘iuxta
310 3934 440 3975 errorem
456 3915 521 3975 eius
533 3915 561 3986 '3
580 3915 632 3991 Ep.
652 3918 699 3991 96,
718 3931 733 3990 5
749 3915 849 3972 ‘iuxta
902 3915 994 3972 Porro
1006 3911 1169 3972 lectionem
1180 3912 1359 3987 provocastis
1369 3913 1459 3972 etiarn
1472 3912 1554 3987 apud

191 3997 372 4056 sceleratum
388 3996 527 4071 Origenis
542 4014 671 4056 errorem
684 3999 690 4023 ’
706 4011 760 4055 etc.
900 3992 1435 4054 TertullianumetHilariumnotavit
1447 3995 1553 4052 Petrus

239 4097 283 4152 15.
300 4074 443 4157 incaelis]
460 4077 554 4137 Hebr.
576 4099 621 4150 η,
639 4098 675 4136 22
691 4097 735 4152 sq.
901 4074 1044 4146 Sabatier,
1061 4095 1078 4134 a
1093 4073 1204 4149 quibus
1220 4094 1287 4134 eam
1310 4075 1468 4135 Tractator
1490 4094 1555 4134 mu·

240 4163 283 4218 18.
300 4155 374 4238 cias]
392 4161 438 4218 Ps.
459 4160 524 4231 148,
545 4179 590 4231 14.
902 4155 976 4217 tuari
989 4155 1127 4231 potuerit.
1141 4155 1224 4230 Quid
1234 4157 1318 4232 quod
1330 4157 1394 4233 ipse
1406 4157 1554 4233 Hierony-

240 4261 284 4314 19.
302 4259 402 4298 namen
416 4238 489 4321 eius]
507 4242 545 4300 Is.
567 4261 610 4311 ιε,
627 4259 654 4312 4.
900 4257 966 4297 mus
983 4237 1032 4296 hic
1047 4236 1171 4313 quidem
1186 4235 1216 4296 'et
1228 4237 1258 4296 in
1269 4237 1308 4295 is.
1315 4239 1554 4315 papalusplcnrcs

238 4341 284 4381 aa.
302 4318 432 4401 Israhel]
449 4324 487 4382 Is.
502 4341 528 4394 1,
540 4340 566 4393 4.
581 4318 687 4397 Arguit
699 4318 765 4380 heic
775 4340 849 4397 quo·
896 4321 1024 4397 peccans,
1041 4317 1072 4378 in
1097 4321 1192 4377 Amos
1215 4337 1285 4378 vero
1309 4335 1337 4393 5,
1353 4339 1372 4390 4
1393 4338 1435 4394 sq.
1447 4321 1553 4395 plenas

195 4423 255 4480 que
282 4405 326 4462 Io.
349 4404 478 4463 Mercati
502 4402 704 4463 translationis
727 4401 849 4462 varieta-
899 4402 1007 4461 dclr'ctr‘s
1035 4419 1070 4460 ex
1100 4401 1185 4458 LXX
1214 4396 1318 4458 maluit
1346 4397 1553 4476 interpretari:

195 4497 268 4558 tem,
297 4503 365 4544 curn
403 4486 608 4561 Hieronymus
636 4486 718 4543 hunc
746 4486 847 4543 locum
900 4482 988 4559 igitur
1002 4481 1033 4541 in
1048 4480 1175 4542 dubium
1189 4479 1333 4554 deinceps
1349 4481 1552 4541 vocandaerit

197 4568 279 4626 iuxta
305 4567 390 4626 LXX
412 4566 610 4645 interpretans
635 4563 741 4626 dixerit
755 4585 847 4624 semen
899 4563 1023 4623 huiusce
1039 4562 1257 4624 Commentarii
1272 4560 1458 4621 auctoritas?

192 4651 386 4728 pessimum...
416 4649 636 4720 concitaverunt,
667 4665 728 4706 non
755 4666 846 4706 semen
