4060 5498
507 411 765 473 TRACTATUS
794 411 852 470 DE
881 410 1051 469 PSALMO
1083 411 1263 469 LXXXIII.
1525 424 1578 509 37

222 615 353 699 psalmi,
369 623 404 680 et
419 613 627 696 octogesimi,
642 621 676 678 et
692 611 891 694 octogesImi
907 612 996 676 tertii
1014 611 1144 694 psalmi,
1159 612 1223 678 hoc
1250 624 1301 680 est
1317 617 1423 696 istius,
1439 641 1499 702 pro
1515 629 1581 686 tor-

221 718 391 783 cularibus
408 725 669 800 praenotaretur.
681 716 876 780 Torcularia
889 735 970 797 ergo
986 715 1135 780 diximus
1151 718 1247 799 quasi
1264 718 1393 799 horrea,
1409 724 1442 786 in
1460 725 1581 807 quibus

221 821 334 904 fruges
351 822 583 886 recondantur.
602 821 790 886 Videamus
806 842 887 903 ergo
902 823 993 904 quud
1010 821 1101 887 dicit.

268 926 377 1006 Quam
393 926 507 991 dilecta
523 925 733 990 tabernacula
749 935 818 1003 tua,
832 926 974 989 Domine
989 925 1163 991 virtutum.
1182 927 1252 992 Ista
1269 949 1349 1012 ergo
1368 941 1448 996 sunt
1472 942 1580 998 torcu-

187 1057 202 1110 5
221 1031 311 1108 laria,
328 1032 360 1094 in
377 1031 498 1114 quibus
515 1031 719 1095 frumentum
736 1031 887 1114 spiritale
899 1032 1113 1096 condendum
1125 1041 1186 1098 est.
1200 1037 1208 1065 ‘
1220 1035 1334 1100 Facite
1347 1039 1443 1102 vobis
1454 1040 1580 1104 amicos

220 1136 263 1201 de
281 1155 438 1199 mamona
454 1135 648 1219 iniquitatis,
664 1137 722 1218 qui
739 1156 799 1199 vos
821 1136 983 1216 recipiant
1000 1137 1032 1199 in
1049 1145 1183 1200 aeterna
1201 1139 1417 1205 tabernacula
1432 1141 1448 1208 '.
1466 1143 1578 1227 Quam

220 1240 344 1304 dilecta
359 1240 574 1306 tabernacula
590 1252 658 1319 tua,
686 1243 834 1306 Domine
861 1242 1032 1306 virtutum.
1049 1242 1161 1324 Quam
1190 1243 1315 1310 dilecta
1339 1247 1580 1324 tarbernacula·‚

221 1365 281 1428 per
296 1365 382 1426 quae
398 1346 500 1410 homo
516 1347 558 1410 de
576 1356 662 1410 terra
673 1347 872 1411 transfertur
884 1347 927 1410 ad
940 1347 1080 1412 caelum.
1094 1347 1335 1431 Concupiscitet
1345 1349 1453 1432 deficit
1466 1352 1581 1416 anima

220 1470 292 1514 mea
307 1449 342 1512 in
353 1449 444 1513 atria
456 1451 602 1517 Domini.
616 1452 714 1516 Felix
728 1453 975 1534 istacogitatio‚
988 1473 1073 1535 quae
1089 1454 1207 1518 diebus
1218 1475 1257 1519 ac
1271 1455 1426 1520 noctibus
1441 1458 1579 1522 Domini

171 1581 204 1617 10
221 1552 390 1616 desiderat
406 1554 631 1620 tabernacula.
648 1556 715 1639 Qui
733 1564 890 1637 peccator
906 1565 966 1632 est,
981 1575 1058 1619 cum
1087 1577 1177 1620 mors
1202 1559 1341 1637 venerit,
1357 1581 1424 1625 non
1453 1563 1580 1643 cogitat

221 1655 264 1718 de
280 1657 352 1720 istis
368 1655 600 1737 tabernaculis,
616 1663 675 1724 sed
692 1661 734 1724 de
752 1660 887 1742 poenis:
905 1681 971 1724 non
989 1662 1179 1725 considerat
1198 1683 1300 1746 regna
1324 1665 1503 1746 caelorum,
1521 1672 1577 1733 sed

220 1759 394 1840 gehennae
410 1760 563 1828 flammas
580 1765 795 1847 pertimescit.
812 1763 1028 1846 concupiscit
1044 1774 1078 1828 et
1093 1763 1207 1830 deficit
1222 1769 1335 1832 anima
1352 1790 1427 1834 mea
1445 1770 1478 1832 in
1496 1772 1578 1833 atria

221 1869 368 1933 Domini.
396 1868 519 1933 Videte
544 1889 613 1951 quo
638 1887 751 1932 amore
778 1867 829 1929 vel
857 1888 923 1951 qua
950 1869 1223 1950 concupiscentia
1239 1874 1346 1938 sancti
1368 1875 1428 1937 viri
1448 1875 1577 1938 animus

220 1971 411 2036 vulneretur
428 1973 461 2035 in
478 1972 564 2036 atria
585 1971 733 2036 Domini.
752 1973 893 2038 Pulchre
908 1972 1016 2037 dixit:
1036 1992 1100 2054 ego
1116 1972 1205 2036 ostia
1231 1976 1416 2054 considero,
1432 1985 1466 2041 et
1490 1978 1580 2042 intus

171 2095 202 2153 ις
220 2078 342 2142 domus
358 2077 465 2160 qualis
481 2077 525 2141 sit
541 2077 665 2142 nescio.

266 2181 331 2250 Cor
343 2203 450 2246 meum
472 2191 505 2246 et
517 2203 591 2245 caro
605 2203 677 2246 mea
690 2181 920 2246 castraverunt
935 2180 971 2245 in
994 2181 1103 2246 Deum
1135 2181 1259 2249 vivum.
1287 2181 1388 2260 Audi,
1404 2182 1580 2262 haeretice,

219 2287 301 2369 qnid
317 2287 415 2350 dicat.
433 2286 544 2370 Quam
562 2285 685 2348 dilecta
700 2284 917 2349 tabernacula
933 2295 1000 2362 tua,
1016 2283 1164 2349 Domine
1187 2285 1373 2350 virtutum:
1398 2286 1440 2349 de
1469 2287 1579 2368 regnis

220 2390 388 2454 caelorum
405 2390 562 2474 loquitur.
579 2389 729 2453 ‘Multae
746 2390 935 2452 mansiones
952 2390 1041 2470 apud
1060 2390 1194 2452 Patrem
1213 2409 1324 2454 meum
1337 2389 1344 2416 '
1357 2390 1527 2456 Dominus
1545 2393 1576 2454 in

222 2493 397 2574 evangelio
413 2493 502 2556 dicit.
519 2491 737 2575 Concupiscit
753 2502 787 2558 et
803 2491 915 2560 deficit
931 2496 1044 2556 anima
1062 2511 1136 2556 mea
1153 2493 1185 2556 in
1204 2493 1288 2557 atria
1306 2493 1467 2562 Domini:
1494 2497 1577 2562 haec

167 2621 202 2658 ιο
220 2610 298 2662 sunt
315 2599 399 2662 atria
416 2599 448 2661 in
466 2599 586 2682 quibus
602 2601 709 2664 sancti
726 2601 759 2663 in
776 2610 950 2665 aeternum
963 2601 1174 2676 habitabunt,
1189 2619 1275 2683 quae
1301 2599 1463 2681 propheta
1490 2601 1577 2664 desi-

220 2705 324 2769 derat.
340 2703 407 2769 Cor
424 2724 535 2767 meum
552 2713 585 2767 et
600 2725 678 2768 caro
695 2723 779 2771 mea.
792 2706 925 2770 Videtis
941 2725 1022 2788 ergo
1036 2706 1127 2787 quod
1140 2713 1173 2768 et
1190 2704 1301 2767 anima
1318 2712 1352 2765 et
1362 2722 1440 2767 caro
1456 2705 1579 2786 pariter

220 2808 413 2874 desiderant
429 2829 530 2890 regna
547 2808 725 2873 caelorum.
741 2808 779 2874 Si
796 2819 908 2874 autem
936 2829 1015 2874 caro
1030 2809 1063 2871 in
1087 2828 1163 2872 aere
1178 2807 1381 2883 dissolvitur,
1401 2807 1428 2869 si
1445 2827 1511 2869 non
1529 2829 1577 2871 re·

219 2921 344 2995 surget,
360 2913 445 2976 sicut
467 2911 626 2976 haeretici
644 2923 772 2994 putant,
789 2914 962 2994 quomodo
977 2933 1055 2976 caro
1072 2910 1255 2994 prophetae
1278 2910 1447 2975 desiderat
1475 2931 1578 2992 regna

220 3017 416 3080 caelorum?
442 3015 509 3080 Cor
535 3035 646 3079 meum
669 3027 702 3080 et
724 3037 803 3080 caro
829 3037 926 3080 mea:
949 3017 1028 3098 quia
1052 3016 1177 3099 pariter
1193 3014 1438 3090 laboraverunt,
1453 3014 1579 3096 pariter

164 3140 199 3193 ²5
220 3129 403 3203 expectant
431 3120 694 3185 retributionem.
722 3121 758 3185 Si
784 3121 971 3184 communis
999 3121 1103 3197 labor,
1118 3139 1221 3202 quare
1245 3139 1317 3181 non.
1339 3137 1519 3182 commune
1535 3120 1578 3182 sit

220 3224 431 3304 praemium?
456 3223 606 3288 Obsecro
631 3246 689 3288 vos
706 3234 743 3288 ut
768 3245 844 3288 cum
873 3225 968 3288 venia
993 3223 1148 3289 audiatis.
1177 3223 1289 3304 Magis
1305 3220 1434 3285 laborat
1450 3243 1529 3286 caro
1544 3222 1577 3286 in

222 3328 390 3410 praesenti
411 3329 545 3392 saeculo
567 3348 668 3412 quam
689 3329 817 3393 anima:
833 3329 912 3410 qnia
928 3330 1041 3391 anima
1065 3329 1219 3410 imperat,
1242 3348 1320 3392 caro
1346 3326 1457 3391 servit.
1473 3325 1577 3389 Aliud

251 3463 523 3529 ztorrea1absquelt.
540 3468 569 3517 L.
672 3467 687 3518 8
696 3475 744 3533 prr
754 3468 829 3532 qnae]
839 3475 968 3532 perquem
981 3467 1011 3517 L.
1112 3465 1378 3532 8.12deſscit]desecit
1386 3466 1416 3516 L.
1517 3464 1580 3526 9ac]

220 3559 280 3596 tm.
294 3561 358 3596 corr.
371 3563 402 3597 ex
415 3563 450 3596 an
463 3548 492 3598 L.
597 3563 621 3598 11
631 3551 812 3614 poent'smnis
825 3551 855 3600 L.
958 3561 987 3598 12
1002 3550 1171 3613 Concupiscit]
1182 3551 1328 3615 concupivit
1343 3549 1392 3598 hoc
1409 3549 1466 3598 loco
1484 3547 1506 3598 L
1522 3563 1579 3596 cum

218 3629 298 3678 Psalt.
313 3629 389 3678 Rom.
492 3643 521 3691 14
532 3631 606 3692 ostia]
618 3632 699 3682 hostia
711 3632 741 3681 L.
845 3630 978 3695 19desicit]
995 3631 1083 3688 defecit
1103 3631 1133 3680 L.
1235 3629 1581 3694 25commune1communis

218 3709 465 3774 L,spostenerasa.
568 3723 598 3774 27
612 3713 868 3775 Aliud]dext1m.
884 3712 915 3772 L,
929 3713 1075 3777 procilius?

260 3830 287 3886 6.
315 3821 515 3908 tabernacula]
542 3831 613 3888 Luc.
635 3832 678 3902 16,
696 3850 722 3906 9.
740 3830 788 3891 Cf.
807 3831 871 3888 111²
924 3839 1027 3888 tamen
1042 3841 1249 3888 commeatum
1271 3837 1300 3887 et
1325 3824 1454 3902 spatium
1479 3835 1579 3900 postu·

219 3925 268 3982 70,
287 3929 322 3966 22
337 3912 344 3940 ‘
360 3909 422 3968 Ista
438 3923 508 3968 sunt
524 3911 692 3981 torcularia,
709 3912 747 3970 de
762 3912 871 3986 quibus
924 3913 1029 3970 lamus.
1049 3912 1119 3969 Hoc
1129 3921 1226 3970 totum
1238 3927 1331 3985 quare
1343 3904 1579 3982 facimusiQuia

217 3987 294 4049 dicit
308 4003 337 4048 et
352 3991 507 4050 Salvator:
523 3993 622 4050 Facite
636 3992 713 4050 vobis
727 3994 868 4051 anticos...
925 4001 1118 4066 peccatorum
1135 4011 1189 4050 nos
1212 3987 1397 4050 conscientia
1417 3989 1577 4048 remordet.

218 4072 434 4130 tobernomla'.
924 4073 1043 4134 Scimus
1066 4073 1157 4146 enim,
1184 4071 1255 4148 quia
1281 4070 1306 4130 si
1335 4071 1514 4131 recedamus
1539 4071 1578 4129 de

261 4173 288 4227 9.
304 4153 391 4212 Folia
409 4153 467 4212 ista
488 4149 631 4246 cogitatio]
645 4152 770 4214 Hieron.
784 4174 873 4232 supra
925 4173 1058 4230 corpore,
1075 4173 1135 4213 non
1152 4154 1229 4213 imus
1244 4155 1284 4213 ad
1297 4151 1459 4223 Christum,
1475 4151 1577 4210 sedad

220 4234 287 4291 111²
306 4253 371 4309 130,
396 4255 433 4293 20
450 4235 544 4296 ‘Una
562 4234 706 4312 cogitatio
728 4234 798 4296 felix
819 4247 872 4307 eet,
925 4237 1096 4314 gehennam
1108 4239 1122 4294 '.

218 4313 354 4390 cogitare
369 4318 408 4376 de
425 4316 560 4376 Domino
569 4319 584 4376 '.
972 4320 1015 4377 18.
1033 4314 1139 4397 orreum]
1157 4319 1201 4376 10.
1222 4335 1267 4387 14,
1286 4335 1310 4374 a.

265 4416 311 4458 ra.
330 4398 476 4474 gehennae
504 4399 649 4474 flammas
683 4397 873 4478 pertimescit]
970 4419 1015 4474 23.
1031 4391 1379 4476 sicutlraereticiputant]
1392 4395 1578 4473 origenistas

218 4479 323 4538 Tract.
350 4481 389 4538 de
415 4498 448 4553 ps
474 4496 560 4552 cxix,
585 4501 613 4557 p.
641 4483 742 4554 228,l.
764 4501 799 4556 19
824 4483 874 4541 ‘Si
928 4492 1020 4552 notat,
1049 4480 1092 4540 uti
1121 4489 1245 4556 apparet
1275 4498 1312 4539 ex
1347 4479 1438 4539 Libro
1473 4489 1578 4539 contra

219 4560 406 4636 octogenarii
436 4559 588 4633 fuerimus,
610 4562 751 4624 timemus
780 4563 875 4637 mori3
927 4563 1094 4622 Iohannem
1112 4561 1265 4621 Hierosol.
1282 4579 1311 4622 n.
1330 4580 1366 4636 ²3
1382 4577 1448 4637 sqq.

220 4639 249 4705 ai
280 4641 445 4703 centenarii
473 4662 577 4705 sumus
612 4657 641 4704 et
676 4654 873 4722 aegrotamus,
