4202 5492
618 442 873 507 TRACTATUS
896 445 954 505 DE
975 445 1144 508 PSALMO
1165 445 1284 508 XCIII.
1551 443 1632 530 129

272 661 376 726 duam
393 659 496 738 illam,
510 660 574 724 hoc
590 669 650 738 est,
666 680 751 744 quae
767 661 877 726 Deum
895 664 999 726 virum
1018 663 1139 728 habere
1162 662 1282 728 desivit
1309 662 1422 726 anima
1438 660 1630 744 peccunia.

272 763 419 827 Aduena
443 772 504 841 est,
519 765 576 847 qui
603 783 671 827 non
696 774 746 828 est
773 766 950 844 habitator,
976 768 1040 832 hoc
1064 780 1124 846 est,
1140 769 1196 851 qui
1224 787 1291 831 non
1318 767 1457 832 habitat.
1481 765 1542 830 ille
1569 764 1625 848 qui

273 888 379 950 nuper
406 870 603 944 crediderat,
621 879 756 950 repente
782 871 1028 936 scandalizatus
1053 873 1147 954 perit.
1164 871 1211 934 Et
1220 870 1361 952 pupillos
1375 869 1555 934 occiduunt
1567 889 1583 942 ,·
1598 877 1630 930 et

272 973 435 1044 denarraret.
450 973 527 1036 Non
544 971 666 1036 videbit
689 973 860 1040 Dominus.
882 975 1055 1053 Miramur,
1070 976 1096 1039 si
1125 974 1240 1059 pupilli
1268 975 1431 1052 dicuntur,
1448 973 1503 1038 ubi
1528 972 1629 1035 vidua

240 1092 255 1145 5
274 1081 351 1139 est?
376 1076 470 1141 Sicut
487 1076 576 1139 enim
594 1076 694 1138 vidua
710 1079 823 1141 anima
847 1080 1032 1159 peccatoris
1048 1087 1108 1154 est,
1123 1079 1171 1142 sic
1197 1079 1342 1162 pupillos
1369 1079 1443 1142 illos
1458 1079 1550 1155 dicit,
1571 1076 1628 1159 qui

274 1180 402 1260 patrem
419 1180 603 1243 amiserunt
619 1179 740 1242 habere
759 1180 878 1244 Deum.
889 1181 1106 1247 Etdixerunt.
1121 1181 1211 1265 Quid
1222 1184 1400 1248 dixerunt?
1412 1183 1490 1246 Non
1507 1180 1631 1246 uidebit

274 1282 447 1360 Dominus,
456 1303 510 1346 nec
524 1283 685 1364 intelleget
698 1283 788 1346 Dens
801 1284 902 1348 Iacob.
918 1286 994 1350 Hoc
1011 1287 1091 1349 dicit
1106 1287 1216 1350 omnis
1232 1288 1464 1371 quiobprimit
1479 1295 1622 1352 sanctos.

275 1387 346 1450 lllis
361 1387 550 1451 dicentibus
564 1387 676 1450 videte
693 1386 838 1468 Spiritus
853 1399 989 1453 sanctus
1002 1390 1081 1471 quid
1100 1391 1309 1472 respondeat
1703 1381 1706 1388 ⁴

317 1497 499 1580 Intellegite
511 1498 572 1580 qui
586 1497 770 1581 insipientes
788 1500 867 1564 estis
881 1501 916 1563 in
929 1500 1050 1582 papula,
1065 1510 1098 1564 et
1110 1501 1206 1565 stulti
1226 1499 1403 1584 aliquando
1422 1499 1532 1584 sapite.
1558 1497 1630 1576 Qui

227 1615 257 1652 ¹0
267 1603 438 1684 plantavit
457 1621 581 1674 aurem,
600 1621 663 1664 non
683 1602 827 1668 aulae?
846 1603 912 1686 Qui
942 1604 1061 1687 figulus
1085 1615 1145 1683 est,
1168 1607 1300 1688 ignorat
1327 1625 1385 1669 vas
1409 1609 1533 1669 suurn?
1560 1602 1628 1684 Qui

274 1707 376 1771 alium
404 1705 484 1770 iacit
511 1706 634 1782 audire,
662 1725 741 1789 ergo
767 1709 837 1789 ipse
863 1729 929 1772 non
955 1710 1094 1772 audiet?
1110 1708 1177 1792 Qui
1206 1707 1286 1772 mihi
1303 1708 1396 1772 dedit
1411 1707 1534 1784 oculos,
1549 1726 1630 1788 ergo

274 1813 345 1894 ipse
358 1829 425 1874 non
442 1810 559 1873 videt?
575 1808 642 1892 Qui
658 1819 840 1877 auctorest
857 1811 1106 1892 intellegentiae
1124 1831 1227 1886 meae,
1242 1812 1314 1894 ipse
1337 1832 1403 1876 non
1432 1810 1629 1893 intelleget?

275 1915 345 1978 Iste
375 1912 468 1978 locus
494 1915 653 1977 adversus
686 1935 745 1979 eos
772 1916 921 1979 maxime
947 1915 1035 1992 iacit,
1062 1918 1118 1998 qui
1146 1914 1517 1996 Anthropomorphitae
1542 1922 1630 1988 sunt,

274 2019 330 2100 qui
358 2019 473 2081 dicunt
500 2019 610 2082 Deum
639 2019 762 2082 habere
787 2020 937 2084 membra
976 2039 1063 2104 quae
1093 2021 1195 2083 etiam
1234 2037 1295 2081 nos
1324 2017 1496 2082 habemus.
1523 2016 1630 2081 Verbi

227 2132 256 2186 Ῑ5
274 2142 385 2200 causa,
410 2122 532 2186 dicitur
557 2121 651 2185 Deus
675 2122 797 2187 habere
824 2125 963 2188 oculos:
993 2123 1081 2188 oculi
1110 2121 1248 2185 Domini
1276 2123 1456 2203 respiciunt
1483 2115 1628 2187 omnini

275 2246 394 2290 manus
410 2226 475 2291 Dei
492 2225 572 2290 iacit
588 2225 708 2288 omnia
724 2231 732 2258 ‘
750 2228 794 2290 Et
810 2229 947 2304 audivit,
963 2229 1080 2308 inquit,
1091 2227 1203 2290 Adam
1217 2245 1336 2290 sonum
1352 2227 1475 2307 pedum
1490 2224 1628 2288 Domini

275 2329 522 2392 deambulantis
539 2331 571 2392 in
589 2329 745 2410 paradiso
761 2331 777 2394 '.
797 2331 891 2394 Haec
907 2332 1102 2413 simpliciter
1117 2329 1267 2406 audiunt,
1283 2341 1317 2394 et
1344 2331 1508 2394 humanas
1537 2330 1629 2394 inbe-

275 2432 431 2498 cillitates
457 2433 500 2497 ad
524 2433 588 2498 Dei
617 2431 900 2516 magnificentiam
926 2433 1080 2497 referunt.
1098 2434 1173 2516 Ego
1199 2443 1310 2498 autem
1326 2433 1403 2497 dico
1428 2434 1517 2515 quod
1536 2433 1629 2496 Deus

275 2545 368 2601 totus
392 2537 508 2601 oculus
533 2547 593 2614 est,
611 2547 703 2602 totus
728 2558 846 2602 manus
873 2547 934 2613 est,
950 2548 1040 2602 totus
1056 2557 1114 2620 pes
1129 2547 1188 2601 est.
1205 2537 1312 2600 Totus
1328 2536 1445 2599 oculus
1469 2547 1529 2612 est,
1552 2537 1629 2619 quia

225 2642 390 2706 200nrnia
421 2641 538 2718 videt;
570 2651 660 2704 totus
694 2661 812 2705 manus
836 2651 895 2718 est,
919 2641 998 2723 quia
1025 2641 1138 2705 omnia
1160 2647 1339 2722 operatur;
1367 2649 1458 2703 totus
1483 2658 1542 2721 pes
1568 2648 1630 2716 est,

274 2745 354 2827 quia
371 2745 494 2828 ubique
515 2755 575 2808 est.
592 2745 683 2827 Ergo
706 2746 817 2808 videte
840 2746 919 2826 quid
937 2745 1027 2808 dicat
1042 2767 1048 2808 :
1066 2744 1132 2828 Qui
1158 2743 1322 2826 plantavit
1348 2761 1472 2818 aurem,
1488 2760 1554 2805 non
1571 2761 1630 2805 au-

275 2851 370 2914 diet?
388 2850 464 2913 Non
481 2849 579 2925 dixit,
595 2847 662 2931 Qui
680 2848 843 2931 plantavit
860 2869 983 2926 aurem,
999 2869 1079 2932 ergo
1095 2850 1166 2930 ipse
1181 2866 1294 2911 aurem
1322 2865 1388 2909 non
1413 2845 1537 2910 habet?
1551 2846 1628 2910 Non

275 2953 373 3033 dixit,
390 2953 480 3035 Ergo
496 2951 567 3034 ipse
583 2953 698 3016 oculos
714 2973 780 3016 non
798 2953 917 3017 habet?
934 2953 1002 3019 Sed
1015 2955 1095 3035 quid
1111 2954 1221 3016 dixit?
1239 2951 1306 3034 Qui
1323 2949 1488 3032 plantavit
1504 2971 1628 3028 aurem,

276 3077 343 3120 non
359 3057 498 3122 audiet?
515 3057 571 3139 qui
590 3055 688 3121 finxit
704 3056 828 3133 oculos,
844 3076 910 3120 non
927 3058 1142 3121 considerat?
1160 3054 1313 3119 Membra
1329 3053 1415 3128 tulit,
1431 3052 1625 3118 efficientias

227 3172 258 3227 25
276 3159 379 3224 dedit.

323 3270 391 3351 Qui
408 3270 542 3354 corripit
552 3281 671 3354 gentes,
684 3291 746 3335 non
767 3273 917 3353 arguet?
932 3270 999 3354 Qui
1016 3271 1099 3335 alios
1115 3271 1223 3348 docet,
1239 3288 1319 3351 ergo
1335 3269 1405 3352 ipse
1422 3288 1488 3333 non
1508 3269 1627 3333 novit?

278 3375 349 3454 Qui
367 3375 455 3439 docet
474 3375 636 3439 lwrninern
657 3374 837 3439 scientiam.
861 3374 1075 3452 Subauditur,
1101 3394 1181 3457 ergo
1207 3376 1277 3459 ipse
1305 3396 1371 3440 non
1399 3375 1501 3441 habet
1526 3377 1630 3440 scien-

276 3480 386 3544 tiam?

311 3686 568 3750 thacert]SG;om.
584 3683 660 3753 βΗΒ.
760 3682 961 3751 animaliiadd.
974 3691 1016 3734 est.
1113 3685 1272 3747 4dicnntrrr]
1283 3686 1404 3736 ditantur
1414 3686 1440 3736 S.
1536 3685 1631 3747 ullus]

276 3767 378 3835 pinser.
391 3769 441 3819 kar.
545 3781 574 3832 13
587 3769 635 3817 Irte
646 3769 711 3816 locus
728 3783 805 3830 usque
824 3767 855 3816 ad
876 3768 950 3816 verba
961 3767 1104 3832 efficientias
1119 3768 1187 3817 ‹icdit
1208 3768 1273 3818 inira
1291 3770 1308 3818 l.
1323 3780 1354 3833 25
1372 3767 1460 3820 recitat
1478 3767 1633 3832 Augustinus

274 3867 315 3916 ep.
332 3849 386 3913 148,
399 3866 425 3900 n.
442 3862 479 3912 14.
580 3849 848 3915 Anthroparnerphitoa
859 3851 925 3914 Aug.
941 3848 956 3917 β
967 3868 974 3909 ;
986 3856 1088 3914 antrapo
1099 3849 1213 3914 (feriente
1224 3849 1250 3902 in
1261 3851 1346 3912 litura)
1358 3851 1379 3901 C
1389 3867 1397 3910 ;
1414 3849 1635 3914 ontrapieomarpiei

275 3933 293 3984 S
304 3950 312 3992 ;
322 3931 517 3996 antroplranrorſs
528 3931 548 3980 B
558 3949 565 3990 ;
577 3932 753 3996 antropomorfi
763 3931 794 3981 G.
899 3945 928 3993 14
940 3931 1060 3993 numbra]
1072 3933 1173 3982 retenire
1185 3933 1214 3982 C.
1329 3941 1357 3995 15
1368 3931 1585 3994 dr'cilur1dicatur
1597 3927 1612 3998 β
1624 3947 1632 3990 ;

274 4015 338 4064 ocri
351 4013 453 4063 dicam
463 4013 498 4062 H.
583 4009 808 4077 nuliiquiaaculi
819 4013 883 4078 Aug.
966 4013 1202 4075 arenialadarnrria
1213 4013 1240 4064 S.
1327 4011 1357 4060 16
1368 4013 1433 4075 Dei]
1446 4011 1554 4061 Domini
1564 4012 1630 4074 Aug.

266 4096 345 4162 facit]
348 4096 454 4162 sariunt
465 4093 498 4145 G.
566 4107 595 4144 21
609 4109 659 4144 non
670 4094 787 4155 eudicti]
799 4095 864 4159 Aug.
878 4093 937 4145 add.
961 4094 1152 4160 antqnistnxit
1162 4093 1464 4146 oculosnancoresiderati
1530 4091 1632 4142 aaNorr

274 4178 353 4240 aaa]
364 4178 401 4228 Et
412 4193 462 4227 nort
473 4177 497 4227 l.
511 4177 577 4240 Aug.
679 4189 708 4239 24
713 4174 895 4241 finxitlſsngit
907 4176 988 4226 HBC.

317 4379 342 4438 5.
355 4359 483 4438 pupilles
496 4358 560 4418 illas
573 4360 643 4418 dicit
655 4355 726 4440 ete]
751 4359 877 4420 Hieron.
895 4358 925 4418 in
978 4362 1004 4432 6,
1023 4378 1038 4435 7
1055 4379 1118 4438 sqq.
1137 4361 1195 4419 ‘In
1213 4361 1281 4421 Deo
1305 4369 1406 4420 autem
1429 4361 1524 4430 Patre,
1541 4367 1632 4434 caput

277 4445 346 4510 Ose.
366 4462 411 4514 14,
428 4460 443 4499 2
460 4459 523 4516 sqq.
543 4440 700 4517 ‘Pupillus
724 4453 826 4502 autem
842 4458 926 4500 voca·
978 4453 1007 4501 et
1022 4444 1113 4518 pedes
1129 4453 1157 4502 et
1172 4453 1271 4502 cetera
1295 4461 1373 4518 quae
1396 4439 1545 4511 dicuntur,
1569 4457 1629 4498 non

277 4537 331 4596 tur,
346 4523 397 4599 qui
415 4525 512 4581 Deum
528 4521 657 4598 perdidit
672 4533 784 4599 patrem
801 4523 816 4581 ’.
976 4533 1045 4580 sunt
1060 4523 1201 4594 membra,
1218 4524 1271 4584 sed
1294 4541 1463 4598 percorum
1486 4520 1630 4580 vocabula

320 4623 363 4680 17.
379 4606 410 4664 in
419 4597 574 4680 paradise]
590 4603 635 4663 Cf.
652 4603 729 4664 Gen.
746 4623 773 4680 3,
790 4605 816 4662 8.
977 4603 1200 4664 efficientiarum
1216 4603 1368 4664 diversitas
1384 4603 1531 4664 indicatur
1545 4604 1560 4661 '.

318 4705 363 4758 24.
379 4683 540 4758 efficientias
553 4680 644 4762 dedit]
659 4683 817 4744 Hieronin
832 4686 927 4744 Amos
1441 4709 1444 4714 Δ

326 4829 438 4872 memora
446 4826 598 4868 utranam
609 4827 653 4879 111,
665 4843 683 4870 a.
1533 4841 1556 4878 ¹⁷
