<?xml version="1.0" encoding="UTF-8"?>
<!DOCTYPE html PUBLIC "-//W3C//DTD XHTML 1.0 Transitional//EN"
    "http://www.w3.org/TR/xhtml1/DTD/xhtml1-transitional.dtd">
<html xmlns="http://www.w3.org/1999/xhtml" xml:lang="en" lang="en">
 <head>
  <title>
</title>
<meta http-equiv="Content-Type" content="text/html;charset=utf-8" />
  <meta name='ocr-system' content='tesseract 3.04.00' />
  <meta name='ocr-capabilities' content='ocr_page ocr_carea ocr_par ocr_line ocrx_word'/>
</head>
<body>
  <div class='ocr_page' id='page_1' title='image "./commentarioliin00morigoog/commentarioliin00morigoog_0186.png"; bbox 0 0 4158 5492; ppageno 0'>
   <div class='ocr_carea' id='block_1_1' title="bbox 647 429 1654 516">
    <p class='ocr_par' dir='ltr' id='par_1_1' title="bbox 647 429 1654 516">
     <span class='ocr_line' id='line_1_1' title="bbox 647 429 1654 516; baseline 0.004 -26"><span class='ocrx_word' id='word_1_1' title='bbox 647 429 902 492; x_wconf 76' lang='lat' dir='ltr'>TRACI&#39;ATUS</span> <span class='ocrx_word' id='word_1_2' title='bbox 926 430 983 489; x_wconf 84' lang='lat' dir='ltr'>DE</span> <span class='ocrx_word' id='word_1_3' title='bbox 1006 431 1174 493; x_wconf 89' lang='lat' dir='ltr'>PSALMO</span> <span class='ocrx_word' id='word_1_4' title='bbox 1196 432 1304 493; x_wconf 81' lang='lat' dir='ltr'>XIIII.</span> <span class='ocrx_word' id='word_1_5' title='bbox 1600 432 1654 516; x_wconf 81' lang='lat'>29</span> 
     </span>
    </p>
   </div>
   <div class='ocr_carea' id='block_1_2' title="bbox 246 645 1655 3866">
    <p class='ocr_par' dir='ltr' id='par_1_2' title="bbox 246 645 1655 3866">
     <span class='ocr_line' id='line_1_2' title="bbox 299 645 1655 735; baseline 0.004 -23"><span class='ocrx_word' id='word_1_6' title='bbox 299 648 361 726; x_wconf 82' lang='lat' dir='ltr'>tur,</span> <span class='ocrx_word' id='word_1_7' title='bbox 378 645 445 732; x_wconf 86' lang='lat' dir='ltr'>Qui</span> <span class='ocrx_word' id='word_1_8' title='bbox 467 647 652 731; x_wconf 81' lang='lat' dir='ltr'>ingreditur</span> <span class='ocrx_word' id='word_1_9' title='bbox 669 649 741 714; x_wconf 88' lang='lat' dir='ltr'>sioe</span> <span class='ocrx_word' id='word_1_10' title='bbox 760 647 900 715; x_wconf 91' lang='lat' dir='ltr'>macula.</span> <span class='ocrx_word' id='word_1_11' title='bbox 916 650 984 734; x_wconf 88' lang='lat' dir='ltr'>Qui</span> <span class='ocrx_word' id='word_1_12' title='bbox 1005 659 1117 716; x_wconf 91' lang='lat' dir='ltr'>autem</span> <span class='ocrx_word' id='word_1_13' title='bbox 1143 652 1336 735; x_wconf 78' lang='lat' dir='ltr'>Ingreditur,</span> <span class='ocrx_word' id='word_1_14' title='bbox 1361 653 1394 718; x_wconf 94' lang='lat' dir='ltr'>in</span> <span class='ocrx_word' id='word_1_15' title='bbox 1420 654 1473 718; x_wconf 88' lang='lat' dir='ltr'>via</span> <span class='ocrx_word' id='word_1_16' title='bbox 1498 663 1558 720; x_wconf 87' lang='lat' dir='ltr'>est.</span> <span class='ocrx_word' id='word_1_17' title='bbox 1587 653 1655 734; x_wconf 73' lang='lat' dir='ltr'>Qui</span> 
     </span>
     <span class='ocr_line' id='line_1_3' title="bbox 298 753 1653 843; baseline 0.005 -25"><span class='ocrx_word' id='word_1_18' title='bbox 298 753 487 838; x_wconf 78' lang='lat' dir='ltr'><em>ingreditur</em></span> <span class='ocrx_word' id='word_1_19' title='bbox 507 755 578 821; x_wconf 82' lang='lat' dir='ltr'>sine</span> <span class='ocrx_word' id='word_1_20' title='bbox 600 757 736 821; x_wconf 82' lang='lat' dir='ltr'>macula.</span> <span class='ocrx_word' id='word_1_21' title='bbox 751 755 875 820; x_wconf 88' lang='lat' dir='ltr'>Videte</span> <span class='ocrx_word' id='word_1_22' title='bbox 891 757 971 838; x_wconf 93' lang='lat' dir='ltr'>quid</span> <span class='ocrx_word' id='word_1_23' title='bbox 987 757 1196 840; x_wconf 88' lang='lat' dir='ltr'>praecipitur.</span> <span class='ocrx_word' id='word_1_24' title='bbox 1213 757 1292 822; x_wconf 91' lang='lat' dir='ltr'>Non</span> <span class='ocrx_word' id='word_1_25' title='bbox 1316 758 1413 836; x_wconf 82' lang='lat' dir='ltr'>dixit,</span> <span class='ocrx_word' id='word_1_26' title='bbox 1429 760 1486 843; x_wconf 92' lang='lat' dir='ltr'>qui</span> <span class='ocrx_word' id='word_1_27' title='bbox 1503 762 1653 842; x_wconf 82' lang='lat' dir='ltr'>pervenit</span> 
     </span>
     <span class='ocr_line' id='line_1_4' title="bbox 296 857 1650 945; baseline 0.003 -21"><span class='ocrx_word' id='word_1_28' title='bbox 296 860 340 924; x_wconf 90' lang='lat' dir='ltr'>ad</span> <span class='ocrx_word' id='word_1_29' title='bbox 358 858 457 925; x_wconf 88' lang='lat' dir='ltr'>finem</span> <span class='ocrx_word' id='word_1_30' title='bbox 483 862 555 925; x_wconf 87' lang='lat' dir='ltr'>sine</span> <span class='ocrx_word' id='word_1_31' title='bbox 581 857 736 942; x_wconf 87' lang='lat' dir='ltr'>macula;</span> <span class='ocrx_word' id='word_1_32' title='bbox 758 863 815 926; x_wconf 87' lang='lat' dir='ltr'>sed</span> <span class='ocrx_word' id='word_1_33' title='bbox 832 862 890 945; x_wconf 91' lang='lat' dir='ltr'>qui</span> <span class='ocrx_word' id='word_1_34' title='bbox 917 861 1026 926; x_wconf 92' lang='lat' dir='ltr'>adhuc</span> <span class='ocrx_word' id='word_1_35' title='bbox 1054 863 1086 926; x_wconf 91' lang='lat' dir='ltr'>io</span> <span class='ocrx_word' id='word_1_36' title='bbox 1114 863 1231 928; x_wconf 89' lang='lat' dir='ltr'>itinere</span> <span class='ocrx_word' id='word_1_37' title='bbox 1257 874 1316 941; x_wconf 89' lang='lat' dir='ltr'>est,</span> <span class='ocrx_word' id='word_1_38' title='bbox 1331 874 1365 930; x_wconf 91' lang='lat' dir='ltr'>et</span> <span class='ocrx_word' id='word_1_39' title='bbox 1391 864 1555 930; x_wconf 81' lang='lat' dir='ltr'><strong>maculam</strong></span> <span class='ocrx_word' id='word_1_40' title='bbox 1584 885 1650 928; x_wconf 89' lang='lat' dir='ltr'>oon</span> 
     </span>
     <span class='ocr_line' id='line_1_5' title="bbox 297 963 1639 1029; baseline 0.002 -2"><span class='ocrx_word' id='word_1_41' title='bbox 297 963 406 1029; x_wconf 90' lang='lat' dir='ltr'>babet.</span> <span class='ocrx_word' id='word_1_42' title='bbox 1637 979 1639 986; x_wconf 62' lang='lat'><strong>⁴</strong></span> 
     </span>
     <span class='ocr_line' id='line_1_6' title="bbox 266 1069 1649 1155; baseline -0.001 -20"><span class='ocrx_word' id='word_1_43' title='bbox 266 1079 280 1135; x_wconf 79' lang='grc'>5</span> <span class='ocrx_word' id='word_1_44' title='bbox 342 1069 462 1134; x_wconf 85' lang='lat' dir='ltr'>Dicere</span> <span class='ocrx_word' id='word_1_45' title='bbox 488 1071 608 1154; x_wconf 90' lang='lat' dir='ltr'>aliquis</span> <span class='ocrx_word' id='word_1_46' title='bbox 632 1081 779 1155; x_wconf 87' lang='lat' dir='ltr'>poterat:</span> <span class='ocrx_word' id='word_1_47' title='bbox 807 1075 884 1139; x_wconf 91' lang='lat' dir='ltr'>Non</span> <span class='ocrx_word' id='word_1_48' title='bbox 909 1075 1019 1140; x_wconf 88' lang='lat' dir='ltr'>habeo</span> <span class='ocrx_word' id='word_1_49' title='bbox 1046 1075 1220 1152; x_wconf 83' lang='lat' dir='ltr'>maculam,</span> <span class='ocrx_word' id='word_1_50' title='bbox 1236 1095 1303 1140; x_wconf 93' lang='lat' dir='ltr'>oon</span> <span class='ocrx_word' id='word_1_51' title='bbox 1332 1075 1393 1138; x_wconf 83' lang='lat' dir='ltr'>teci</span> <span class='ocrx_word' id='word_1_52' title='bbox 1420 1073 1554 1138; x_wconf 91' lang='lat' dir='ltr'>malum.</span> <span class='ocrx_word' id='word_1_53' title='bbox 1571 1072 1649 1136; x_wconf 91' lang='lat' dir='ltr'>Non</span> 
     </span>
     <span class='ocr_line' id='line_1_7' title="bbox 298 1173 1651 1262; baseline 0.001 -27"><span class='ocrx_word' id='word_1_54' title='bbox 298 1173 418 1238; x_wconf 84' lang='lat' dir='ltr'>sufficit</span> <span class='ocrx_word' id='word_1_55' title='bbox 431 1176 528 1240; x_wconf 87' lang='lat' dir='ltr'>nobis</span> <span class='ocrx_word' id='word_1_56' title='bbox 544 1176 668 1241; x_wconf 88' lang='lat' dir='ltr'>malum</span> <span class='ocrx_word' id='word_1_57' title='bbox 680 1197 747 1242; x_wconf 93' lang='lat' dir='ltr'>non</span> <span class='ocrx_word' id='word_1_58' title='bbox 764 1177 880 1257; x_wconf 83' lang='lat' dir='ltr'>iacere,</span> <span class='ocrx_word' id='word_1_59' title='bbox 896 1182 958 1246; x_wconf 91' lang='lat' dir='ltr'>nisi</span> <span class='ocrx_word' id='word_1_60' title='bbox 971 1181 1147 1246; x_wconf 80' lang='lat' dir='ltr'>fecerimus</span> <span class='ocrx_word' id='word_1_61' title='bbox 1162 1191 1197 1246; x_wconf 91' lang='lat' dir='ltr'>et</span> <span class='ocrx_word' id='word_1_62' title='bbox 1212 1181 1347 1246; x_wconf 90' lang='lat' dir='ltr'>bonum.</span> <span class='ocrx_word' id='word_1_63' title='bbox 1366 1181 1521 1262; x_wconf 78' lang='lat' dir='ltr'>Demque</span> <span class='ocrx_word' id='word_1_64' title='bbox 1543 1177 1651 1258; x_wconf 87' lang='lat' dir='ltr'>sequi·</span> 
     </span>
     <span class='ocr_line' id='line_1_8' title="bbox 297 1281 1650 1369; baseline -0.001 -26"><span class='ocrx_word' id='word_1_65' title='bbox 297 1289 359 1358; x_wconf 91' lang='lat' dir='ltr'>tur,</span> <span class='ocrx_word' id='word_1_66' title='bbox 375 1281 423 1346; x_wconf 87' lang='lat' dir='ltr'>Et</span> <span class='ocrx_word' id='word_1_67' title='bbox 435 1292 589 1366; x_wconf 78' lang='lat' dir='ltr'>operatur</span> <span class='ocrx_word' id='word_1_68' title='bbox 604 1282 777 1350; x_wconf 72' lang='lat' dir='ltr'>instituam.</span> <span class='ocrx_word' id='word_1_69' title='bbox 792 1283 916 1351; x_wconf 89' lang='lat' dir='ltr'>Videte</span> <span class='ocrx_word' id='word_1_70' title='bbox 940 1286 1020 1369; x_wconf 92' lang='lat' dir='ltr'>quid</span> <span class='ocrx_word' id='word_1_71' title='bbox 1037 1286 1127 1364; x_wconf 90' lang='lat' dir='ltr'>dicit,</span> <span class='ocrx_word' id='word_1_72' title='bbox 1149 1287 1194 1350; x_wconf 90' lang='lat' dir='ltr'>Et</span> <span class='ocrx_word' id='word_1_73' title='bbox 1212 1295 1369 1368; x_wconf 87' lang='lat' dir='ltr'>operatur</span> <span class='ocrx_word' id='word_1_74' title='bbox 1384 1285 1554 1350; x_wconf 86' lang='lat' dir='ltr'>iustitiam.</span> <span class='ocrx_word' id='word_1_75' title='bbox 1573 1281 1650 1344; x_wconf 91' lang='lat' dir='ltr'>Non</span> 
     </span>
     <span class='ocr_line' id='line_1_9' title="bbox 296 1383 1653 1474; baseline -0.002 -26"><span class='ocrx_word' id='word_1_76' title='bbox 296 1384 393 1464; x_wconf 77' lang='lat' dir='ltr'>deit‚</span> <span class='ocrx_word' id='word_1_77' title='bbox 407 1395 567 1470; x_wconf 80' lang='lat' dir='ltr'>operatur</span> <span class='ocrx_word' id='word_1_78' title='bbox 579 1385 768 1454; x_wconf 77' lang='lat' dir='ltr'>castitatem</span> <span class='ocrx_word' id='word_1_79' title='bbox 786 1411 868 1466; x_wconf 88' lang='lat' dir='ltr'>;non</span> <span class='ocrx_word' id='word_1_80' title='bbox 886 1391 983 1468; x_wconf 87' lang='lat' dir='ltr'>dlxit,</span> <span class='ocrx_word' id='word_1_81' title='bbox 999 1399 1155 1473; x_wconf 80' lang='lat' dir='ltr'>operatur</span> <span class='ocrx_word' id='word_1_82' title='bbox 1167 1391 1377 1474; x_wconf 87' lang='lat' dir='ltr'>sapientiam,</span> <span class='ocrx_word' id='word_1_83' title='bbox 1387 1397 1545 1474; x_wconf 77' lang='lat' dir='ltr'>operatur</span> <span class='ocrx_word' id='word_1_84' title='bbox 1561 1383 1653 1450; x_wconf 83' lang='lat' dir='ltr'>torti·</span> 
     </span>
     <span class='ocr_line' id='line_1_10' title="bbox 296 1490 1650 1577; baseline -0.003 -21"><span class='ocrx_word' id='word_1_85' title='bbox 296 1493 456 1558; x_wconf 89' lang='lat' dir='ltr'>tudinem.</span> <span class='ocrx_word' id='word_1_86' title='bbox 473 1495 518 1558; x_wconf 90' lang='lat' dir='ltr'>Et</span> <span class='ocrx_word' id='word_1_87' title='bbox 536 1493 619 1557; x_wconf 88' lang='lat' dir='ltr'>haec</span> <span class='ocrx_word' id='word_1_88' title='bbox 634 1493 772 1576; x_wconf 89' lang='lat' dir='ltr'>quidem</span> <span class='ocrx_word' id='word_1_89' title='bbox 789 1495 927 1560; x_wconf 88' lang='lat' dir='ltr'>virtutes</span> <span class='ocrx_word' id='word_1_90' title='bbox 942 1495 1095 1577; x_wconf 80' lang='lat' dir='ltr'>optimae</span> <span class='ocrx_word' id='word_1_91' title='bbox 1107 1503 1193 1558; x_wconf 89' lang='lat' dir='ltr'>sunt.</span> <span class='ocrx_word' id='word_1_92' title='bbox 1222 1495 1327 1560; x_wconf 87' lang='lat' dir='ltr'>Verbi</span> <span class='ocrx_word' id='word_1_93' title='bbox 1351 1501 1461 1571; x_wconf 84' lang='lat' dir='ltr'>cansa,</span> <span class='ocrx_word' id='word_1_94' title='bbox 1485 1490 1650 1576; x_wconf 85' lang='lat' dir='ltr'>sapientia</span> 
     </span>
     <span class='ocr_line' id='line_1_11' title="bbox 251 1596 1652 1682; baseline 0 -20"><span class='ocrx_word' id='word_1_95' title='bbox 251 1605 281 1643; x_wconf 89' lang='lat'>¹0</span> <span class='ocrx_word' id='word_1_96' title='bbox 296 1599 392 1662; x_wconf 92' lang='lat' dir='ltr'>nobis</span> <span class='ocrx_word' id='word_1_97' title='bbox 419 1599 564 1681; x_wconf 90' lang='lat' dir='ltr'>prodest,</span> <span class='ocrx_word' id='word_1_98' title='bbox 580 1596 742 1662; x_wconf 80' lang='lat' dir='ltr'>fortitudo</span> <span class='ocrx_word' id='word_1_99' title='bbox 769 1599 865 1664; x_wconf 89' lang='lat' dir='ltr'>nobis</span> <span class='ocrx_word' id='word_1_100' title='bbox 891 1601 1036 1682; x_wconf 87' lang='lat' dir='ltr'>prodest,</span> <span class='ocrx_word' id='word_1_101' title='bbox 1062 1608 1098 1664; x_wconf 91' lang='lat' dir='ltr'>ut</span> <span class='ocrx_word' id='word_1_102' title='bbox 1124 1600 1411 1682; x_wconf 84' lang='lat' dir='ltr'>persecutionibus</span> <span class='ocrx_word' id='word_1_103' title='bbox 1438 1601 1652 1678; x_wconf 89' lang='lat' dir='ltr'>resistamus;</span> 
     </span>
     <span class='ocr_line' id='line_1_12' title="bbox 295 1701 1651 1786; baseline 0.001 -20"><span class='ocrx_word' id='word_1_104' title='bbox 295 1703 416 1768; x_wconf 88' lang='lat' dir='ltr'>deinde</span> <span class='ocrx_word' id='word_1_105' title='bbox 443 1701 666 1784; x_wconf 86' lang='lat' dir='ltr'>temperantia</span> <span class='ocrx_word' id='word_1_106' title='bbox 696 1709 729 1764; x_wconf 89' lang='lat' dir='ltr'>et</span> <span class='ocrx_word' id='word_1_107' title='bbox 761 1701 896 1766; x_wconf 88' lang='lat' dir='ltr'>castitas</span> <span class='ocrx_word' id='word_1_108' title='bbox 929 1703 1025 1766; x_wconf 89' lang='lat' dir='ltr'>nobis</span> <span class='ocrx_word' id='word_1_109' title='bbox 1056 1703 1202 1785; x_wconf 88' lang='lat' dir='ltr'>prodest,</span> <span class='ocrx_word' id='word_1_110' title='bbox 1232 1722 1275 1768; x_wconf 90' lang='lat' dir='ltr'>ne</span> <span class='ocrx_word' id='word_1_111' title='bbox 1305 1705 1484 1786; x_wconf 82' lang='lat' dir='ltr'>perdamus</span> <span class='ocrx_word' id='word_1_112' title='bbox 1522 1706 1651 1770; x_wconf 89' lang='lat' dir='ltr'>animas</span> 
     </span>
     <span class='ocr_line' id='line_1_13' title="bbox 296 1804 1652 1892; baseline 0.004 -22"><span class='ocrx_word' id='word_1_113' title='bbox 296 1815 434 1872; x_wconf 88' lang='lat' dir='ltr'>nostras.</span> <span class='ocrx_word' id='word_1_114' title='bbox 451 1807 585 1871; x_wconf 88' lang='lat' dir='ltr'>Iustitia</span> <span class='ocrx_word' id='word_1_115' title='bbox 610 1804 681 1870; x_wconf 90' lang='lat' dir='ltr'>sola</span> <span class='ocrx_word' id='word_1_116' title='bbox 698 1826 821 1889; x_wconf 84' lang='lat' dir='ltr'>magna</span> <span class='ocrx_word' id='word_1_117' title='bbox 838 1807 941 1872; x_wconf 84' lang='lat' dir='ltr'>uirtus</span> <span class='ocrx_word' id='word_1_118' title='bbox 963 1817 1022 1883; x_wconf 90' lang='lat' dir='ltr'>est,</span> <span class='ocrx_word' id='word_1_119' title='bbox 1038 1816 1071 1872; x_wconf 92' lang='lat' dir='ltr'>et</span> <span class='ocrx_word' id='word_1_120' title='bbox 1089 1815 1195 1872; x_wconf 89' lang='lat' dir='ltr'>mater</span> <span class='ocrx_word' id='word_1_121' title='bbox 1217 1807 1378 1873; x_wconf 90' lang='lat' dir='ltr'>omnium.</span> <span class='ocrx_word' id='word_1_122' title='bbox 1396 1809 1497 1873; x_wconf 89' lang='lat' dir='ltr'>Dicat</span> <span class='ocrx_word' id='word_1_123' title='bbox 1513 1809 1652 1892; x_wconf 86' lang='lat' dir='ltr'>aliquis:</span> 
     </span>
     <span class='ocr_line' id='line_1_14' title="bbox 296 1909 1651 1996; baseline 0.001 -20"><span class='ocrx_word' id='word_1_124' title='bbox 296 1911 476 1996; x_wconf 84' lang='lat' dir='ltr'>Quomodo</span> <span class='ocrx_word' id='word_1_125' title='bbox 493 1912 619 1977; x_wconf 88' lang='lat' dir='ltr'>lustitia</span> <span class='ocrx_word' id='word_1_126' title='bbox 644 1909 749 1977; x_wconf 88' lang='lat' dir='ltr'>malor</span> <span class='ocrx_word' id='word_1_127' title='bbox 764 1919 815 1974; x_wconf 91' lang='lat' dir='ltr'>est</span> <span class='ocrx_word' id='word_1_128' title='bbox 831 1931 850 1974; x_wconf 93' lang='lat' dir='ltr'>a</span> <span class='ocrx_word' id='word_1_129' title='bbox 867 1911 983 1975; x_wconf 88' lang='lat' dir='ltr'>ceteris</span> <span class='ocrx_word' id='word_1_130' title='bbox 1000 1911 1200 1976; x_wconf 80' lang='lat' dir='ltr'>virtutibus?</span> <span class='ocrx_word' id='word_1_131' title='bbox 1218 1910 1357 1976; x_wconf 83' lang='lat' dir='ltr'>Ceterae</span> <span class='ocrx_word' id='word_1_132' title='bbox 1373 1913 1510 1978; x_wconf 87' lang='lat' dir='ltr'>virtutes</span> <span class='ocrx_word' id='word_1_133' title='bbox 1527 1913 1651 1979; x_wconf 86' lang='lat' dir='ltr'>haben-</span> 
     </span>
     <span class='ocr_line' id='line_1_15' title="bbox 296 2012 1651 2102; baseline 0.002 -21"><span class='ocrx_word' id='word_1_134' title='bbox 296 2027 362 2081; x_wconf 85' lang='lat' dir='ltr'>tem</span> <span class='ocrx_word' id='word_1_135' title='bbox 378 2015 548 2082; x_wconf 87' lang='lat' dir='ltr'>delectant</span> <span class='ocrx_word' id='word_1_136' title='bbox 563 2040 571 2082; x_wconf 75' lang='grc' dir='ltr'><em>τ</em></span> <span class='ocrx_word' id='word_1_137' title='bbox 586 2012 713 2081; x_wconf 87' lang='lat' dir='ltr'>iustitia</span> <span class='ocrx_word' id='word_1_138' title='bbox 730 2035 796 2078; x_wconf 93' lang='lat' dir='ltr'>non</span> <span class='ocrx_word' id='word_1_139' title='bbox 813 2014 959 2080; x_wconf 89' lang='lat' dir='ltr'>delectat</span> <span class='ocrx_word' id='word_1_140' title='bbox 975 2015 1165 2094; x_wconf 87' lang='lat' dir='ltr'>habentem,</span> <span class='ocrx_word' id='word_1_141' title='bbox 1181 2015 1238 2079; x_wconf 88' lang='lat' dir='ltr'>sed</span> <span class='ocrx_word' id='word_1_142' title='bbox 1256 2015 1346 2080; x_wconf 92' lang='lat' dir='ltr'>alios.</span> <span class='ocrx_word' id='word_1_143' title='bbox 1364 2017 1400 2082; x_wconf 91' lang='lat' dir='ltr'>Si</span> <span class='ocrx_word' id='word_1_144' title='bbox 1417 2019 1550 2102; x_wconf 90' lang='lat' dir='ltr'>sapiens</span> <span class='ocrx_word' id='word_1_145' title='bbox 1567 2039 1651 2095; x_wconf 84' lang='lat' dir='ltr'>sum,</span> 
     </span>
     <span class='ocr_line' id='line_1_16' title="bbox 251 2118 1650 2203; baseline 0.001 -20"><span class='ocrx_word' id='word_1_146' title='bbox 251 2127 279 2183; x_wconf 80' lang='grc' dir='ltr'>ι5</span> <span class='ocrx_word' id='word_1_147' title='bbox 295 2121 459 2203; x_wconf 86' lang='lat' dir='ltr'>sapientia</span> <span class='ocrx_word' id='word_1_148' title='bbox 476 2140 529 2184; x_wconf 88' lang='lat' dir='ltr'>me</span> <span class='ocrx_word' id='word_1_149' title='bbox 545 2119 691 2184; x_wconf 89' lang='lat' dir='ltr'>delectat</span> <span class='ocrx_word' id='word_1_150' title='bbox 708 2140 715 2196; x_wconf 87' lang='lat'><strong>;</strong></span> <span class='ocrx_word' id='word_1_151' title='bbox 731 2118 758 2181; x_wconf 90' lang='lat' dir='ltr'>si</span> <span class='ocrx_word' id='word_1_152' title='bbox 774 2139 847 2183; x_wconf 93' lang='lat' dir='ltr'>sum</span> <span class='ocrx_word' id='word_1_153' title='bbox 865 2119 967 2199; x_wconf 83' lang='lat' dir='ltr'>sortis,</span> <span class='ocrx_word' id='word_1_154' title='bbox 984 2139 1038 2184; x_wconf 88' lang='lat' dir='ltr'>me</span> <span class='ocrx_word' id='word_1_155' title='bbox 1052 2118 1198 2184; x_wconf 88' lang='lat' dir='ltr'>delectat</span> <span class='ocrx_word' id='word_1_156' title='bbox 1215 2119 1377 2185; x_wconf 83' lang='lat' dir='ltr'>tortitudo</span> <span class='ocrx_word' id='word_1_157' title='bbox 1394 2141 1490 2199; x_wconf 84' lang='lat' dir='ltr'>mea;</span> <span class='ocrx_word' id='word_1_158' title='bbox 1511 2123 1538 2185; x_wconf 88' lang='lat' dir='ltr'>si</span> <span class='ocrx_word' id='word_1_159' title='bbox 1557 2121 1650 2187; x_wconf 84' lang='lat' dir='ltr'>luero</span> 
     </span>
     <span class='ocr_line' id='line_1_17' title="bbox 295 2223 1650 2309; baseline 0.001 -21"><span class='ocrx_word' id='word_1_160' title='bbox 295 2235 413 2303; x_wconf 88' lang='lat' dir='ltr'>castus,</span> <span class='ocrx_word' id='word_1_161' title='bbox 429 2226 566 2290; x_wconf 89' lang='lat' dir='ltr'>castitas</span> <span class='ocrx_word' id='word_1_162' title='bbox 581 2245 655 2290; x_wconf 90' lang='lat' dir='ltr'>mea</span> <span class='ocrx_word' id='word_1_163' title='bbox 665 2223 793 2288; x_wconf 89' lang='lat' dir='ltr'>laetitia</span> <span class='ocrx_word' id='word_1_164' title='bbox 806 2243 880 2288; x_wconf 91' lang='lat' dir='ltr'>mea</span> <span class='ocrx_word' id='word_1_165' title='bbox 897 2233 946 2290; x_wconf 86' lang='lat' dir='ltr'>est</span> <span class='ocrx_word' id='word_1_166' title='bbox 960 2233 1122 2290; x_wconf 72' lang='lat' dir='ltr'>eceterum</span> <span class='ocrx_word' id='word_1_167' title='bbox 1142 2224 1267 2290; x_wconf 90' lang='lat' dir='ltr'>iustitia</span> <span class='ocrx_word' id='word_1_168' title='bbox 1279 2243 1344 2287; x_wconf 90' lang='lat' dir='ltr'>oon</span> <span class='ocrx_word' id='word_1_169' title='bbox 1357 2225 1492 2309; x_wconf 88' lang='lat' dir='ltr'>prodest</span> <span class='ocrx_word' id='word_1_170' title='bbox 1502 2225 1650 2303; x_wconf 87' lang='lat' dir='ltr'>babenti,</span> 
     </span>
     <span class='ocr_line' id='line_1_18' title="bbox 295 2327 1649 2414; baseline 0.001 -20"><span class='ocrx_word' id='word_1_171' title='bbox 295 2332 351 2394; x_wconf 89' lang='lat' dir='ltr'>sed</span> <span class='ocrx_word' id='word_1_172' title='bbox 368 2330 486 2395; x_wconf 89' lang='lat' dir='ltr'>ceteris</span> <span class='ocrx_word' id='word_1_173' title='bbox 504 2329 631 2393; x_wconf 89' lang='lat' dir='ltr'>miseris</span> <span class='ocrx_word' id='word_1_174' title='bbox 648 2346 714 2391; x_wconf 91' lang='lat' dir='ltr'>oon</span> <span class='ocrx_word' id='word_1_175' title='bbox 731 2327 940 2392; x_wconf 89' lang='lat' dir='ltr'>habentibus.</span> <span class='ocrx_word' id='word_1_176' title='bbox 958 2329 1026 2393; x_wconf 88' lang='lat' dir='ltr'>Fae</span> <span class='ocrx_word' id='word_1_177' title='bbox 1042 2329 1186 2414; x_wconf 87' lang='lat' dir='ltr'>aliquem</span> <span class='ocrx_word' id='word_1_178' title='bbox 1205 2348 1384 2413; x_wconf 87' lang='lat' dir='ltr'>pauperem</span> <span class='ocrx_word' id='word_1_179' title='bbox 1403 2330 1511 2394; x_wconf 86' lang='lat' dir='ltr'>rixam</span> <span class='ocrx_word' id='word_1_180' title='bbox 1525 2329 1649 2396; x_wconf 86' lang='lat' dir='ltr'>babere</span> 
     </span>
     <span class='ocr_line' id='line_1_19' title="bbox 295 2431 1651 2515; baseline 0.002 -19"><span class='ocrx_word' id='word_1_181' title='bbox 295 2453 369 2498; x_wconf 91' lang='lat' dir='ltr'>cum</span> <span class='ocrx_word' id='word_1_182' title='bbox 398 2433 499 2499; x_wconf 81' lang='lat' dir='ltr'>fratre</span> <span class='ocrx_word' id='word_1_183' title='bbox 524 2453 623 2512; x_wconf 86' lang='lat' dir='ltr'>meo;</span> <span class='ocrx_word' id='word_1_184' title='bbox 650 2431 702 2496; x_wconf 87' lang='lat' dir='ltr'>iac</span> <span class='ocrx_word' id='word_1_185' title='bbox 718 2431 853 2496; x_wconf 83' lang='lat' dir='ltr'>tratrem</span> <span class='ocrx_word' id='word_1_186' title='bbox 879 2452 990 2497; x_wconf 89' lang='lat' dir='ltr'>meum</span> <span class='ocrx_word' id='word_1_187' title='bbox 1016 2442 1188 2515; x_wconf 88' lang='lat' dir='ltr'>potentem</span> <span class='ocrx_word' id='word_1_188' title='bbox 1217 2452 1298 2512; x_wconf 89' lang='lat' dir='ltr'>esse,</span> <span class='ocrx_word' id='word_1_189' title='bbox 1320 2443 1354 2499; x_wconf 90' lang='lat' dir='ltr'>et</span> <span class='ocrx_word' id='word_1_190' title='bbox 1381 2433 1493 2512; x_wconf 90' lang='lat' dir='ltr'>alium,</span> <span class='ocrx_word' id='word_1_191' title='bbox 1508 2434 1573 2498; x_wconf 91' lang='lat' dir='ltr'>boc</span> <span class='ocrx_word' id='word_1_192' title='bbox 1600 2445 1651 2499; x_wconf 91' lang='lat' dir='ltr'>est</span> 
     </span>
     <span class='ocr_line' id='line_1_20' title="bbox 295 2536 1650 2622; baseline 0.002 -22"><span class='ocrx_word' id='word_1_193' title='bbox 295 2538 439 2602; x_wconf 87' lang='lat' dir='ltr'>alienum</span> <span class='ocrx_word' id='word_1_194' title='bbox 457 2558 476 2600; x_wconf 89' lang='lat' dir='ltr'>a</span> <span class='ocrx_word' id='word_1_195' title='bbox 494 2557 556 2615; x_wconf 89' lang='lat' dir='ltr'>me,</span> <span class='ocrx_word' id='word_1_196' title='bbox 572 2555 752 2620; x_wconf 89' lang='lat' dir='ltr'>pauperem</span> <span class='ocrx_word' id='word_1_197' title='bbox 780 2546 814 2600; x_wconf 91' lang='lat' dir='ltr'>et</span> <span class='ocrx_word' id='word_1_198' title='bbox 831 2536 986 2601; x_wconf 91' lang='lat' dir='ltr'>miserum</span> <span class='ocrx_word' id='word_1_199' title='bbox 1004 2537 1164 2620; x_wconf 86' lang='lat' dir='ltr'>obprimit</span> <span class='ocrx_word' id='word_1_200' title='bbox 1185 2559 1244 2621; x_wconf 92' lang='lat' dir='ltr'>per</span> <span class='ocrx_word' id='word_1_201' title='bbox 1262 2538 1447 2618; x_wconf 88' lang='lat' dir='ltr'>potentiam</span> <span class='ocrx_word' id='word_1_202' title='bbox 1461 2563 1469 2604; x_wconf 75' lang='grc' dir='ltr'><strong>ε</strong></span> <span class='ocrx_word' id='word_1_203' title='bbox 1485 2539 1650 2622; x_wconf 86' lang='lat' dir='ltr'>sapientia</span> 
     </span>
     <span class='ocr_line' id='line_1_21' title="bbox 248 2637 1650 2726; baseline 0.004 -25"><span class='ocrx_word' id='word_1_204' title='bbox 248 2656 279 2692; x_wconf 81' lang='lat'>20</span> <span class='ocrx_word' id='word_1_205' title='bbox 297 2659 369 2702; x_wconf 92' lang='lat' dir='ltr'>mea</span> <span class='ocrx_word' id='word_1_206' title='bbox 385 2640 465 2722; x_wconf 90' lang='lat' dir='ltr'>quid</span> <span class='ocrx_word' id='word_1_207' title='bbox 491 2640 626 2723; x_wconf 91' lang='lat' dir='ltr'>prodest</span> <span class='ocrx_word' id='word_1_208' title='bbox 653 2637 817 2721; x_wconf 83' lang='lat' dir='ltr'>pauperi?</span> <span class='ocrx_word' id='word_1_209' title='bbox 844 2637 1007 2703; x_wconf 81' lang='lat' dir='ltr'>tortitudo</span> <span class='ocrx_word' id='word_1_210' title='bbox 1031 2659 1105 2703; x_wconf 87' lang='lat' dir='ltr'>mea</span> <span class='ocrx_word' id='word_1_211' title='bbox 1127 2640 1206 2722; x_wconf 92' lang='lat' dir='ltr'>quid</span> <span class='ocrx_word' id='word_1_212' title='bbox 1231 2643 1366 2723; x_wconf 89' lang='lat' dir='ltr'>prodest</span> <span class='ocrx_word' id='word_1_213' title='bbox 1389 2641 1551 2726; x_wconf 84' lang='lat' dir='ltr'>pauperi?</span> <span class='ocrx_word' id='word_1_214' title='bbox 1576 2664 1650 2708; x_wconf 90' lang='lat' dir='ltr'>mea</span> 
     </span>
     <span class='ocr_line' id='line_1_22' title="bbox 295 2741 1648 2829; baseline 0.005 -26"><span class='ocrx_word' id='word_1_215' title='bbox 295 2743 430 2808; x_wconf 88' lang='lat' dir='ltr'>castitas</span> <span class='ocrx_word' id='word_1_216' title='bbox 444 2742 525 2825; x_wconf 92' lang='lat' dir='ltr'>quid</span> <span class='ocrx_word' id='word_1_217' title='bbox 539 2741 675 2824; x_wconf 88' lang='lat' dir='ltr'>prodest</span> <span class='ocrx_word' id='word_1_218' title='bbox 688 2741 845 2824; x_wconf 84' lang='lat' dir='ltr'>pauperi?</span> <span class='ocrx_word' id='word_1_219' title='bbox 863 2741 994 2806; x_wconf 89' lang='lat' dir='ltr'>Iustitia</span> <span class='ocrx_word' id='word_1_220' title='bbox 1005 2742 1152 2826; x_wconf 89' lang='lat' dir='ltr'>prodest,</span> <span class='ocrx_word' id='word_1_221' title='bbox 1162 2745 1240 2826; x_wconf 90' lang='lat' dir='ltr'>quia</span> <span class='ocrx_word' id='word_1_222' title='bbox 1252 2763 1318 2808; x_wconf 89' lang='lat' dir='ltr'>oon</span> <span class='ocrx_word' id='word_1_223' title='bbox 1333 2747 1461 2828; x_wconf 89' lang='lat' dir='ltr'>accipio</span> <span class='ocrx_word' id='word_1_224' title='bbox 1472 2767 1648 2829; x_wconf 89' lang='lat' dir='ltr'>personam</span> 
     </span>
     <span class='ocr_line' id='line_1_23' title="bbox 296 2843 1650 2928; baseline 0.006 -22"><span class='ocrx_word' id='word_1_225' title='bbox 296 2843 410 2925; x_wconf 79' lang='lat' dir='ltr'>fratris,</span> <span class='ocrx_word' id='word_1_226' title='bbox 437 2847 495 2910; x_wconf 91' lang='lat' dir='ltr'>sed</span> <span class='ocrx_word' id='word_1_227' title='bbox 522 2865 584 2928; x_wconf 92' lang='lat' dir='ltr'>pro</span> <span class='ocrx_word' id='word_1_228' title='bbox 608 2843 747 2908; x_wconf 89' lang='lat' dir='ltr'>veritate</span> <span class='ocrx_word' id='word_1_229' title='bbox 771 2843 891 2909; x_wconf 90' lang='lat' dir='ltr'>iudico.</span> <span class='ocrx_word' id='word_1_230' title='bbox 918 2844 1051 2910; x_wconf 91' lang='lat' dir='ltr'>lustitia</span> <span class='ocrx_word' id='word_1_231' title='bbox 1076 2864 1142 2909; x_wconf 91' lang='lat' dir='ltr'>non</span> <span class='ocrx_word' id='word_1_232' title='bbox 1171 2847 1263 2912; x_wconf 86' lang='lat' dir='ltr'>novit</span> <span class='ocrx_word' id='word_1_233' title='bbox 1289 2849 1434 2926; x_wconf 85' lang='lat' dir='ltr'>tratrem,</span> <span class='ocrx_word' id='word_1_234' title='bbox 1461 2870 1527 2914; x_wconf 91' lang='lat' dir='ltr'>oon</span> <span class='ocrx_word' id='word_1_235' title='bbox 1557 2852 1650 2914; x_wconf 88' lang='lat' dir='ltr'>novit</span> 
     </span>
     <span class='ocr_line' id='line_1_24' title="bbox 294 2948 1644 3037; baseline 0.004 -22"><span class='ocrx_word' id='word_1_236' title='bbox 294 2960 431 3035; x_wconf 89' lang='lat' dir='ltr'>patrem,</span> <span class='ocrx_word' id='word_1_237' title='bbox 446 2971 513 3016; x_wconf 90' lang='lat' dir='ltr'>non</span> <span class='ocrx_word' id='word_1_238' title='bbox 531 2951 624 3015; x_wconf 90' lang='lat' dir='ltr'>novit</span> <span class='ocrx_word' id='word_1_239' title='bbox 640 2957 780 3012; x_wconf 87' lang='lat' dir='ltr'>matrem</span> <span class='ocrx_word' id='word_1_240' title='bbox 795 2948 987 3026; x_wconf 88' lang='lat' dir='ltr'>;veritatem</span> <span class='ocrx_word' id='word_1_241' title='bbox 1001 2949 1102 3028; x_wconf 91' lang='lat' dir='ltr'>novit,</span> <span class='ocrx_word' id='word_1_242' title='bbox 1118 2970 1294 3032; x_wconf 90' lang='lat' dir='ltr'>personam</span> <span class='ocrx_word' id='word_1_243' title='bbox 1308 2973 1374 3017; x_wconf 91' lang='lat' dir='ltr'>non</span> <span class='ocrx_word' id='word_1_244' title='bbox 1386 2954 1521 3037; x_wconf 90' lang='lat' dir='ltr'>accipit,</span> <span class='ocrx_word' id='word_1_245' title='bbox 1534 2954 1644 3020; x_wconf 88' lang='lat' dir='ltr'>Deum</span> 
     </span>
     <span class='ocr_line' id='line_1_25' title="bbox 295 3050 1647 3138; baseline 0.004 -20"><span class='ocrx_word' id='word_1_246' title='bbox 295 3057 448 3123; x_wconf 88' lang='lat' dir='ltr'>imitatur.</span> <span class='ocrx_word' id='word_1_247' title='bbox 467 3055 645 3138; x_wconf 89' lang='lat' dir='ltr'>Propterea</span> <span class='ocrx_word' id='word_1_248' title='bbox 660 3051 748 3118; x_wconf 90' lang='lat' dir='ltr'>dixit</span> <span class='ocrx_word' id='word_1_249' title='bbox 765 3050 813 3114; x_wconf 89' lang='lat' dir='ltr'>Et</span> <span class='ocrx_word' id='word_1_250' title='bbox 820 3061 974 3134; x_wconf 82' lang='lat' dir='ltr'>operatur</span> <span class='ocrx_word' id='word_1_251' title='bbox 992 3051 1167 3132; x_wconf 86' lang='lat' dir='ltr'>iustitiam,</span> <span class='ocrx_word' id='word_1_252' title='bbox 1187 3074 1230 3119; x_wconf 91' lang='lat' dir='ltr'>ne</span> <span class='ocrx_word' id='word_1_253' title='bbox 1246 3056 1412 3122; x_wconf 88' lang='lat' dir='ltr'>videretur</span> <span class='ocrx_word' id='word_1_254' title='bbox 1435 3067 1562 3122; x_wconf 88' lang='lat' dir='ltr'>ceteras</span> <span class='ocrx_word' id='word_1_255' title='bbox 1584 3060 1647 3123; x_wconf 88' lang='lat' dir='ltr'>vir-</span> 
     </span>
     <span class='ocr_line' id='line_1_26' title="bbox 247 3156 1649 3244; baseline 0.002 -21"><span class='ocrx_word' id='word_1_256' title='bbox 247 3177 277 3231; x_wconf 85' lang='lat'>25</span> <span class='ocrx_word' id='word_1_257' title='bbox 295 3170 380 3224; x_wconf 92' lang='lat' dir='ltr'>tutes</span> <span class='ocrx_word' id='word_1_258' title='bbox 392 3159 582 3224; x_wconf 86' lang='lat' dir='ltr'>exclusisse.</span> <span class='ocrx_word' id='word_1_259' title='bbox 600 3156 666 3240; x_wconf 88' lang='lat' dir='ltr'>Qui</span> <span class='ocrx_word' id='word_1_260' title='bbox 684 3156 834 3220; x_wconf 89' lang='lat' dir='ltr'>irascitur</span> <span class='ocrx_word' id='word_1_261' title='bbox 850 3177 910 3240; x_wconf 91' lang='lat' dir='ltr'>pro</span> <span class='ocrx_word' id='word_1_262' title='bbox 926 3157 1061 3222; x_wconf 87' lang='lat' dir='ltr'>alterius</span> <span class='ocrx_word' id='word_1_263' title='bbox 1078 3158 1256 3242; x_wconf 78' lang='lat' dir='ltr'>refrigerio,</span> <span class='ocrx_word' id='word_1_264' title='bbox 1271 3162 1328 3244; x_wconf 91' lang='lat' dir='ltr'>qui</span> <span class='ocrx_word' id='word_1_265' title='bbox 1348 3162 1488 3226; x_wconf 90' lang='lat' dir='ltr'>aliorum</span> <span class='ocrx_word' id='word_1_266' title='bbox 1509 3164 1649 3227; x_wconf 88' lang='lat' dir='ltr'>miseriis</span> 
     </span>
     <span class='ocr_line' id='line_1_27' title="bbox 294 3261 1352 3340; baseline -0.006 -15"><span class='ocrx_word' id='word_1_267' title='bbox 294 3281 358 3327; x_wconf 90' lang='lat' dir='ltr'>oon</span> <span class='ocrx_word' id='word_1_268' title='bbox 375 3263 569 3340; x_wconf 91' lang='lat' dir='ltr'>delectatur,</span> <span class='ocrx_word' id='word_1_269' title='bbox 585 3263 647 3326; x_wconf 88' lang='lat' dir='ltr'>iste</span> <span class='ocrx_word' id='word_1_270' title='bbox 663 3261 769 3324; x_wconf 88' lang='lat' dir='ltr'>iustus</span> <span class='ocrx_word' id='word_1_271' title='bbox 785 3269 843 3323; x_wconf 89' lang='lat' dir='ltr'>est.</span> <span class='ocrx_word' id='word_1_272' title='bbox 1350 3335 1352 3340; x_wconf 23' lang='grc' dir='ltr'>Ι</span> 
     </span>
     <span class='ocr_line' id='line_1_28' title="bbox 337 3363 1648 3449; baseline 0.003 -19"><span class='ocrx_word' id='word_1_273' title='bbox 337 3366 497 3430; x_wconf 90' lang='lat' dir='ltr'>Dicamus</span> <span class='ocrx_word' id='word_1_274' title='bbox 512 3375 545 3429; x_wconf 89' lang='lat' dir='ltr'>et</span> <span class='ocrx_word' id='word_1_275' title='bbox 561 3373 670 3429; x_wconf 89' lang='lat' dir='ltr'>cetera</span> <span class='ocrx_word' id='word_1_276' title='bbox 685 3383 772 3446; x_wconf 90' lang='lat' dir='ltr'>quae</span> <span class='ocrx_word' id='word_1_277' title='bbox 787 3373 977 3446; x_wconf 88' lang='lat' dir='ltr'>sequuntur.</span> <span class='ocrx_word' id='word_1_278' title='bbox 998 3363 1067 3442; x_wconf 84' lang='lat' dir='ltr'>Qui</span> <span class='ocrx_word' id='word_1_279' title='bbox 1078 3366 1225 3449; x_wconf 86' lang='lat' dir='ltr'>loquitur</span> <span class='ocrx_word' id='word_1_280' title='bbox 1240 3369 1409 3432; x_wconf 84' lang='lat' dir='ltr'>veritatem</span> <span class='ocrx_word' id='word_1_281' title='bbox 1426 3371 1460 3434; x_wconf 81' lang='lat' dir='ltr'>iu</span> <span class='ocrx_word' id='word_1_282' title='bbox 1478 3371 1569 3434; x_wconf 85' lang='lat' dir='ltr'>corde</span> <span class='ocrx_word' id='word_1_283' title='bbox 1583 3393 1648 3435; x_wconf 86' lang='lat' dir='ltr'>suo.</span> 
     </span>
     <span class='ocr_line' id='line_1_29' title="bbox 296 3466 1649 3557; baseline 0.005 -25"><span class='ocrx_word' id='word_1_284' title='bbox 296 3469 392 3535; x_wconf 89' lang='lat' dir='ltr'>Multi</span> <span class='ocrx_word' id='word_1_285' title='bbox 408 3468 590 3553; x_wconf 88' lang='lat' dir='ltr'>loquuntur</span> <span class='ocrx_word' id='word_1_286' title='bbox 605 3468 778 3532; x_wconf 88' lang='lat' dir='ltr'>veritatem</span> <span class='ocrx_word' id='word_1_287' title='bbox 797 3468 829 3532; x_wconf 93' lang='lat' dir='ltr'>in</span> <span class='ocrx_word' id='word_1_288' title='bbox 847 3466 952 3545; x_wconf 90' lang='lat' dir='ltr'>labiis,</span> <span class='ocrx_word' id='word_1_289' title='bbox 968 3469 1026 3532; x_wconf 90' lang='lat' dir='ltr'>sed</span> <span class='ocrx_word' id='word_1_290' title='bbox 1044 3489 1110 3534; x_wconf 89' lang='lat' dir='ltr'>oon</span> <span class='ocrx_word' id='word_1_291' title='bbox 1127 3471 1160 3534; x_wconf 88' lang='lat' dir='ltr'>in</span> <span class='ocrx_word' id='word_1_292' title='bbox 1182 3473 1305 3551; x_wconf 88' lang='lat' dir='ltr'>corde;</span> <span class='ocrx_word' id='word_1_293' title='bbox 1330 3475 1386 3557; x_wconf 91' lang='lat' dir='ltr'>qui</span> <span class='ocrx_word' id='word_1_294' title='bbox 1402 3476 1557 3540; x_wconf 89' lang='lat' dir='ltr'>videntur</span> <span class='ocrx_word' id='word_1_295' title='bbox 1573 3496 1649 3540; x_wconf 87' lang='lat' dir='ltr'>vere</span> 
     </span>
     <span class='ocr_line' id='line_1_30' title="bbox 293 3571 1649 3658; baseline 0.004 -24"><span class='ocrx_word' id='word_1_296' title='bbox 293 3572 409 3649; x_wconf 88' lang='lat' dir='ltr'>dicere,</span> <span class='ocrx_word' id='word_1_297' title='bbox 420 3572 479 3638; x_wconf 89' lang='lat' dir='ltr'>sed</span> <span class='ocrx_word' id='word_1_298' title='bbox 491 3593 548 3638; x_wconf 87' lang='lat' dir='ltr'>cor</span> <span class='ocrx_word' id='word_1_299' title='bbox 563 3591 639 3637; x_wconf 91' lang='lat' dir='ltr'>cum</span> <span class='ocrx_word' id='word_1_300' title='bbox 656 3571 830 3637; x_wconf 90' lang='lat' dir='ltr'>labiisnon</span> <span class='ocrx_word' id='word_1_301' title='bbox 847 3583 1018 3636; x_wconf 90' lang='lat' dir='ltr'>consonat.</span> <span class='ocrx_word' id='word_1_302' title='bbox 1038 3572 1106 3652; x_wconf 81' lang='lat' dir='ltr'>Qui</span> <span class='ocrx_word' id='word_1_303' title='bbox 1120 3595 1181 3638; x_wconf 86' lang='lat' dir='ltr'>non</span> <span class='ocrx_word' id='word_1_304' title='bbox 1196 3575 1264 3657; x_wconf 81' lang='lat' dir='ltr'>egit</span> <span class='ocrx_word' id='word_1_305' title='bbox 1275 3575 1385 3640; x_wconf 87' lang='lat' dir='ltr'>dolum</span> <span class='ocrx_word' id='word_1_306' title='bbox 1397 3576 1431 3640; x_wconf 84' lang='lat' dir='ltr'>in</span> <span class='ocrx_word' id='word_1_307' title='bbox 1445 3575 1649 3658; x_wconf 75' lang='lat' dir='ltr'>linguosae:</span> 
     </span>
     <span class='ocr_line' id='line_1_31' title="bbox 246 3675 1648 3762; baseline 0.004 -22"><span class='ocrx_word' id='word_1_308' title='bbox 246 3703 279 3752; x_wconf 74' lang='lat'>30</span> <span class='ocrx_word' id='word_1_309' title='bbox 293 3675 348 3757; x_wconf 94' lang='lat' dir='ltr'>qui</span> <span class='ocrx_word' id='word_1_310' title='bbox 363 3676 453 3760; x_wconf 90' lang='lat' dir='ltr'>quod</span> <span class='ocrx_word' id='word_1_311' title='bbox 471 3683 582 3740; x_wconf 86' lang='lat' dir='ltr'>mente</span> <span class='ocrx_word' id='word_1_312' title='bbox 598 3675 762 3751; x_wconf 89' lang='lat' dir='ltr'>tractavit,</span> <span class='ocrx_word' id='word_1_313' title='bbox 778 3693 930 3738; x_wconf 89' lang='lat' dir='ltr'>sermone</span> <span class='ocrx_word' id='word_1_314' title='bbox 947 3676 1092 3757; x_wconf 88' lang='lat' dir='ltr'>protulit.</span> <span class='ocrx_word' id='word_1_315' title='bbox 1110 3677 1179 3740; x_wconf 86' lang='lat' dir='ltr'>Nec</span> <span class='ocrx_word' id='word_1_316' title='bbox 1184 3678 1272 3758; x_wconf 82' lang='lat' dir='ltr'>fecit</span> <span class='ocrx_word' id='word_1_317' title='bbox 1277 3680 1430 3762; x_wconf 76' lang='lat' dir='ltr'>proximo</span> <span class='ocrx_word' id='word_1_318' title='bbox 1441 3702 1499 3744; x_wconf 86' lang='lat' dir='ltr'>suo</span> <span class='ocrx_word' id='word_1_319' title='bbox 1515 3681 1648 3745; x_wconf 81' lang='lat' dir='ltr'>rnatum.</span> 
     </span>
     <span class='ocr_line' id='line_1_32' title="bbox 295 3775 1648 3866; baseline 0.005 -25"><span class='ocrx_word' id='word_1_320' title='bbox 295 3775 440 3860; x_wconf 87' lang='lat' dir='ltr'>Quidam</span> <span class='ocrx_word' id='word_1_321' title='bbox 457 3787 579 3862; x_wconf 86' lang='lat' dir='ltr'>putant</span> <span class='ocrx_word' id='word_1_322' title='bbox 595 3778 787 3860; x_wconf 88' lang='lat' dir='ltr'>proximum</span> <span class='ocrx_word' id='word_1_323' title='bbox 804 3797 875 3843; x_wconf 90' lang='lat' dir='ltr'>esse</span> <span class='ocrx_word' id='word_1_324' title='bbox 893 3778 1036 3855; x_wconf 80' lang='lat' dir='ltr'>tratrem,</span> <span class='ocrx_word' id='word_1_325' title='bbox 1051 3791 1110 3843; x_wconf 90' lang='lat' dir='ltr'>aut</span> <span class='ocrx_word' id='word_1_326' title='bbox 1125 3783 1282 3861; x_wconf 90' lang='lat' dir='ltr'>vicinum,</span> <span class='ocrx_word' id='word_1_327' title='bbox 1299 3793 1356 3847; x_wconf 87' lang='lat' dir='ltr'>aut</span> <span class='ocrx_word' id='word_1_328' title='bbox 1373 3795 1566 3866; x_wconf 84' lang='lat' dir='ltr'>cognatum,</span> <span class='ocrx_word' id='word_1_329' title='bbox 1590 3795 1648 3848; x_wconf 88' lang='lat' dir='ltr'>aut</span> 
     </span>
    </p>
   </div>
   <div class='ocr_carea' id='block_1_3' title="bbox 292 3979 1650 4292">
    <p class='ocr_par' dir='ltr' id='par_1_3' title="bbox 292 3979 1650 4292">
     <span class='ocr_line' id='line_1_33' title="bbox 328 3979 1646 4052; baseline 0.008 -24"><span class='ocrx_word' id='word_1_330' title='bbox 328 3991 336 4028; x_wconf 87' lang='grc'>1</span> <span class='ocrx_word' id='word_1_331' title='bbox 354 3979 406 4041; x_wconf 83' lang='lat' dir='ltr'>Qui</span> <span class='ocrx_word' id='word_1_332' title='bbox 416 3979 571 4043; x_wconf 79' lang='lat' dir='ltr'>ingreditur]</span> <span class='ocrx_word' id='word_1_333' title='bbox 582 3995 633 4029; x_wconf 89' lang='lat' dir='ltr'>om.</span> <span class='ocrx_word' id='word_1_334' title='bbox 643 3979 695 4030; x_wconf 90' lang='lat' dir='ltr'>SG.</span> <span class='ocrx_word' id='word_1_335' title='bbox 781 3981 907 4044; x_wconf 71' lang='lat' dir='ltr'>spueret]</span> <span class='ocrx_word' id='word_1_336' title='bbox 914 3981 1137 4046; x_wconf 67' lang='lat' dir='ltr'>poteritontest</span> <span class='ocrx_word' id='word_1_337' title='bbox 1146 3982 1173 4048; x_wconf 76' lang='grc' dir='ltr'>β,</span> <span class='ocrx_word' id='word_1_338' title='bbox 1257 4000 1273 4048; x_wconf 85' lang='grc'>9</span> <span class='ocrx_word' id='word_1_339' title='bbox 1285 3989 1410 4052; x_wconf 77' lang='lat' dir='ltr'>snpientia</span> <span class='ocrx_word' id='word_1_340' title='bbox 1422 4004 1448 4038; x_wconf 85' lang='lat' dir='ltr'>n.</span> <span class='ocrx_word' id='word_1_341' title='bbox 1460 3989 1567 4052; x_wconf 80' lang='lat' dir='ltr'>pratest]</span> <span class='ocrx_word' id='word_1_342' title='bbox 1581 3991 1646 4052; x_wconf 80' lang='lat' dir='ltr'>Aug.</span> 
     </span>
     <span class='ocr_line' id='line_1_34' title="bbox 293 4062 1646 4133; baseline 0.005 -22"><span class='ocrx_word' id='word_1_343' title='bbox 293 4062 362 4112; x_wconf 85' lang='lat' dir='ltr'>add:</span> <span class='ocrx_word' id='word_1_344' title='bbox 383 4070 413 4112; x_wconf 86' lang='lat' dir='ltr'>ut</span> <span class='ocrx_word' id='word_1_345' title='bbox 431 4063 641 4126; x_wconf 75' lang='lat' dir='ltr'>persecutionibus</span> <span class='ocrx_word' id='word_1_346' title='bbox 661 4063 820 4112; x_wconf 84' lang='lat' dir='ltr'>erudiamur.</span> <span class='ocrx_word' id='word_1_347' title='bbox 940 4066 1013 4127; x_wconf 69' lang='lat'><em>1311]</em></span> <span class='ocrx_word' id='word_1_348' title='bbox 1033 4083 1083 4116; x_wconf 93' lang='lat' dir='ltr'>om.</span> <span class='ocrx_word' id='word_1_349' title='bbox 1100 4066 1123 4133; x_wconf 83' lang='grc' dir='ltr'>β.</span> <span class='ocrx_word' id='word_1_350' title='bbox 1138 4070 1204 4132; x_wconf 73' lang='lat' dir='ltr'>Aug.</span> <span class='ocrx_word' id='word_1_351' title='bbox 1326 4071 1646 4132; x_wconf 77' lang='lat' dir='ltr'>15sope&#39;eutio10m.S(}.</span> 
     </span>
     <span class='ocr_line' id='line_1_35' title="bbox 294 4145 1650 4214; baseline 0.005 -22"><span class='ocrx_word' id='word_1_352' title='bbox 294 4157 324 4204; x_wconf 75' lang='lat'>24</span> <span class='ocrx_word' id='word_1_353' title='bbox 344 4145 483 4206; x_wconf 82' lang='lat' dir='ltr'>videretur]</span> <span class='ocrx_word' id='word_1_354' title='bbox 505 4145 624 4196; x_wconf 79' lang='lat' dir='ltr'>uideatur</span> <span class='ocrx_word' id='word_1_355' title='bbox 644 4145 676 4194; x_wconf 89' lang='lat' dir='ltr'>G.</span> <span class='ocrx_word' id='word_1_356' title='bbox 795 4147 827 4195; x_wconf 87' lang='lat'>26</span> <span class='ocrx_word' id='word_1_357' title='bbox 843 4163 893 4194; x_wconf 86' lang='lat' dir='ltr'>nou</span> <span class='ocrx_word' id='word_1_358' title='bbox 913 4147 1058 4209; x_wconf 74' lang='lat' dir='ltr'>delectatur]</span> <span class='ocrx_word' id='word_1_359' title='bbox 1081 4150 1149 4199; x_wconf 80' lang='lat' dir='ltr'>ASG</span> <span class='ocrx_word' id='word_1_360' title='bbox 1172 4167 1223 4200; x_wconf 93' lang='lat' dir='ltr'>om.</span> <span class='ocrx_word' id='word_1_361' title='bbox 1238 4152 1410 4214; x_wconf 81' lang='lat' dir='ltr'>negationem.</span> <span class='ocrx_word' id='word_1_362' title='bbox 1530 4150 1561 4200; x_wconf 87' lang='lat'>28</span> <span class='ocrx_word' id='word_1_363' title='bbox 1583 4153 1650 4212; x_wconf 81' lang='lat' dir='ltr'>vere]</span> 
     </span>
     <span class='ocr_line' id='line_1_36' title="bbox 292 4223 454 4292; baseline 0.006 -18"><span class='ocrx_word' id='word_1_364' title='bbox 292 4223 454 4292; x_wconf 60' lang='lat' dir='ltr'>ueraprlug.</span> 
     </span>
    </p>
   </div>
   <div class='ocr_carea' id='block_1_4' title="bbox 295 4383 1653 4793">
    <p class='ocr_par' dir='ltr' id='par_1_4' title="bbox 295 4383 1649 4550">
     <span class='ocr_line' id='line_1_37' title="bbox 334 4383 1649 4466; baseline 0.008 -23"><span class='ocrx_word' id='word_1_365' title='bbox 334 4403 359 4460; x_wconf 84' lang='lat'>5.</span> <span class='ocrx_word' id='word_1_366' title='bbox 382 4385 452 4444; x_wconf 85' lang='lat' dir='ltr'>Non</span> <span class='ocrx_word' id='word_1_367' title='bbox 472 4385 577 4459; x_wconf 82' lang='lat' dir='ltr'>sufficit</span> <span class='ocrx_word' id='word_1_368' title='bbox 593 4386 672 4444; x_wconf 85' lang='lat' dir='ltr'>nobis</span> <span class='ocrx_word' id='word_1_369' title='bbox 696 4383 756 4466; x_wconf 86' lang='lat' dir='ltr'>etc]</span> <span class='ocrx_word' id='word_1_370' title='bbox 783 4387 830 4450; x_wconf 85' lang='lat' dir='ltr'>ct.</span> <span class='ocrx_word' id='word_1_371' title='bbox 857 4407 945 4465; x_wconf 87' lang='lat' dir='ltr'>supra</span> <span class='ocrx_word' id='word_1_372' title='bbox 997 4390 1079 4466; x_wconf 92' lang='lat' dir='ltr'>quod</span> <span class='ocrx_word' id='word_1_373' title='bbox 1089 4388 1141 4466; x_wconf 93' lang='lat' dir='ltr'>qui</span> <span class='ocrx_word' id='word_1_374' title='bbox 1152 4409 1242 4450; x_wconf 87' lang='lat' dir='ltr'>unam</span> <span class='ocrx_word' id='word_1_375' title='bbox 1255 4390 1395 4451; x_wconf 86' lang='lat' dir='ltr'>iustitiam</span> <span class='ocrx_word' id='word_1_376' title='bbox 1406 4390 1516 4462; x_wconf 85' lang='lat' dir='ltr'>iecerit,</span> <span class='ocrx_word' id='word_1_377' title='bbox 1527 4404 1649 4452; x_wconf 87' lang='lat' dir='ltr'>cunctas</span> 
     </span>
     <span class='ocr_line' id='line_1_38' title="bbox 295 4469 1648 4550; baseline 0.007 -27"><span class='ocrx_word' id='word_1_378' title='bbox 295 4487 319 4542; x_wconf 77' lang='lat' dir='ltr'>p</span> <span class='ocrx_word' id='word_1_379' title='bbox 337 4469 393 4542; x_wconf 77' lang='lat' dir='ltr'>3,l.</span> <span class='ocrx_word' id='word_1_380' title='bbox 411 4487 458 4525; x_wconf 85' lang='lat'>20.</span> <span class='ocrx_word' id='word_1_381' title='bbox 996 4471 1117 4531; x_wconf 89' lang='lat' dir='ltr'>virtutes</span> <span class='ocrx_word' id='word_1_382' title='bbox 1139 4471 1277 4548; x_wconf 87' lang='lat' dir='ltr'>implesse</span> <span class='ocrx_word' id='word_1_383' title='bbox 1301 4472 1454 4532; x_wconf 87' lang='lat' dir='ltr'>dicatur...</span> <span class='ocrx_word' id='word_1_384' title='bbox 1477 4473 1553 4534; x_wconf 90' lang='lat' dir='ltr'>Tale</span> <span class='ocrx_word' id='word_1_385' title='bbox 1575 4475 1648 4550; x_wconf 91' lang='lat' dir='ltr'>quid</span> 
     </span>
    </p>

    <p class='ocr_par' dir='ltr' id='par_1_5' title="bbox 295 4545 1653 4793">
     <span class='ocr_line' id='line_1_39' title="bbox 334 4545 1653 4630; baseline 0.008 -26"><span class='ocrx_word' id='word_1_386' title='bbox 334 4567 378 4619; x_wconf 83' lang='lat'>²4·</span> <span class='ocrx_word' id='word_1_387' title='bbox 399 4549 521 4607; x_wconf 83' lang='lat' dir='ltr'>virtutes</span> <span class='ocrx_word' id='word_1_388' title='bbox 539 4545 698 4629; x_wconf 80' lang='lat' dir='ltr'>exclusisse]</span> <span class='ocrx_word' id='word_1_389' title='bbox 714 4550 839 4610; x_wconf 88' lang='lat' dir='ltr'>Hieron.</span> <span class='ocrx_word' id='word_1_390' title='bbox 857 4549 886 4609; x_wconf 90' lang='lat' dir='ltr'>in</span> <span class='ocrx_word' id='word_1_391' title='bbox 903 4551 942 4610; x_wconf 86' lang='lat' dir='ltr'>Is.</span> <span class='ocrx_word' id='word_1_392' title='bbox 995 4563 1025 4611; x_wconf 90' lang='lat' dir='ltr'>et</span> <span class='ocrx_word' id='word_1_393' title='bbox 1039 4564 1162 4628; x_wconf 86' lang='lat' dir='ltr'>quartus</span> <span class='ocrx_word' id='word_1_394' title='bbox 1176 4551 1312 4613; x_wconf 89' lang='lat' dir='ltr'>decimus</span> <span class='ocrx_word' id='word_1_395' title='bbox 1328 4554 1458 4629; x_wconf 87' lang='lat' dir='ltr'>psalmus</span> <span class='ocrx_word' id='word_1_396' title='bbox 1470 4567 1569 4614; x_wconf 86' lang='lat' dir='ltr'>sonat:</span> <span class='ocrx_word' id='word_1_397' title='bbox 1588 4555 1653 4630; x_wconf 84' lang='lat' dir='ltr'>Qui</span> 
     </span>
     <span class='ocr_line' id='line_1_40' title="bbox 296 4629 1644 4712; baseline 0.007 -26"><span class='ocrx_word' id='word_1_398' title='bbox 296 4631 340 4702; x_wconf 83' lang='lat'>56,</span> <span class='ocrx_word' id='word_1_399' title='bbox 358 4649 367 4686; x_wconf 88' lang='grc' dir='ltr'>ι</span> <span class='ocrx_word' id='word_1_400' title='bbox 382 4651 389 4688; x_wconf 96' lang='lat'><strong>:</strong></span> <span class='ocrx_word' id='word_1_401' title='bbox 406 4629 620 4704; x_wconf 85' lang='lat' dir='ltr'>‘Quamquam</span> <span class='ocrx_word' id='word_1_402' title='bbox 636 4629 664 4688; x_wconf 91' lang='lat' dir='ltr'>in</span> <span class='ocrx_word' id='word_1_403' title='bbox 677 4630 801 4691; x_wconf 81' lang='lat' dir='ltr'>nomiae</span> <span class='ocrx_word' id='word_1_404' title='bbox 814 4631 943 4691; x_wconf 85' lang='lat' dir='ltr'>iustitiae</span> <span class='ocrx_word' id='word_1_405' title='bbox 993 4635 1128 4692; x_wconf 82' lang='lat' dir='ltr'>ambulo!</span> <span class='ocrx_word' id='word_1_406' title='bbox 1144 4635 1356 4706; x_wconf 76' lang='lat' dir='ltr'>inrmamtarus,</span> <span class='ocrx_word' id='word_1_407' title='bbox 1376 4642 1404 4693; x_wconf 91' lang='lat' dir='ltr'>et</span> <span class='ocrx_word' id='word_1_408' title='bbox 1412 4644 1551 4712; x_wconf 80' lang='lat' dir='ltr'>operatur</span> <span class='ocrx_word' id='word_1_409' title='bbox 1565 4638 1644 4696; x_wconf 84' lang='lat' dir='ltr'>iusti-</span> 
     </span>
     <span class='ocr_line' id='line_1_41' title="bbox 295 4708 1092 4793; baseline 0.01 -25"><span class='ocrx_word' id='word_1_410' title='bbox 295 4708 389 4770; x_wconf 88' lang='lat' dir='ltr'>omnis</span> <span class='ocrx_word' id='word_1_411' title='bbox 411 4709 483 4772; x_wconf 90' lang='lat' dir='ltr'>mihi</span> <span class='ocrx_word' id='word_1_412' title='bbox 506 4709 641 4770; x_wconf 85' lang='lat' dir='ltr'>videatur</span> <span class='ocrx_word' id='word_1_413' title='bbox 665 4710 822 4793; x_wconf 82' lang='lat' dir='ltr'>significari</span> <span class='ocrx_word' id='word_1_414' title='bbox 849 4713 941 4787; x_wconf 87' lang='lat' dir='ltr'>locus,</span> <span class='ocrx_word' id='word_1_415' title='bbox 992 4717 1092 4776; x_wconf 76' lang='lat' dir='ltr'>triuu&#39;.</span> 
     </span>
    </p>
   </div>
   <div class='ocr_carea' id='block_1_5' title="bbox 0 0 2084 5492">
    <p class='ocr_par' dir='ltr' id='par_1_6' title="bbox 0 0 2084 5492">
     <span class='ocr_line' id='line_1_42' title="bbox 0 0 2084 5492; baseline 0 0"><span class='ocrx_word' id='word_1_416' title='bbox 0 0 2084 5492; x_wconf 95' lang='lat' dir='ltr'> </span> 
     </span>
    </p>
   </div>
  </div>
 </body>
</html>
