4202 5492
492 414 567 472 112
867 410 895 470 S.
920 409 1174 470 HIERONYMI
1197 408 1463 468 PRESBYTERI

486 631 563 694 dam
589 627 760 692 codicibus
788 626 909 691 dicitur
929 625 1128 702 ‘eruditos',
1152 626 1184 689 in
1213 625 1285 689 aliis
1312 627 1433 690 dicitur
1482 624 1712 707 conpeditos'.
1738 625 1839 690 Aliud

487 737 644 812 eruditos,
670 734 760 798 aliud
788 735 984 816 conpeditos
1009 717 1183 815 significat.
1212 733 1301 816 Quid
1327 753 1408 816 ergo
1430 730 1512 795 dicit
1538 730 1727 794 Dexteram
1750 740 1840 795 tuam

489 849 603 904 notam
619 839 697 903 sac?
714 837 804 921 Quid
821 837 950 902 tamdiu
968 837 1143 901 dexteram
1160 845 1252 901 tuam
1269 835 1447 912 contrahis,
1464 834 1582 898 Deus?
1599 833 1729 918 ‘Quare
1752 855 1841 898 aver·

487 944 530 1006 tis
547 961 683 1006 manum
701 950 793 1005 tuam
812 940 843 1004 in
870 941 943 1006 sinu
961 939 1061 1005 tuoi’
1078 940 1110 1004 in
1128 939 1194 1004 alio
1210 940 1341 1023 psalmo
1357 939 1486 1004 dicitur.
1507 937 1608 1021 Quod
1628 937 1758 1017 dicitur,
1780 938 1843 1002 hoc

487 1057 558 1111 est:
585 1047 624 1109 In
642 1044 852 1128 aegritudine
867 1043 967 1126 positi
989 1063 1114 1121 sumus,
1130 1043 1163 1108 in
1184 1045 1329 1126 peccatis
1351 1045 1518 1107 iacemus:
1547 1043 1642 1108 mitte
1666 1042 1841 1107 dexteram
1879 1059 1892 1112 5

488 1161 591 1228 tuam,
613 1159 647 1213 et
674 1149 768 1214 eleva
793 1168 862 1214 nos.
880 1147 993 1231 Quare
1018 1149 1145 1211 tamdiu
1173 1148 1349 1213 dexteram
1373 1159 1465 1212 tuam
1492 1145 1596 1210 habes
1613 1146 1645 1210 in
1663 1147 1737 1210 sinu
1760 1153 1842 1210 tuo?

490 1254 651 1317 Eructuet
675 1262 842 1316 cortuum
859 1251 995 1314 verbum
1012 1259 1107 1314 tuum
1124 1251 1249 1315 bonum
1266 1277 1273 1317 :
1289 1254 1385 1316 mitte
1401 1252 1575 1316 dexteram
1593 1260 1733 1328 tuam,et
1744 1252 1843 1316 libera

489 1378 560 1421 nos.
576 1357 704 1420 Notum
722 1354 817 1419 nobis
835 1354 885 1418 iac
903 1355 1201 1437 mysterium,quod
1214 1355 1447 1418 absconditum
1459 1354 1550 1419 suita
1565 1354 1843 1437 generationibus.

488 1461 667 1524 Dexterom
693 1468 786 1523 tuarrr
813 1469 923 1522 notam
935 1461 1004 1540 sac.
1021 1457 1112 1541 Quid
1142 1459 1294 1541 subripis,
1321 1459 1421 1522 Arri?
1439 1460 1516 1523 Non
1544 1460 1642 1536 dixit,
1669 1461 1841 1524 dexteram
1869 1521 1873 1530 ,

489 1575 580 1628 tuam
599 1563 669 1626 iac:
687 1562 779 1626 Deus
795 1561 883 1626 enim
909 1562 980 1626 sine
996 1561 1136 1625 dextera
1152 1581 1212 1624 sua
1228 1581 1411 1644 numquam
1437 1560 1507 1627 tuit.
1531 1562 1599 1627 Sed
1616 1563 1697 1647 quid
1727 1564 1814 1627 dixit
1832 1564 1843 1627 l
1865 1585 1894 1621 ro

491 1668 677 1732 Dexteram
695 1676 883 1748 tuam,quae
894 1683 1024 1747 semper
1040 1663 1110 1742 luit,
1127 1674 1160 1729 et
1173 1665 1206 1728 in
1223 1665 1296 1728 sinu
1313 1675 1372 1728 tuo
1388 1664 1459 1742 luit,
1473 1674 1586 1730 notam
1604 1665 1663 1730 lac.
1677 1665 1842 1750 Quoniam

491 1769 583 1834 illum
602 1779 853 1851 permanentem
871 1769 903 1833 in
920 1768 1045 1832 deitate
1068 1787 1128 1830 sua
1151 1787 1248 1832 nosse
1265 1788 1330 1832 non
1354 1788 1539 1851 possumus,
1561 1770 1718 1834 adsumat
1737 1771 1843 1834 homi-

492 1893 578 1950 nem,
593 1883 627 1938 et
642 1875 689 1937 sic
705 1872 939 1956 intellegamus
955 1891 1041 1934 eum.
1058 1871 1237 1935 Dexteram
1248 1882 1342 1936 tuom
1355 1872 1404 1937 sic
1417 1882 1526 1936 notam
1534 1873 1606 1954 fac,
1621 1882 1653 1942 et
1669 1873 1845 1956 compeditos

490 1977 583 2040 corde
596 1977 632 2041 in
646 1977 807 2060 sapientia
823 1997 907 2042 :eos
923 1976 979 2059 qui
995 1975 1179 2057 sapientiae
1194 1976 1320 2039 habent
1335 1976 1510 2059 conpedes,
1527 1975 1590 2039 hoc
1611 1986 1671 2053 est,
1687 1977 1742 2060 qui
1767 1995 1844 2040 con·

492 2080 596 2162 perliti
612 2091 689 2144 sunt
706 2079 738 2144 in
755 2080 855 2144 corde
871 2100 929 2163 per
944 2079 1143 2162 sapientiam
1160 2091 1262 2145 tuam.
1287 2080 1364 2144 Non
1388 2079 1483 2144 vobis
1498 2081 1542 2145 sit
1558 2081 1746 2158 molestum,
1769 2081 1845 2163 quia
1867 2105 1875 2142 r
1881 2103 1894 2156 5

491 2181 653 2247 obscurus
679 2193 729 2247 est
754 2183 855 2250 locus.
879 2184 1065 2265 Prophetae
1091 2183 1261 2246 habebant
1278 2185 1477 2263 sapientiam
1497 2210 1503 2250 :
1520 2187 1577 2250 sed
1596 2187 1667 2266 ipsa
1683 2187 1847 2269 sapientia

491 2285 587 2368 quasi
604 2285 826 2368 conpediebat
837 2307 916 2364 eos;
932 2306 998 2350 non
1011 2295 1166 2369 poterant
1178 2285 1290 2350 volare
1306 2287 1377 2350 sine
1395 2289 1527 2370 Xpisto.
1537 2289 1660 2354 Videte
1676 2310 1755 2373 ergo
1767 2290 1845 2373 quid

494 2390 586 2455 dicat
597 2411 605 2454 ι
618 2391 718 2454 Mitte
738 2391 913 2455 dexteram
929 2401 1033 2468 tuam,
1048 2391 1112 2454 hoc
1128 2401 1178 2456 est
1196 2391 1316 2455 Filium
1333 2401 1438 2472 tuum,
1453 2401 1487 2456 et
1503 2404 1620 2458 notum
1641 2394 1733 2457 illum
1751 2393 1846 2457 nobis

493 2495 545 2560 sac
560 2517 567 2573 ;
583 2506 617 2560 et
633 2497 824 2579 prophetae,
840 2496 895 2578 qui
913 2496 1006 2578 quasi
1019 2496 1300 2578 prophetaverunt
1317 2495 1645 2579 umbram,incipiant
1662 2496 1845 2561 Dominum

494 2597 702 2664 manifestius
718 2599 917 2682 praedicare.
1864 2625 1896 2664 20

539 2701 728 2768 Convertere
743 2701 892 2780 Domine,
908 2702 1223 2785 usqueqquultum
1241 2702 1461 2785 peccavimus,
1477 2705 1598 2767 avertis
1615 2703 1731 2768 faciem
1746 2713 1847 2779 tuam,

495 2829 560 2874 non
582 2821 660 2874 sunt
675 2809 778 2892 digna
794 2819 931 2893 peccata
947 2820 1060 2874 nostra
1077 2810 1142 2874 tuis
1158 2810 1262 2873 videri
1285 2809 1398 2886 oculis,
1414 2817 1589 2892 propterea
1605 2809 1823 2888 deprecamur
1840 2828 1847 2869 ε

494 2913 696 2978 Convertere
713 2913 1055 2995 Domine,usquequo.
1073 2912 1161 2976 Ecce
1178 2912 1242 2974 iam
1256 2922 1351 2975 tanta
1367 2911 1537 2976 fluxerunt
1553 2910 1685 2974 saecula
1699 2925 1849 2990 :semper

497 3027 530 3082 te
547 3018 730 3100 prophetae
746 3029 922 3081 venturum
938 3017 1214 3098 praedicaverunt
1232 3016 1397 3097 gentibus,
1413 3024 1446 3079 et
1462 3016 1571 3081 adhuc
1588 3035 1653 3079 non
1666 3013 1793 3078 venisti.
1805 3012 1850 3076 Et

493 3120 602 3204 dim‘ge
608 3121 703 3204 filios
717 3121 895 3185 hominum.
919 3119 986 3203 Qui
1013 3120 1105 3202 pravi
1131 3139 1254 3196 sumus,
1275 3139 1294 3182 a
1318 3128 1352 3183 te
1369 3103 1559 3202 dirigamur.
1576 3119 1623 3182 Et
1635 3116 1745 3199 dirige
1756 3117 1850 3200 filios
1866 3133 1895 3188 25

494 3225 672 3290 leontinum.
688 3225 780 3289 Bene
803 3225 900 3302 dixit,
916 3225 1021 3307 dirige
1044 3222 1128 3287 filios
1156 3223 1339 3289 hominum.
1358 3225 1535 3306 Propterea
1562 3243 1619 3288 eos
1635 3221 1750 3306 dirige,
1771 3223 1849 3305 quia

497 3328 553 3392 lilii
570 3328 744 3392 hominum
758 3337 844 3393 sunt.
857 3328 892 3394 Si
910 3327 998 3391 enim
1010 3336 1120 3390 essent
1137 3325 1193 3389 filii
1210 3327 1268 3404 tui,
1283 3327 1399 3391 directi
1416 3335 1535 3392 essent.
1545 3327 1598 3390 Tu
1611 3326 1699 3390 euim
1713 3325 1849 3389 dixisti:

494 3431 589 3514 ‘Ego
605 3431 698 3496 dixi:
714 3432 760 3496 dii
777 3433 865 3510 estis,
881 3442 913 3497 et
932 3429 988 3494 filii
1006 3429 1142 3494 Excelsi
1158 3449 1282 3494 omnes.
1296 3431 1367 3494 Vos
1383 3443 1495 3495 autern
1513 3442 1548 3496 ut
1564 3431 1716 3495 homines
1733 3428 1848 3493 morie·

495 3534 586 3611 mini,
602 3545 635 3599 et
650 3535 745 3618 quasi
763 3555 847 3599 unus
863 3537 905 3599 de
926 3535 1131 3618 principibus
1147 3534 1274 3598 cadetis
1287 3534 1302 3599 ¹.
1320 3535 1365 3598 Et
1383 3535 1415 3598 in
1432 3536 1498 3598 alio
1515 3534 1608 3600 loco:
1633 3533 1729 3598 ‘Filii
1745 3531 1850 3598 homi·

497 3657 588 3716 num,
605 3658 778 3722 usquequo
794 3660 910 3721 graves
927 3639 1025 3704 corde
1038 3638 1071 3702 i'
1088 3639 1132 3702 Et
1145 3638 1177 3702 in
1195 3638 1260 3703 alio
1277 3638 1370 3703 loco:
1386 3640 1482 3703 ‘Non
1500 3639 1706 3724 permanebit
1716 3639 1850 3723 spiritus
1868 3659 1899 3710 30

496 3762 589 3806 meus
606 3742 638 3806 in
657 3741 846 3807 hominibus
875 3744 954 3822 istis,
970 3743 1049 3826 quia
1075 3761 1152 3806 caro
1172 3752 1249 3807 sunt
1266 3741 1281 3807 '.
1300 3741 1468 3825 Quoniam
1493 3745 1644 3810 homines
1674 3754 1761 3822 sunt,
1778 3761 1860 3827 pro-'

530 3963 541 3998 1
556 3950 652 4011 Attal]
665 3949 689 3999 G
701 3949 760 3998 add.
774 3956 816 3998 ert.
902 3941 1047 4004 serudilos]
1057 3947 1174 3996 eruditus
1186 3945 1261 4014 βΑὒ.
1277 3947 1316 3997 Ci.
1327 3963 1402 4012 supra
1414 3965 1437 4012 p.
1454 3961 1500 4012 39,
1508 3949 1525 3997 l.
1542 3948 1622 3998 16-18.
1707 3946 1851 4012 compeditos]

494 4033 642 4097 compeditus
655 4029 705 4099 βΑ,
719 4033 741 4082 G
754 4047 818 4081 corr.
894 4045 910 4091 4
922 4031 950 4079 in
961 4031 1023 4079 sinu
1032 4025 1084 4088 tero]
1097 4030 1125 4078 in
1136 4030 1222 4079 sinum
1235 4036 1308 4079 tuum
1322 4027 1345 4096 β.
1425 4031 1552 4094 paterium
1565 4029 1648 4090 tuum]
1662 4027 1697 4096 βὸ
1707 4047 1715 4090 ;
1727 4031 1820 4081 ABCG
1826 4030 1849 4078 li

495 4129 544 4163 onr.
559 4121 641 4162 turena.
734 4113 835 4174 honum]
847 4129 895 4162 om.
913 4111 936 4178 β.
1032 4107 1178 4177 9subripis]
1189 4114 1299 4177 subrepis
1311 4111 1361 4180 liG.
1447 4109 1526 4170 Arri]
1538 4113 1643 4160 arinrrae
1655 4112 1687 4161 G.
1775 4125 1803 4172 14
1814 4127 1851 4160 sa·

493 4194 615 4258 pr'entr'ae]
626 4194 775 4259 sapr'entiam
789 4195 819 4245 C.
907 4205 935 4254 17
947 4193 1110 4257 conpedtebar]
1122 4194 1263 4257 conpedibat
1274 4195 1297 4244 G
1308 4210 1372 4245 corr.
1460 4207 1489 4257 19
1501 4203 1524 4244 et
1532 4195 1674 4259 prophetae]
1686 4202 1715 4243 ut
1721 4195 1852 4260 prophetoe

497 4277 581 4334 G;ut
591 4285 613 4327 et
618 4277 708 4342 proph.
722 4277 748 4326 S.
849 4289 881 4325 22
892 4276 989 4337 videri]
1000 4275 1085 4323 videre
1096 4276 1181 4334 SG,C
1193 4293 1247 4340 sup.
1259 4276 1302 4325 lin.
1405 4289 1435 4341 25
1447 4279 1544 4339 suntor]
1548 4277 1655 4341 suimus
1667 4277 1692 4327 S.
1794 4277 1852 4336 atr]

496 4360 561 4408 odte
573 4359 658 4410 CGH.
760 4371 792 4422 30
799 4375 889 4422 graves
907 4357 986 4420 corde]
1006 4357 1093 4422 scripsi
1106 4359 1153 4422 (gr.
1169 4353 1369 4428 liopuxa'pdrorlr
1386 4361 1475 4422 gravis
1494 4361 1561 4408 corde
1574 4360 1615 4420 ῦς
1630 4360 1710 4423 gravi
1719 4376 1738 4409 c.
1754 4359 1850 4426 reliqui.

537 4545 564 4598 4.
581 4531 630 4585 tuo
641 4522 665 4606 l]
683 4527 727 4585 Ps.
747 4544 761 4600 7
766 4545 792 4602 3,
813 4545 858 4584 rr.
1242 4545 1287 4602 30.
1303 4525 1383 4585 corde
1394 4521 1419 4606 l]
1435 4527 1481 4586 Ps.
1498 4547 1525 4600 4,
1543 4548 1569 4604 3.

540 4625 563 4682 7.
580 4604 697 4688 bonum]
713 4610 758 4666 Ps.
776 4627 823 4680 44,
839 4627 865 4668 2.
1001 4667 1006 4672 ,
1242 4627 1287 4684 3¹·
1304 4627 1371 4668 coro
1384 4605 1465 4690 sunt]
1482 4611 1556 4670 Gen.
1575 4613 1601 4682 6,
1619 4629 1645 4687 3.

541 4710 585 4767 ²9·
601 4686 716 4769 radetis]
733 4691 778 4747 Ps.
797 4693 844 4760 81,
861 4691 888 4747 6.
906 4705 932 4764 7.
