4158 5492
259 463 309 548 cv]
596 463 967 526 COMMENTARIOLI
997 462 1043 522 IN
1073 461 1272 522 PSALMOS.
1560 457 1613 545 77

262 683 343 770 nisi
366 683 405 767 ei
431 683 508 793 qui
539 683 584 766 in
615 681 818 793 psalterio
839 681 1027 764 Alleluia
1047 681 1357 790 praescriptum
1377 693 1452 762 aut
1474 679 1616 761 subie-

261 833 377 904 ctum
400 819 540 904 habet.
569 820 663 903 Nos
697 831 841 903 autem
864 819 1155 902 indifferenter
1174 817 1238 900 uti
1261 817 1463 916 solemus
1486 817 1615 900 etiam

261 959 305 1042 in
327 958 397 1042 his
419 959 599 1070 psalmis
619 959 808 1042 Alleluia
828 959 1029 1056 dicentes,
1052 959 1126 1069 qui
1149 970 1223 1041 aut
1244 957 1470 1040 historiam
1492 955 1618 1067 repli-

260 1111 372 1198 cant,
395 1111 471 1181 aut
501 1125 575 1209 per
608 1098 913 1209 paenitentiam
952 1098 1270 1181 lacrimabiliter
1305 1097 1615 1208 ingemescunt,

224 1251 336 1320 saut
357 1236 411 1320 de
432 1236 620 1319 inimicis
649 1237 871 1320 victoriam
904 1238 1137 1348 postulant,
1159 1249 1234 1319 aut
1256 1250 1303 1319 ut
1331 1235 1384 1318 de
1414 1233 1619 1343 angustia

261 1374 494 1457 liberemur
523 1385 756 1484 precantur.
782 1375 911 1482 Quod
933 1388 1077 1458 autem
1099 1373 1229 1458 semel
1252 1373 1449 1472 dicimuS,
1474 1371 1552 1453 hoc
1575 1371 1617 1452 in

261 1513 469 1597 omnibus
490 1513 807 1598 observandum
843 1526 934 1598 est:
971 1513 1014 1596 in
1042 1540 1316 1624 quocumque
1337 1513 1504 1622 psalmo
1535 1515 1619 1621 pri-

263 1679 384 1735 mum
419 1651 606 1736 Alleluia
641 1651 769 1735 luerit
803 1665 1114 1763 praenotatum,
1151 1680 1250 1736 eum
1290 1652 1417 1734 etiam
1461 1653 1503 1734 in
1537 1651 1620 1736 fine

262 1790 420 1874 habere
454 1790 643 1873 Alleluia
675 1790 926 1875 subiectum.
970 1792 1027 1873 Et
1060 1790 1250 1903 plerique
1284 1792 1521 1875 nescientes
1556 1819 1621 1874 se·
1649 1846 1667 1866 ,

209 1961 244 2002 ιο
261 1929 438 2040 quentis
459 1928 616 2039 psalmi
636 1929 899 2012 arbitrantur
913 1956 1008 2013 esse
1024 1930 1299 2040 principium:
1323 1928 1440 2041 quod
1462 1956 1621 2040 nequa-

262 2093 395 2178 quam
431 2079 507 2150 est.
545 2067 745 2179 Denique
781 2097 906 2178 saepe
934 2070 1146 2180 repperies
1168 2069 1211 2152 in
1235 2097 1323 2153 uuo
1344 2071 1512 2180 psalmo
1533 2070 1621 2153 duo

262 2205 453 2289 Alleluia
492 2206 763 2317 praeposita:
798 2208 915 2320 quod
952 2207 1178 2319 significat,
1218 2237 1354 2292 unum
1394 2210 1448 2294 ad
1490 2210 1619 2292 finem

263 2346 431 2458 prioriS,
464 2346 645 2430 alterum
674 2347 728 2430 ad
757 2347 977 2458 sequentis
1009 2347 1268 2459 principium
1302 2350 1528 2459 pertinere.
1553 2349 1622 2431 Et

249 2487 553 2599 pertransivit
572 2488 766 2596 degente
786 2489 831 2572 in
856 2493 1041 2596 gentem,
1064 2493 1108 2570 et
1126 2487 1179 2572 cle
1202 2515 1330 2598 regua
1350 2489 1396 2571 iu
1407 2488 1621 2598 populum

201 2658 242 2713 ,ις
262 2627 464 2710 alterum.
489 2626 662 2710 Dicitur
680 2626 734 2709 ad
756 2626 1001 2710 Abraham:
1026 2635 1035 2668 ⁴
1061 2627 1143 2710 Exi
1170 2627 1223 2710 de
1254 2640 1364 2710 terra
1389 2640 1473 2728 tua,
1497 2639 1538 2710 et
1568 2625 1628 2710 de'

262 2765 518 2876 cognatione
535 2777 609 2848 tua
626 2767 644 2847 '.
664 2765 816 2850 Nolite
836 2772 1014 2876 langere
1032 2768 1202 2876 xpz'slos
1220 2794 1342 2852 meos,
1366 2766 1620 2850 Notandum

264 2903 381 3013 quod
402 2916 501 2986 ante
523 2902 767 2986 unctionem
799 2905 929 3015 xpisti
961 2917 1194 2989 vocentur:
1229 2932 1281 2987 ex
1315 2931 1403 3015 quo
1427 2904 1622 2987 animad-

263 3041 487 3142 vertimus,
510 3041 755 3124 unctionem
780 3069 866 3124 non
897 3055 984 3126 tam
1007 3042 1088 3127 olei
1122 3070 1226 3142 esse,
1259 3070 1390 3153 quarn
1416 3043 1617 3152 Spiritus.

899 3315 989 3398 CV.

205 3594 245 3633 ω
321 3553 391 3636 Et
409 3553 704 3636 laudaverant
724 3554 1019 3638 laudationem
1031 3556 1134 3638 eius,
1155 3557 1222 3638 De
1236 3555 1310 3638 illo
1324 3555 1428 3640 dicit
1443 3557 1620 3656 cantico

261 3692 381 3806 quod
415 3693 457 3774 in
496 3691 650 3796 Exodo
671 3691 849 3804 legitur:
887 3692 1113 3775 ‘Laudate
1148 3693 1402 3792 Dominum,
1433 3694 1622 3806 gloriose

297 3903 313 3954 8
316 3902 413 3968 suen'l]
426 3905 461 3963 Ε;
487 3905 547 3969 fuit
558 3904 589 3954 C.
676 3916 702 3952 11
716 3905 846 3968 repperies]
860 3905 896 3964 E;
929 3905 1033 3968 reperies
1045 3904 1074 3955 C.
1162 3917 1192 3966 14
1199 3904 1379 3969 pertransivit]
1393 3905 1432 3954 lta
1444 3920 1532 3954 omnes
1543 3905 1618 3956 codd.

260 3989 293 4040 iu
299 3986 434 4052 pupulum]
447 3987 523 4036 EAM
531 4005 539 4048 ς
572 3985 607 4036 ul
611 3987 733 4052 populum
745 3986 775 4037 C.
878 4000 910 4037 20
920 3987 991 4048 dicit]
1004 3987 1157 4045 nannoni.
1174 3987 1203 4037 C.

308 4177 332 4217 1.
363 4155 494 4215 Alleluia
519 4153 728 4231 praesm'plum
756 4161 810 4212 aut
832 4153 919 4212 subie-
971 4151 1043 4211 milri
1062 4151 1216 4228 quaerenti
1241 4151 1362 4212 lortuito
1385 4149 1513 4212 occurrit
1540 4153 1623 4212 locus

259 4247 339 4301 dum
352 4238 444 4310 hebet,
456 4248 485 4296 et
501 4237 590 4312 paulo
606 4247 672 4313 post
685 4235 815 4294 Alleluia
821 4234 921 4308 suerit
971 4234 1024 4294 iste
1051 4233 1229 4311 Hieronymi
1252 4235 1281 4293 in
1308 4235 1404 4294 Galat.
1422 4253 1449 4309 3,
1466 4235 1484 4291 6
1498 4256 1504 4292 :
1521 4237 1528 4266 ‘
1543 4253 1623 4292 com·

253 4327 477 4401 praenotatum,
501 4337 523 4376 e.
545 4335 567 4378 e.
589 4317 608 4377 i.
616 4315 646 4393 f.
661 4317 764 4375 habere
787 4317 918 4374 Alleluia
970 4327 1113 4392 punctum
1136 4335 1186 4374 cor
1201 4327 1230 4375 et
1246 4334 1300 4392 pro
1325 4315 1438 4392 populo
1461 4316 1623 4374 lacrimabi-

260 4397 429 4481 subiectum]
457 4398 582 4458 Hieron.
600 4397 629 4456 in
644 4416 689 4475 ep.
707 4400 745 4456 ad
762 4399 870 4474 Ephes.
889 4415 915 4473 5,
968 4398 1038 4456 liter
1069 4398 1255 4472 ingenulum,
1286 4395 1430 4472 scriptura
1460 4397 1621 4456 clamorem

266 4503 305 4560 ¹9
320 4483 378 4560 (M.
397 4485 443 4554 26,
460 4481 551 4558 56r):
567 4480 658 4555 Quod
683 4497 788 4538 omnes
814 4477 918 4555 psalmi
971 4477 1086 4537 vocavit
1101 4481 1115 4536 '.
1133 4478 1251 4555 (Migne
1268 4481 1313 4550 πό,
1331 4475 1410 4556 400).

262 4563 431 4637 continent,
446 4562 555 4638 quibus
570 4559 698 4620 Alleluia
712 4562 755 4619 vel
773 4559 919 4637 praeposi·
1016 4562 1057 4618 16.
1082 4557 1146 4640 trra]
1163 4560 1238 4618 Gen.
1260 4579 1302 4628 12,
1324 4579 1345 4617 1.

264 4661 330 4708 tum
344 4645 390 4706 vel
405 4643 572 4704 subiectum
588 4653 632 4702 est
647 4643 662 4700 ’.
1013 4661 1059 4701 21.
1081 4643 1113 4701 iu
1129 4636 1245 4724 Exodo]
1265 4658 1310 4717 15,
1326 4660 1338 4698 1
1355 4659 1420 4721 sqq.

305 4747 334 4802 4.
356 4723 575 4786 laertiuabiliter
602 4719 800 4808 iugmestunt]
829 4721 920 4785 Aliud
