4158 5492
443 430 579 490 INDEX
601 430 822 503 NOMINVM,
846 429 1131 492 LOCVTIONVM
1154 431 1209 488 ET
1231 430 1395 488 RERVM.
1519 429 1589 484 lll

242 649 379 722 ecclesia
395 669 519 713 corona
538 649 677 713 Domini
701 659 752 712 est
777 664 827 728 31,
849 665 867 711 2
884 669 891 724 ;
986 668 1043 712 nes
1056 669 1074 711 a
1089 667 1124 711 se
1136 649 1169 713 in
1182 648 1332 712 Psalmos
1345 649 1452 712 editas
1470 669 1595 713 memo-

285 735 443 802 ecclesiae
463 745 496 800 et
512 735 758 801 resurrectionis
783 755 890 798 sacra·
986 745 1083 812 ratv;
1095 735 1295 819 Hieronymi
1307 744 1467 800 tractatus
1489 737 1595 818 homi·

286 832 435 887 mentum
464 824 497 886 in
526 825 675 888 trinitate
702 823 892 887 continetur
986 821 1073 886 letici
1090 821 1132 886 iii.
1146 825 1186 888 iv.
1202 844 1231 885 v.
1248 824 1292 887 xi.

285 927 335 988 20,
355 929 393 992 14
407 930 416 989 3
431 931 498 975 una
514 922 564 976 est
579 910 727 986 ecclesia,
750 919 784 974 et
805 929 890 973 unus
941 909 1098 974 historiae
1114 910 1216 973 solius
1232 911 1330 974 amici
1353 911 1596 994 redarguuntur

285 997 436 1062 Christus
453 1018 595 1081 sponsus
611 997 770 1062 ecclesiae
782 999 832 1077 56,
849 1014 866 1060 2
883 1017 890 1074 ;
990 1013 1036 1075 10,
1057 1010 1094 1076 17
1110 1017 1116 1075 ;
1132 1014 1185 1076 42,
1206 1000 1252 1063 18.

284 1085 409 1165 omnis,
429 1085 666 1168 prophetarum
695 1083 815 1148 chorus
847 1084 891 1147 de
942 1084 1086 1148 hominis
1118 1085 1293 1163 elementa,
1318 1094 1499 1168 antequam
1529 1087 1593 1150 sor-

284 1172 422 1236 ecclesia
434 1173 615 1238 adnuntiat
625 1176 678 1251 65,
695 1189 745 1235 21.
986 1180 1118 1235 mentur
1133 1173 1166 1235 in
1181 1182 1285 1250 utero,
1300 1173 1472 1255 cognoscit
1501 1173 1594 1237 Deus

241 1258 343 1324 editio
364 1259 483 1343 quinta
507 1270 540 1325 et
563 1270 662 1324 sexta
686 1276 735 1339 33,
751 1259 890 1342 7(Vide
985 1259 1038 1338 96,
1051 1261 1079 1324 8.

284 1347 427 1411 indicem
449 1347 627 1430 specialem
644 1348 686 1411 ad
706 1346 890 1428 Hexapla).
944 1345 1142 1412 Hucbaldus
1156 1348 1339 1413 monachus
1349 1348 1382 1415 S.
1398 1347 1548 1413 Amandi
1561 1370 1594 1412 x.

242 1433 351 1497 Edom
369 1443 518 1499 terrenus
534 1436 602 1499 sive
618 1434 775 1499 deficiens
791 1435 890 1497 inter·

284 1531 433 1604 pretatur
443 1539 495 1601 94,
515 1540 561 1587 10.
943 1522 1105 1599 launum
1121 1523 1164 1587 de
1179 1524 1295 1589 decem
1316 1523 1506 1588 nominibus
1530 1525 1594 1589 Dei

242 1607 415 1690 Ephratha
429 1609 627 1692 Hieronymi
638 1619 789 1694 tempore
800 1608 891 1692 regio
985 1625 1037 1689 99,
1054 1627 1102 1674 22.

284 1695 480 1760 Bethlehem
515 1698 624 1761 adhuc
661 1697 893 1782 appellabatur
945 1696 1036 1775 laho,
1069 1700 1212 1780 primum
1245 1719 1365 1763 nomen
1407 1700 1471 1763 Dei
1503 1701 1591 1783 apud

283 1801 335 1862 90,
347 1799 376 1865 7.
988 1786 1170 1864 Hebraeos,
1207 1787 1264 1870 qui
1303 1787 1383 1851 illud
1424 1787 1593 1852 ineffabile

240 1873 404 1954 episcopis
454 1872 637 1938 Samarites
688 1873 888 1938 seminecem
985 1875 1165 1956 opinantur
1182 1891 1231 1954 20,
1251 1888 1298 1955 15.

284 1961 466 2024 curandum
484 1962 623 2026 tradidit
641 1977 710 2040 100,
721 1981 751 2041 4.
943 1961 1096 2026 idolatria
1111 1979 1164 2041 91,
1185 1979 1230 2026 12.

243 2045 381 2111 Esther:
408 2048 452 2112 de
474 2068 514 2112 ea
533 2048 647 2113 ludaei
663 2059 784 2131 putant
801 2047 889 2132 psal·
946 2049 1104 2113 idumaea
1119 2059 1177 2113 aut
1193 2059 1323 2113 terrena
1347 2050 1592 2133 interpretatur,

285 2154 375 2198 mum
403 2135 466 2198 xxi
492 2156 565 2200 esse
591 2137 814 2220 compositum
840 2152 890 2218 32,
985 2145 1043 2200 aut
1059 2137 1270 2219 sanguinaria
1287 2152 1338 2218 79,
1358 2155 1405 2218 13.

289 2238 333 2285 12.
941 2223 1126 2288 incarnatio
1142 2226 1193 2302 80,
1213 2243 1258 2304 19.

242 2308 368 2373 ethicus
383 2309 533 2392 psalmus
550 2313 600 2390 82,
615 2329 642 2392 3.
942 2313 1213 2394 ininterpretatus
1228 2314 1280 2394 69,
1296 2328 1342 2393 17.

241 2396 466 2480 evangelistae
490 2399 576 2464 inter
595 2420 631 2463 se
655 2400 818 2465 dissident
847 2401 891 2465 de
942 2398 1169 2482 intellegentia
1184 2401 1343 2464 sacratior
1352 2400 1533 2484 scripturae
1542 2417 1594 2483 79,

285 2485 444 2568 temporis
453 2488 572 2570 spatio,
587 2488 678 2570 quod
694 2498 773 2552 ante
784 2497 903 2554 trans··
986 2489 1014 2550 8.

287 2569 516 2655 figurationem
529 2573 828 2661 Dominielapsum
840 2586 891 2641 est
944 2575 1106 2656 Iosephus
1136 2575 1180 2639 ab
1212 2575 1452 2648 Arimathaea:
1483 2577 1526 2640 de
1552 2597 1593 2640 eo

290 2673 335 2738 15,
350 2677 379 2739 4
984 2662 1133 2745 psalmus
1146 2663 1272 2746 primus
1288 2664 1528 2729 aTertulliano
1543 2665 1591 2728 in-

242 2757 421 2830 excerpta:
438 2749 517 2831 quid
533 2749 597 2815 hoc
610 2752 711 2817 verbo
726 2750 890 2834 significe·
984 2749 1137 2813 tellectus
1155 2767 1182 2830 3,
1202 2752 1247 2815 16.

286 2843 337 2899 tur
352 2836 443 2917 apud
464 2838 710 2922 Hieronymum
728 2841 891 2919 xvi31,4
944 2836 1105 2919 Iosephus
1146 2838 1454 2921 historiographus:
1499 2839 1591 2903 locus

286 2942 323 3000 n;
343 2920 441 2987 huius
458 2926 721 2991 commentarioli
741 2927 889 2991 ‘Excer·
986 2924 1105 3005 psalmi
1121 2946 1160 2989 cv
1176 2927 1208 2989 in
1229 2925 1491 3009 Archaeologiae
1502 2927 1592 2992 libris

286 3009 362 3092 pta'
379 3013 510 3096 proprie
519 3013 721 3078 inscribendi
735 3025 813 3080 sunt
824 3012 889 3079 xvi.
985 3011 1028 3076 ab
1044 3031 1084 3075 eo
1099 3013 1251 3078 consulte
1274 3015 1525 3096 praetermissus
1540 3018 1592 3096 78,

986 3117 1004 3162 2
1019 3121 1027 3177 ;
1042 3099 1129 3164 illius
1145 3101 1311 3165 sententia
1323 3101 1365 3164 de
1382 3111 1489 3166 metro
1504 3103 1592 3187 psal·-

243 3183 321 3249 l'oris
335 3211 342 3252 :
358 3186 469 3252 nullus
485 3189 563 3254 foris
578 3190 777 3255 disertorum
794 3207 846 3269 92,
860 3207 890 3269 4
986 3187 1031 3251 mi
1043 3187 1144 3252 cxviii
1161 3199 1194 3254 et
1203 3188 1323 3253 cantici
1338 3188 1592 3255 Deuteronomii

987 3277 1082 3355 8,5.

244 3359 382 3427 Gemela
404 3392 435 3418 =
455 3359 549 3430 vallis
566 3364 754 3432 Salinarum
775 3378 823 3446 52,
844 3381 890 3429 10.
945 3288 1064 3427 tostis:
1082 3365 1197 3430 Iudaei
1213 3365 1358 3448 primum
1371 3365 1537 3449 psalmum
1551 3366 1593 3430 de

394 3529 397 3535 .
849 3451 855 3463 “
986 3471 1025 3514 eo
1041 3451 1167 3517 dictum
1184 3473 1255 3516 esse
1272 3453 1468 3519 existimant
1486 3468 1513 3534 5,
1530 3471 1557 3534 3.

243 3536 399 3604 haeretici
429 3539 610 3624 loquuntur
635 3551 751 3605 contra
779 3541 889 3603 Deum
942 3537 990 3600 ira
1006 3539 1080 3618 Dei,
1092 3561 1169 3604 narn
1182 3550 1252 3605 tam
1264 3540 1430 3622 ira,quam
1446 3560 1594 3604 necessa-

288 3628 497 3692 mendacium
519 3645 566 3710 13,
597 3646 657 3706 10;
681 3627 815 3692 Arriani
843 3629 893 3704 80,
985 3629 1032 3691 ria
1051 3629 1216 3710 correptio
1240 3643 1270 3709 7,
1295 3644 1355 3706 22;
1386 3630 1428 3691 de
1456 3628 1504 3692 ira
1530 3627 1594 3692 Dei

291 3730 329 3792 14
343 3735 351 3790 ;
368 3713 548 3779 Novatiani
564 3719 616 3795 98,
633 3733 680 3780 20.
989 3713 1184 3780 Lactantius
1201 3715 1320 3778 librum
1335 3715 1592 3796 pulcherrImum

246 3800 405 3865 Hamack
425 3802 520 3886 (Ad.)
547 3814 636 3868 recte
660 3803 802 3868 coniecit
824 3803 892 3866 En·
988 3802 1118 3886 scripsit
1135 3803 1228 3882 ibid.;
1246 3813 1376 3866 nonest
1390 3803 1592 3882 Delira,sed

287 3888 448 3952 chiridion
478 3889 634 3973 Origenis
650 3891 738 3955 idem
755 3911 827 3955 esse
843 3898 893 3954 at·
988 3890 1179 3954 emendatio
1198 3904 1309 3970 51,13.

288 3996 352 4057 que
379 3976 550 4060 Excerpta
574 3978 606 4040 in
634 3988 741 4043 totum
767 3977 892 4042 Psalte-
944 3975 1065 4041 iubilus
1089 3978 1277 4041 inconditos
1305 3997 1405 4041 sonos
1422 3977 1591 4060 proferens

289 4061 372 4126 rium
393 4079 419 4141 1,
433 4083 456 4144 4
468 4086 498 4130 n.
989 4085 1198 4149 nequaquam
1216 4083 1331 4128 sensus
1346 4085 1406 4148 per
1426 4067 1526 4130 verba
1546 4065 1596 4130 di-

245 4146 388 4215 hebraea
397 4152 518 4216 veritas
535 4166 585 4232 27,
606 4169 653 4234 15.
988 4153 1127 4234 stinguit
1143 4153 1194 4230 67,
1211 4169 1257 4232 19.

245 4235 389 4319 hexapla
398 4237 442 4320 (v.
459 4238 647 4323 Origenes).
947 4238 1061 4303 ludaei
1078 4238 1244 4321 psalmum
1262 4239 1323 4302 xxi
1340 4239 1382 4303 de
1400 4242 1521 4306 Esther
1536 4261 1596 4324 pu·

247 4321 457 4409 Hieronymo
472 4324 536 4410 (S.)
563 4347 648 4409 quae
672 4348 772 4394 causa
796 4328 894 4393 suerit
988 4336 1061 4391 tant
1088 4345 1160 4389 esse
1193 4325 1416 4408 compositum
1450 4345 1500 4410 32,
1535 4345 1594 4406 123

289 4410 460 4496 Excerpta
474 4414 517 4477 de
543 4415 703 4479 Psalterio
728 4417 893 4480 scribendi
989 4415 1100 4478 hostes
1117 4423 1195 4478 sunt
1209 4413 1368 4477 ecclesiae
1386 4431 1434 4496 55,
1451 4434 1469 4478 2
1483 4439 1490 4494 ;
1507 4415 1595 4498 prin·

292 4514 317 4573 1,
339 4516 369 4578 4,
393 4519 478 4584 sqq;
504 4499 651 4584 hexapla
676 4503 832 4586 Origenis
859 4505 892 4566 in
988 4503 1078 4585 cipes
1119 4511 1252 4566 nostrae
1277 4500 1353 4563 fidei
1384 4507 1426 4566 de
1461 4504 1595 4567 ludaeis

289 4583 493 4651 Caesariensi
531 4588 733 4655 bibliotheca
778 4592 896 4673 relegit
989 4598 1066 4653 sunt
1083 4589 1132 4669 56,
1153 4606 1191 4667 19
1203 4609 1210 4667 ;
1241 4588 1439 4654 ludaeorum
1456 4609 1593 4655 consue-

292 4672 518 4757 Hieronymus
536 4687 563 4756 5,
583 4678 641 4758 16;
660 4693 707 4756 12,
720 4697 757 4758 9;
770 4697 895 4742 memo·
990 4679 1072 4740 tudo
1094 4676 1137 4739 de
1163 4673 1295 4738 alleluia
1321 4674 1354 4736 in
1381 4676 1517 4758 psalmis
1538 4697 1593 4740 ca·

290 4761 337 4824 ria
355 4759 482 4825 fallitur
501 4777 551 4846 37,
569 4779 608 4844 19
620 4785 638 4842 ;.
649 4765 894 4848 interpretatio·
989 4763 1101 4828 nendo
1116 4764 1168 4844 76,
1184 4778 1232 4826 22.
1352 4797 1354 4803 =
