4092 5502
589 428 844 490 TRACTATUS
867 427 913 488 IN
936 427 1067 488 MARC.
1092 427 1117 496 1,
1144 446 1153 484 ι
1160 444 1238 502 3·³¹·
1512 423 1592 508 337

238 649 392 733 Denique
417 647 563 730 'primum
590 647 806 712 homicidium
838 656 871 710 et
896 645 1107 730 parricidium
1135 642 1213 708 fecit
1240 641 1372 708 invidia.
1397 643 1475 707 Duo
1499 648 1594 707 erant

237 749 387 814 homines
404 749 436 814 in
463 749 598 825 mundo,
614 748 702 812 Abel
719 758 753 813 et
769 749 852 814 Cain
866 773 874 814 ι
889 746 979 814 Abel
996 767 1134 812 munera
1156 748 1302 832 suscepit
1317 747 1494 826 Dominus,
1509 747 1593 812 Cain

237 874 302 919 non
318 854 474 936 suscepit.
490 851 557 936 Qui
585 853 740 916 virtutem
760 853 881 918 imitari
907 851 1076 928 debuerat,
1091 851 1177 916 adeo
1205 871 1271 918 non
1289 853 1365 919 fecit
1380 875 1387 916 :
1403 852 1461 917 sed
1478 853 1593 918 statim

237 959 398 1024 interfecit
415 957 607 1036 eumenius
624 957 792 1022 Dominus
808 976 946 1023 munera
961 966 1160 1039 susceperat.

204 1079 218 1134 5
278 1062 327 1126 Et
333 1062 487 1145 protinus
500 1061 694 1144 egredientes
708 1061 920 1144 desynagoga
943 1072 1099 1126 venenent
1114 1064 1149 1124 in
1164 1060 1296 1124 demum
1313 1059 1461 1124 Simonis
1474 1069 1506 1124 et
1520 1059 1592 1122 An·

236 1167 330 1231 dreac
343 1187 415 1230 nean
437 1165 550 1230 Iacobo
563 1175 595 1229 et
608 1165 759 1230 Iohanne.
777 1167 987 1230 instruxerat
1014 1165 1179 1229 Dominus
1207 1164 1403 1249 quadrigam
1432 1183 1537 1242 suam,
1559 1173 1593 1228 et

235 1292 334 1354 super
345 1271 515 1336 cherubim
528 1270 694 1334 ferebatur
708 1295 716 1336 r
731 1279 764 1334 et
777 1270 961 1353 ingreditur
976 1270 1009 1334 in
1025 1269 1164 1334 domum
1179 1270 1275 1335 Petri.
1292 1269 1405 1350 Digna
1420 1269 1508 1332 enim
1522 1277 1593 1331 erat

236 1377 348 1440 anima
363 1376 443 1452 eius,
453 1395 540 1458 quae
555 1384 688 1440 tantum
701 1375 866 1456 hospitem
885 1376 1073 1458 susciperet.
1085 1374 1267 1451 Venerunt,
1279 1374 1395 1456 inquit,
1408 1373 1440 1436 in
1450 1374 1590 1439 domum

236 1479 382 1546 Simonis
397 1491 431 1545 et
449 1479 614 1545 Andreae.
629 1479 859 1544 Discumbebat
873 1490 982 1544 autem
1005 1484 1113 1542 socru's
1137 1476 1284 1542 Simonis
1292 1476 1494 1557 febricitans.
1517 1475 1591 1541 Uti·

188 1601 312 1646 ronam
339 1584 381 1647 ad
410 1593 558 1647 nostram
585 1583 724 1648 domum
751 1585 863 1648 veniat
887 1595 919 1648 et
948 1584 1172 1666 ingrediatur,¹
1187 1593 1220 1647 et
1243 1582 1350 1646 febres
1377 1591 1589 1664 peccatorum

234 1698 421 1752 nostrorum
447 1707 509 1752 sua
536 1688 682 1752 iussione
697 1697 800 1752 sanet.
818 1687 1057 1771 Unusquisque
1075 1693 1224 1754 nostmm
1253 1685 1427 1751 febricitat.
1445 1684 1592 1768 Quando

234 1790 362 1869 irascor,
379 1792 529 1858 febricito
545 1817 552 1856 ι
567 1801 650 1875 quot
665 1793 754 1870 vitia,
770 1802 821 1857 tot
845 1791 952 1856 febres
968 1801 1054 1856 sunt.
1079 1791 1145 1858 Sed
1170 1809 1325 1872 rogemus
1349 1789 1530 1873 apostolos,
1554 1798 1591 1854 ut

233 1907 407 1977 precentur
427 1896 546 1971 Iesum,
561 1907 595 1960 et
620 1897 757 1962 accedat
773 1896 815 1960 ad
833 1915 902 1972 nos,
918 1905 951 1960 et
974 1904 1092 1977 tangat
1109 1913 1245 1958 manum
1272 1904 1440 1957 nostram:
1455 1891 1484 1955 si
1499 1891 1589 1956 enim

233 2017 368 2064 manum
385 2009 533 2064 nostram
550 1999 705 2084 tetigerit,
719 1999 834 2064 statim
853 1998 937 2080 fugit
952 1998 1061 2064 febris.
1078 1999 1243 2084 Egregius
1260 2002 1416 2080 medicus,
1432 2011 1466 2065 et
1494 2019 1591 2066 verus

186 2120 214 2173 15
231 2111 282 2166 est
297 2103 467 2170 archiater.
485 2103 637 2168 Medicus
655 2103 801 2186 Moyses,
817 2104 966 2168 medicus
983 2104 1109 2180 Esaias,
1122 2105 1242 2169 medici
1259 2124 1376 2170 omnes
1392 2105 1499 2170 sancti
1513 2107 1588 2170 :sed

231 2207 293 2272 iste
309 2207 472 2272 archiater
497 2218 556 2273 est.
576 2207 679 2272 Novit
694 2205 872 2289 diligenter
896 2227 997 2273 venas
1024 2217 1169 2291 tangere,
1185 2218 1219 2273 et
1246 2209 1438 2273 morborum
1467 2228 1589 2273 arcana

231 2313 376 2377 scrutari.
394 2312 471 2376 Non
488 2311 596 2394 tangit
613 2329 737 2386 aurern,
754 2329 819 2374 non
837 2311 945 2393 tangit
962 2311 1115 2388 frontem,
1132 2332 1197 2376 non
1215 2311 1324 2394 tangit
1339 2311 1440 2376 aliam
1458 2320 1588 2394 partem
1656 2348 1659 2352 -

231 2415 397 2498 corporis:
423 2416 481 2480 sed
510 2435 646 2480 manum
674 2415 791 2498 tangit.
818 2415 997 2498 Propterea
1034 2417 1121 2480 enim
1153 2414 1372 2493 febricitabat,
1396 2415 1475 2497 quia
1501 2415 1589 2479 hona

230 2539 331 2602 opera
347 2539 413 2584 uon
430 2519 591 2604 hahebat.
604 2519 751 2584 Primum
776 2519 888 2601 itaque
904 2527 1064 2590 sanantur
1090 2539 1202 2602 opera,
1217 2529 1251 2586 et
1266 2530 1383 2604 postea
1399 2521 1499 2585 febris
1526 2520 1588 2585 tol-

182 2645 214 2683 no
230 2623 315 2688 fitur.
343 2623 421 2688 Non
449 2634 560 2707 potest
587 2623 701 2706 fugere
736 2622 845 2698 febris,
876 2623 937 2687 nisi
965 2643 1066 2705 opera
1091 2635 1259 2691 sanentur.
1290 2625 1437 2708 Quando
1469 2644 1596 2690 manus.

230 2739 342 2792 nostra
358 2729 459 2794 habet
477 2729 565 2794 maia
581 2749 693 2812 opera,
708 2729 854 2793 iacemus
878 2729 911 2791 in
929 2727 1059 2806 lectulo,
1074 2728 1217 2793 allevare
1238 2748 1299 2792 nos
1315 2748 1381 2791 non
1400 2747 1587 2809 possumus,

228 2833 399 2898 ambulare
414 2855 480 2898 non
498 2853 694 2917 possumus:
710 2832 773 2897 toti
789 2834 953 2916 siquidem
967 2833 1000 2897 in
1017 2833 1226 2915 aegritudine
1241 2852 1364 2898 sumus.
1380 2833 1428 2896 Et
1442 2832 1588 2896 accedens

227 2936 270 3000 ad
288 2936 378 3000 iilam
394 2957 480 3020 quae
491 2938 730 3020 aegrotabat...
749 2937 891 3019 Surgere
908 2937 996 3000 enim
1010 2936 1082 3018 ipsa
1098 2957 1165 3001 non
1182 2938 1300 3019 potuit,
1311 2937 1390 3018 quia
1406 2936 1534 3000 iacebat
1553 2937 1585 2999 in

228 3041 359 3119 lectulo,
374 3041 450 3106 ideo
466 3041 609 3106 venienti
633 3062 804 3106 occurrere
820 3062 886 3104 non
915 3043 1042 3126 potuit:
1060 3043 1116 3106 sed
1134 3042 1197 3106 iste
1224 3040 1409 3106 misericors
1437 3040 1587 3105 medicus

179 3165 209 3218 ις
227 3147 298 3228 ipse
314 3147 405 3210 vadit
421 3146 463 3210 ad
481 3145 649 3223 lectulum,
664 3149 720 3228 qui
737 3148 903 3211 oviculam
927 3146 1113 3211 morbidam
1138 3147 1206 3212 suis
1222 3145 1369 3210 humeris
1385 3154 1595 3228 portaverat,

226 3247 298 3330 ipse
314 3249 403 3314 venit
418 3250 462 3313 ad
478 3249 645 3314 lectulum.
663 3250 710 3314 Et
737 3252 907 3315 accedeus.
924 3250 1025 3316 Ultro
1044 3251 1191 3328 accessit,
1207 3261 1244 3314 ut
1261 3249 1347 3314 uitro
1373 3257 1513 3313 sanaret.
1541 3247 1593 3312 Et·

226 3353 396 3418 accedens.
421 3353 510 3418 Vide
534 3353 613 3436 quid
641 3355 740 3419 dicat.
769 3355 942 3419 Debueras
970 3354 1105 3438 quidem
1123 3354 1203 3419 mihi
1229 3353 1375 3417 venienti
1402 3371 1586 3429 occurrere,

225 3457 388 3522 debueras
404 3459 515 3522 venire
531 3459 574 3522 ad
602 3459 724 3522 ostium
741 3468 775 3522 et
802 3459 968 3540 suscipere
988 3481 1050 3536 me,
1066 3469 1102 3522 ut
1129 3459 1254 3522 sanitas
1281 3466 1339 3520 tua
1356 3476 1421 3519 non
1453 3466 1585 3520 tantum

227 3561 470 3626 misericordiae
486 3582 580 3626 meae
596 3562 755 3640 esset,sed
769 3569 803 3625 et
814 3561 993 3626 voluntatis
1004 3573 1092 3627 tuae:
1103 3563 1161 3625 sed
1178 3561 1337 3645 quoniam
1354 3560 1586 3643 magnitudine

176 3689 209 3740 ³0
227 3662 366 3732 febrium
382 3666 588 3748 opprimeris,
603 3675 638 3730 et
654 3666 761 3730 levare
778 3676 811 3730 te
823 3686 888 3730 non
901 3677 1005 3748 potes,
1015 3668 1086 3750 ipse
1102 3667 1208 3730 venio.
1223 3665 1272 3728 Et
1285 3664 1432 3728 accedens
1445 3662 1587 3728 elevavit

224 3787 306 3831 earn.
323 3766 411 3852 Quia
429 3787 563 3851 surgere
579 3769 650 3852 ipsa
676 3789 742 3832 non
766 3777 906 3862 poterat,
923 3769 1084 3833 levatura
1102 3770 1258 3834 Domino.
1275 3769 1323 3832 Et
1348 3769 1488 3845 clevavit
1513 3787 1585 3830 earn

224 3869 464 3956 adprehendens
490 3893 624 3937 manum
651 3873 728 3937 eries.
746 3873 886 3938 Manum
911 3874 1045 3956 q'uidem
1071 3875 1213 3957 prendit.
1231 3875 1275 3938 Et
1304 3875 1421 3938 Petrus
1450 3873 1585 3957 quando

226 3976 473 4060 periclitabatur
488 3977 521 4041 in
540 3977 622 4040 mari
638 3987 671 4042 et
690 3977 973 4060 submergebatur,
989 3998 1108 4042 manus
1125 3979 1227 4062 ipsius
1243 3978 1400 4061 tangitur,
1416 3987 1449 4041 et
1475 3976 1582 4041 eleva·

225 4089 287 4146 tur.
298 4080 344 4144 Et
355 4081 477 4146 levavit
487 4101 560 4145 eam
578 4079 784 4162 adprehensa
798 4102 899 4145 manu
911 4083 988 4145 eius.
1003 4081 1106 4145 Manu
1120 4103 1180 4146 sua
1196 4083 1418 4164 adprehendit
1436 4101 1583 4144 manum.

258 4277 430 4342 qsusceperat]
442 4293 462 4344 χ
473 4275 559 4326 addit:
577 4277 661 4338 Quam
674 4278 801 4326 inuidiam
823 4277 1066 4342 utinamsugiamus
1084 4294 1175 4337 enisus,
1189 4284 1212 4327 ef
1222 4279 1342 4327 virtutem
1359 4291 1502 4340 sequemur,
1511 4283 1584 4340 prae·

225 4367 306 4412 stante
315 4361 423 4418 domino,
437 4360 481 4407 cui
491 4359 571 4407 iunior
581 4361 609 4407 in
621 4363 702 4410 secula
713 4362 863 4419 seculorum,
877 4363 958 4410 Amen
971 4369 995 4410 et
1008 4362 1083 4425 incip.
1098 4361 1185 4410 homil.
1200 4373 1238 4410 νι.
1317 4361 1348 4409 26
1359 4361 1467 4425 accessit]
1478 4359 1565 4424 scripsi
1577 4378 1584 4420 ;

226 4444 327 4496 accesit
338 4460 365 4512 χ.
381 4442 419 4494 Cf.
435 4443 526 4502 Morel,
540 4444 590 4492 cof.
607 4456 677 4504 1040.

271 4630 315 4682 14.
326 4627 410 4668 venes
417 4616 459 4667 esf
467 4604 626 4687 archiater]
638 4607 763 4668 Hieron.
774 4609 880 4666 Trans·
931 4607 1037 4685 aliquis
1048 4609 1194 4669 archiater
1203 4608 1254 4685 qui
1270 4608 1377 4669 haheat
1392 4626 1539 4670 summam
1553 4605 1583 4666 in

228 4691 278 4752 lat.
294 4690 396 4752 homil.
413 4707 474 4748 ιιιιι
489 4687 570 4766 Orig.
587 4689 618 4749 in
645 4692 716 4749 Luc.
741 4688 879 4749 ‘eveniat
931 4703 993 4750 arte
1009 4689 1144 4750 notitiam
1160 4692 1167 4718 '
1181 4703 1237 4752 etc.

281 4819 393 4862 mecon
403 4819 556 4862 unumne
566 4818 610 4870 ιιι,
621 4833 641 4860 2.
1510 4834 1534 4870 ιι
1586 4801 1591 4814 '
