4092 5502
591 479 845 542 TRACTnTUS
867 481 913 541 IN
937 480 1067 544 MARC.
1091 481 1147 556 xl,
1176 501 1250 544 1·ro.
1513 485 1595 571 355

246 699 469 778 maxillarum,
495 700 585 785 quod
611 699 847 784 interpretatur
873 700 1078 786 Bethplrage.
1095 704 1172 769 Non
1197 704 1374 772 adducitur
1388 706 1531 790 primum
1556 706 1597 771 ad

245 806 421 884 brachiola,
438 825 504 870 non
521 806 697 870 adducitur
713 806 856 888 primum
873 808 915 872 ad
940 809 1191 890 pectusculum:
1207 811 1264 876 sed
1282 812 1458 878 adducitur
1474 813 1516 878 ad
1531 833 1599 876 ma·

247 911 371 988 xillam,
388 911 430 976 ad
447 929 634 974 sermonem
651 911 707 993 qui
730 911 849 974 doceat
865 931 952 976 eum.
1010 931 1013 936 ·

289 1015 453 1079 Ascendit
469 1015 580 1097 itaque
597 1013 695 1078 istum
713 1014 840 1096 pullum
865 1014 1039 1080 Salvator:
1054 1020 1213 1096 ascendit,
1228 1019 1306 1102 quia
1322 1020 1427 1084 lassus
1443 1030 1522 1085 erat.
1546 1019 1599 1084 De

214 1123 228 1180 5
248 1116 398 1182 Samaria
414 1117 584 1183 Galilaeae
608 1129 742 1181 venerat
772 1118 939 1196 Hiericho,
955 1119 997 1183 de
1023 1121 1183 1189 Hiericho
1198 1135 1333 1189 venerat
1356 1145 1459 1208 usque
1478 1125 1598 1190 Betha-

247 1224 345 1297 niam,
370 1231 517 1286 montem
543 1231 673 1286 tantum
691 1223 894 1300 ascenderat,
910 1222 1016 1287 lassus
1040 1247 1105 1290 non
1124 1227 1230 1293 iuerat
1244 1251 1251 1293 :
1266 1249 1326 1311 pro
1342 1229 1472 1294 duobus
1486 1239 1598 1294 tamen

247 1327 391 1392 millibus
408 1327 557 1404 lassatur,
573 1335 606 1390 et
631 1327 759 1409 quaerit
786 1328 926 1393 asinum.
944 1327 995 1391 De
1022 1329 1233 1398 Hierusalem
1257 1333 1326 1397 ibat
1343 1335 1374 1396 in
1404 1332 1601 1411 Galilaeam,

246 1453 349 1518 usque
367 1431 553 1498 Samariam
580 1431 721 1515 pedibus
748 1431 946 1496 ambulans:
961 1442 994 1495 et
1019 1435 1088 1500 duo
1104 1436 1195 1500 milia
1211 1436 1382 1502 ambulare
1398 1458 1465 1502 non
1483 1437 1600 1522 potuit.

247 1537 313 1602 Sed
332 1556 431 1600 omne
447 1535 536 1619 quod
565 1534 642 1600 lecit
659 1535 763 1614 Iesus,
789 1545 998 1600 sacramenta
1023 1547 1109 1616 sunt,
1124 1538 1214 1602 salus
1237 1547 1351 1602 nostra
1367 1547 1427 1604 est.
1445 1537 1481 1604 Si
1511 1537 1598 1601 enim

197 1658 228 1693 ¹0
246 1642 326 1706 dicit
342 1640 437 1705 nobis
453 1639 624 1722 apostolus
640 1645 647 1672 ‘
665 1641 742 1706 Sive
755 1641 964 1706 manducatis
987 1641 1056 1703 sive
1072 1641 1184 1707 bibitis
1198 1642 1268 1706 sive
1283 1644 1362 1725 quid
1380 1642 1469 1707 aliud
1484 1642 1601 1719 facitis,

246 1747 359 1810 omnia
384 1746 415 1809 in
442 1744 577 1809 nomine
604 1745 742 1810 Domini
757 1744 1032 1828 iacite'2quanto
1056 1745 1162 1828 magis
1187 1746 1340 1812 Salvator
1356 1748 1425 1810 sive
1451 1746 1601 1812 ambulat

163 1893 165 1900 -
246 1850 314 1914 sive
330 1850 425 1914 sedet
439 1850 509 1912 sive
524 1848 670 1913 comedit
685 1848 756 1911 sive
781 1848 916 1926 dormit,
942 1859 1055 1912 nostra
1077 1861 1155 1914 sunt
1179 1857 1412 1915 sacramenta?
1437 1851 1602 1916 Ascendit

247 1955 358 2038 itaque
374 1952 511 2018 asinam.
540 1952 606 2018 Sed
624 1951 704 2015 dicit
730 1951 814 2014 alius
837 1950 1042 2032 evangelista
1058 1953 1148 2035 quod
1176 1953 1304 2036 pullum
1329 1954 1480 2019 ascendit
1494 1979 1501 2020 ε
1517 1954 1601 2019 alius

246 2082 325 2126 vero
340 2059 420 2124 dicit
437 2059 527 2140 quod
544 2059 666 2142 pariter
681 2067 714 2121 et
731 2057 763 2122 in
782 2057 909 2121 asinam
938 2066 971 2121 et
987 2058 1019 2121 in
1038 2058 1165 2139 pullum
1183 2058 1343 2124 ascendit.
1365 2059 1452 2123 Rem
1468 2059 1544 2124 dico
1562 2059 1601 2122 ri-

201 2177 229 2230 15
247 2164 400 2229 diculam.
427 2162 599 2244 Numquid
624 2161 773 2244 singulos
798 2163 901 2244 pedes
928 2161 960 2224 in
988 2161 1152 2227 ambobus
1177 2160 1279 2225 asinis
1295 2161 1418 2226 habere
1443 2169 1602 2246 poterat?

249 2269 325 2332 Hoc
338 2276 446 2332 toturn
463 2266 581 2348 loquor
606 2275 723 2329 contra
741 2264 892 2330 Iudaeos.
912 2263 947 2329 Si
964 2266 1053 2328 enim
1081 2266 1171 2330 venit
1188 2264 1220 2328 in
1248 2265 1351 2344 asina,
1366 2285 1432 2330 non
1451 2266 1543 2330 venit
1566 2266 1600 2330 in

248 2373 347 2457 pullo.
365 2371 529 2436 Universa
543 2368 678 2452 quidem
696 2369 886 2444 factasunt,
902 2368 959 2432 sed
976 2368 1066 2432 aliud
1095 2368 1273 2450 praecessit
1294 2369 1327 2432 in
1345 2369 1488 2452 signum.
1507 2367 1603 2434 Sedit

249 2476 339 2558 pullo
361 2474 474 2538 asinae
490 2472 695 2550 indomabili,
718 2473 774 2555 qui
792 2470 900 2535 frenos
925 2473 1074 2554 accipere
1090 2490 1156 2536 non
1175 2480 1318 2555 poterat,
1334 2473 1387 2536 cui
1415 2491 1601 2556 numquam

248 2581 366 2666 aliquis
382 2579 522 2654 sederat,
538 2578 571 2641 in
599 2575 723 2661 populo
739 2575 909 2658 gentium:
925 2575 1011 2640 sedit
1037 2577 1069 2640 in
1101 2576 1204 2654 asina,
1219 2575 1252 2640 in
1269 2577 1321 2640 his
1337 2577 1393 2659 qui
1420 2576 1604 2641 credebant

203 2701 233 2736 ²0
249 2685 290 2750 de
305 2703 487 2769 synagoga.
502 2681 546 2746 Et
561 2681 638 2745 vide
653 2679 732 2764 quid
748 2679 846 2744 dicat.
865 2680 910 2744 Et
924 2680 1020 2759 sedit,
1037 2680 1153 2764 inquit,
1169 2682 1202 2745 in
1220 2681 1313 2745 asina
1330 2680 1508 2764 subiugali,
1518 2700 1603 2763 quae

249 2791 370 2856 collum
388 2797 422 2852 et
437 2787 580 2852 cervices
595 2785 668 2868 lege
684 2785 830 2849 habebat
845 2785 948 2849 tritas.

294 2895 339 2958 Et
354 2891 504 2968 occurrit,
529 2890 645 2973 inquit,
660 2888 689 2952 ei
706 2889 894 2953 multitudo.
911 2887 1082 2971 Quamdiu
1098 2897 1169 2952 erat
1184 2888 1217 2952 in
1236 2898 1359 2970 monte,
1375 2887 1557 2954 multitudo
1573 2888 1603 2954 ei

249 3018 417 3063 occurrere
434 3015 499 3060 non
516 3003 668 3078 poterat:
691 2993 800 3075 coepit
815 2991 1025 3071 descendere,
1048 3003 1081 3058 et
1096 2993 1237 3058 occurrit
1254 2995 1360 3060 turba.
1376 2994 1426 3059 Et
1440 2993 1604 3071 clamavit,

250 3102 365 3184 inquit,
392 3099 487 3164 turba
509 3100 697 3180 praecedens
719 3107 747 3163 et
771 3117 928 3178 sequens:
947 3095 1081 3160 Osanna
1098 3097 1174 3181 filio
1199 3096 1325 3176 David,
1347 3097 1526 3162 benedictus
1547 3098 1607 3181 qni

205 3221 234 3274 ²5
251 3205 387 3270 venitin
405 3203 530 3267 nonn'ne
557 3203 704 3282 Domini,
724 3225 846 3268 osanna
871 3204 905 3268 in
929 3204 1065 3268 excelsis.
1082 3205 1127 3268 Et
1144 3205 1199 3289 qui
1216 3206 1464 3288 praecedebant
1491 3213 1524 3269 et
1546 3205 1603 3287 qui

251 3308 473 3391 sequebantur
488 3325 635 3370 consona
661 3328 742 3371 voce
757 3308 939 3372 clamitant.
956 3307 1022 3391 Qui
1040 3316 1117 3372 sunt
1134 3308 1189 3390 qui
1218 3310 1447 3390 praecedunt?
1466 3308 1604 3392 patriar·

251 3412 332 3474 chae
348 3421 380 3473 et
397 3408 587 3491 prophetae.
604 3409 670 3492 Qui
687 3416 891 3495 sequuntur?
907 3410 1050 3494 apostoli
1069 3422 1102 3475 et
1119 3411 1294 3494 gentilium
1311 3412 1463 3496 populus.
1489 3410 1557 3477 Sed
1571 3421 1605 3475 et

253 3517 283 3578 in
303 3514 574 3599 praecedentibus
590 3525 623 3578 et
641 3518 672 3579 in
689 3515 903 3599 sequentibus
921 3534 986 3579 una
1002 3535 1070 3578 vox
1088 3513 1230 3597 Xpistus
1246 3525 1318 3580 est:
1335 3517 1444 3599 ipsum
1456 3514 1605 3590 laudant,

284 3704 439 3770 9Si]sic½.
533 3713 559 3764 17
573 3703 651 3764 Sedit]
664 3702 890 3771 εεῐὶρείμιόιὶχ.
981 3716 1013 3765 24
1027 3703 1141 3765 Osanna]
1154 3703 1327 3754 Hannon-na
1339 3719 1367 3772 χ.
1458 3703 1606 3767 2sosanna]

253 3801 397 3854 οειαηηαχ.

300 3959 341 3997 rr.
349 3932 453 4015 facite]
473 3955 484 3992 r
503 3935 572 3996 Cor.
594 3954 637 4007 ιο,
655 3954 701 4010 31.
955 3936 1059 3998 altiora
1086 3934 1328 3997 transmittimur:
1360 3945 1392 3994 ut
1426 3931 1508 3994 asina
1540 3932 1604 4006 ista,

299 4039 342 4092 14.
358 4021 431 4077 Rem
446 4017 507 4075 dico
521 4015 673 4074 ridr'crrlum
689 4014 759 4097 etc]
778 4018 902 4076 Hieron.
955 4037 1033 4096 quae
1048 4016 1209 4094 subiugalis
1232 4017 1286 4077 luit
1302 4027 1331 4078 et
1356 4014 1497 4090 edomita,
1513 4025 1542 4076 et
1565 4015 1606 4074 iu-

257 4102 285 4162 in
309 4100 416 4160 Matth.
446 4119 491 4170 21,
519 4119 537 4170 4
563 4099 674 4156 ‘Nunc
699 4097 903 4173 stringendum
955 4120 1025 4177 gum
1042 4099 1112 4176 legis
1135 4109 1269 4170 traxerat,
1286 4116 1434 4176 synagoga
1458 4097 1606 4174 intellega-

256 4184 389 4254 breviter,
416 4181 499 4256 quod
526 4179 692 4238 secundum
722 4180 849 4238 litteram
874 4178 904 4237 in
956 4193 1004 4240 tur
1014 4203 1023 4254 3
1052 4183 1151 4258 pullus
1177 4181 1278 4240 asinae
1307 4178 1433 4239 lascivus
1458 4189 1488 4238 et
1522 4177 1605 4249 liber,

257 4283 346 4343 parvo
375 4260 487 4321 itineris
513 4258 608 4336 spatio
636 4279 725 4336 super
746 4271 904 4337 utrumque
956 4261 1089 4340 gentium
1105 4262 1252 4339 populus’
1267 4274 1322 4322 etc.

257 4345 365 4406 animal
381 4343 485 4402 sedere
501 4360 561 4400 non
587 4340 720 4417 quiverit.
738 4345 798 4401 Aut
824 4345 903 4401 enirn
998 4346 1043 4403 26.
1059 4363 1181 4403 consona
1206 4361 1267 4402 noce
1289 4338 1453 4421 claririlant]
1481 4339 1605 4400 Hieron.

257 4427 334 4489 sedit
355 4425 464 4496 asinae,
485 4432 514 4482 et
538 4424 635 4498 pullus
655 4424 769 4499 absque
794 4442 907 4484 sessore
959 4425 1029 4485 ibid.
1057 4431 1273 4501 9‘utrumque
1297 4422 1428 4484 ostendit
1453 4423 1607 4500 populum,

259 4510 312 4569 luit
325 4529 333 4581 3
347 4517 398 4567 aut
413 4505 437 4564 si
449 4506 539 4582 pullo,
553 4505 635 4580 quod
647 4505 739 4582 magis
754 4504 905 4581 competit,
958 4519 987 4564 et
1012 4507 1063 4583 qui
1088 4517 1157 4566 ante
1185 4504 1371 4583 evangelium
1411 4516 1441 4565 et
1464 4505 1516 4580 qui
1541 4514 1608 4580 post

259 4610 328 4651 usus
343 4587 440 4647 estad
463 4587 638 4657 sedendum,
661 4586 744 4646 asina
759 4589 849 4646 ducta
863 4597 907 4645 est
958 4588 1144 4665 evangelium
1170 4588 1304 4646 Domino
1325 4586 1524 4656 crediderunt,
1540 4603 1610 4644 con-

259 4674 356 4733 libera.
383 4671 463 4744 Ergo
484 4687 552 4726 cum
567 4665 688 4726 historia
713 4668 760 4728 vel
775 4667 907 4744 inrpossi·
958 4687 1031 4729 sona
1048 4671 1149 4729 Iesum
1161 4666 1358 4728 consessionis
1373 4687 1446 4728 voce
1460 4667 1582 4728 laudare
1593 4669 1606 4726 ³.

259 4754 402 4815 bilitatem
418 4749 527 4809 habeat
550 4749 596 4808 vel
620 4747 844 4826 turpitudinem,
868 4750 906 4808 ad
