4140 5502
481 439 566 525 414
871 431 898 492 s.
923 427 1178 490 arenosum
1200 427 1465 488 pensaurum

484 665 587 728 modo
609 661 715 726 Maria
729 657 822 738 virgo
838 663 944 717 mater
956 650 1094 715 Domini
1105 649 1189 714 inter
1198 669 1315 713 omnes
1331 648 1484 714 mulieres
1504 649 1725 734 principatum
1740 661 1843 729 tenet,

487 771 534 835 ita
550 771 636 834 inter
651 778 778 833 ceteros
794 766 864 828 dies
879 763 962 826 haec
978 761 1128 825 omnium
1151 759 1280 824 dierum
1298 767 1404 823 mater
1418 768 1477 823 cst.
1500 759 1584 823 Rem
1610 778 1731 824 novam
1757 759 1844 837 dico,

485 876 543 940 sed
560 895 646 958 quae
662 873 896 954 scripturarum
912 864 1049 931 vocibus
1061 864 1303 947 conprobetur:
1322 863 1404 927 haec
1426 862 1497 927 dies
1515 873 1550 928 et
1573 885 1638 928 una
1654 864 1697 928 de
1713 875 1842 949 septem

485 991 518 1042 et
537 989 633 1042 extra
644 987 770 1060 septem
784 981 842 1038 est.
860 963 955 1037 Haec
971 979 1021 1034 est
1036 971 1212 1053 dies,quae
1228 968 1415 1051 appellatur
1429 976 1563 1045 octava3
1580 969 1667 1032 unde
1683 979 1716 1034 et
1728 970 1842 1052 inqui-

488 1081 629 1146 busdam
647 1080 851 1164 psalmorum
868 1076 973 1141 titulis
998 1073 1250 1156 superscribitur
1266 1077 1349 1155 ‘pro
1364 1083 1482 1136 octava
1498 1073 1514 1139 '.
1532 1075 1626 1137 Haec
1643 1083 1694 1137 est
1709 1073 1789 1152 dies,
1809 1076 1842 1138 in
1882 1087 1896 1143 5

486 1206 552 1268 qua
579 1205 752 1269 synagoga
777 1183 896 1257 finitur,
923 1189 956 1243 et
972 1178 1110 1242 ecclesia
1131 1177 1284 1241 nascitur.
1305 1176 1410 1254 Haec,
1435 1174 1468 1239 in
1492 1177 1584 1241 cuius
1607 1196 1747 1243 numero
1765 1188 1844 1242 octo

484 1289 618 1353 animae
633 1297 783 1353 servatae
799 1296 875 1349 sunt
892 1285 923 1347 in
941 1305 1017 1347 arca
1030 1283 1115 1346 Noe:
1131 1287 1138 1314 ‘
1157 1281 1324 1357 Similiter,
1340 1280 1447 1364 inquit
1465 1282 1589 1358 Petrus,
1605 1291 1639 1346 et
1654 1303 1713 1347 vos
1733 1283 1844 1348 salvos

488 1391 565 1457 iacit
581 1393 719 1457 ecclesia
736 1391 753 1457 '.
781 1391 876 1454 Haec
893 1397 952 1464 est,
972 1389 1014 1450 de
1038 1407 1102 1469 qua
1120 1386 1339 1450 Ecclesiastes
1366 1383 1545 1468 praecipit:
1568 1386 1683 1450 ‘Date
1713 1397 1843 1470 partem

490 1507 629 1580 septem,
652 1504 781 1578 partem
809 1502 842 1557 et
870 1502 946 1556 octo
963 1491 977 1556 '.
1006 1491 1053 1555 Hi
1075 1499 1152 1554 sunt
1173 1500 1250 1554 octo
1275 1490 1407 1572 gradus,
1422 1508 1480 1571 per
1495 1508 1580 1571 quos
1596 1489 1629 1552 iu
1662 1487 1845 1552 Iezechielc

490 1600 654 1682 templum
687 1598 752 1664 Dei
782 1596 982 1661 scandimus.
1014 1594 1109 1658 Haec
1136 1603 1255 1658 octava
1280 1594 1361 1671 dies,
1390 1595 1433 1658 de
1462 1595 1556 1658 cuius
1576 1602 1786 1658 sacramento
1810 1599 1845 1656 et
1866 1608 1898 1647 10

489 1705 639 1768 omnium
657 1702 829 1766 nationum
847 1699 879 1764 in
897 1699 1020 1780 Xpisto
1043 1695 1108 1762 fide
1124 1707 1261 1762 octavus
1277 1718 1410 1782 quoque
1428 1698 1576 1781 psalmus
1592 1698 1730 1781 incipit:
1746 1702 1753 1729 ⁸
1773 1696 1843 1760 Do·

490 1807 579 1872 mine
596 1805 762 1872 Dominus
789 1811 910 1880 noster,
925 1821 1025 1885 quam
1057 1801 1252 1866 admirabile
1282 1812 1332 1868 est
1359 1821 1482 1867 nomen
1511 1813 1606 1868 tuum
1636 1803 1669 1866 in
1692 1802 1845 1867 universa

485 1921 571 1976 terra
587 1911 604 1978 '.

534 2017 578 2080 Et
595 2017 674 2099 quid
693 2035 746 2080 mc
762 2033 895 2079 necesse
911 2021 961 2075 est
978 2009 1106 2075 infinita
1122 2009 1304 2092 replicare?
1322 2011 1403 2076 Dies
1428 2029 1481 2072 me
1496 2008 1636 2086 deficiet,
1659 2009 1686 2073 si
1707 2008 1845 2074 voluero

488 2144 590 2188 omne
611 2123 677 2189 diei
694 2124 788 2188 istius
804 2140 974 2203 exponere
989 2125 1244 2183 sacramentum.
1256 2119 1331 2182 Hoc
1347 2125 1477 2182 tantum
1489 2114 1674 2194 dico,quod
1690 2115 1844 2178 universa
1866 2131 1896 2186 ις

488 2229 619 2292 sabbati
636 2228 743 2312 gratia
759 2237 792 2291 et
807 2227 945 2308 antiqua
961 2225 1016 2288 illa
1033 2223 1194 2289 festivitas
1221 2225 1334 2306 popuii
1365 2224 1564 2287 Iudaeorum
1581 2219 1646 2282 diei
1664 2220 1758 2284 istius
1778 2219 1845 2283 sol·

489 2330 662 2396 lemnitate
679 2338 808 2396 mutata
823 2339 882 2393 est.
900 2329 951 2393 Illi
968 2328 1001 2391 in
1018 2326 1158 2391 sabbato
1182 2347 1248 2389 non
1277 2327 1444 2390 faciebant
1468 2344 1551 2406 opus
1567 2325 1684 2388 servile
1698 2349 1705 2390 ε
1720 2345 1781 2388 nos
1809 2325 1843 2388 in

488 2436 541 2500 die
558 2435 808 2511 dominica,hoc
824 2441 883 2510 est,
900 2433 931 2495 in
948 2431 1002 2495 dic
1018 2429 1264 2494 resurrectionis
1281 2451 1365 2512 opus
1381 2428 1498 2493 servile
1515 2449 1581 2491 non
1601 2427 1750 2506 iacimus,
1765 2427 1844 2510 quia

487 2540 575 2603 vitiis
591 2549 625 2603 et
641 2538 787 2622 peccatis
798 2557 863 2600 non
882 2535 1050 2598 servimus.
1066 2537 1073 2566 ‘
1091 2533 1157 2616 Qui
1174 2532 1261 2594 enim
1280 2531 1359 2596 facit
1374 2541 1557 2614 peccatum,
1573 2553 1685 2596 servus
1702 2542 1751 2596 est
1768 2553 1844 2614 pec·

487 2645 552 2709 cati
569 2644 585 2710 ’.
604 2643 657 2707 Illi
672 2644 715 2708 de
732 2641 887 2706 domibus
910 2637 977 2700 suis
1005 2656 1072 2699 non
1099 2635 1373 2717 egrediebantur:
1393 2647 1425 2700 et
1453 2655 1514 2699 nos
1541 2636 1583 2699 de
1612 2637 1714 2700 domo
1730 2635 1845 2719 Xpisti
1864 2657 1898 2695 ιο

488 2769 554 2812 non
573 2749 769 2832 egredimur,
786 2765 901 2810 sumus
917 2741 1005 2805 enim
1024 2742 1055 2804 in
1072 2739 1219 2803 ecclesia.
1249 2741 1302 2803 Illi
1330 2761 1394 2804 non
1422 2740 1652 2805 accendebant
1673 2742 1784 2823 ignem
1810 2741 1843 2804 iu

486 2853 540 2917 die
557 2853 708 2917 sabbati:
736 2872 795 2915 nos
820 2848 1019 2913 econtrario
1035 2845 1248 2909 accendimus
1265 2847 1298 2910 in
1315 2847 1411 2910 nobis
1432 2847 1544 2927 ignem
1564 2845 1708 2927 Spiritus
1728 2846 1845 2923 sancti,

486 2967 519 3020 et
545 2977 646 3020 omne
673 2957 789 3020 vitium
816 2951 1035 3035 excoquimus
1062 2959 1298 3033 peccatorum;
1325 2951 1368 3014 de
1398 2970 1465 3032 quo
1490 2949 1567 3031 igne
1593 2949 1760 3014 Dominus
1776 2951 1844 3014 ait:

487 3065 495 3094 ‘
512 3063 631 3143 Ignem
649 3060 724 3123 veni
747 3059 877 3122 mittere
894 3059 925 3120 in
944 3067 1075 3132 terram,
1091 3066 1123 3118 et
1140 3076 1240 3140 quam
1261 3056 1337 3120 volo
1355 3066 1391 3120 ut
1407 3057 1522 3119 ardeat
1538 3054 1554 3120 ¹.
1571 3055 1749 3119 Desiderat
1773 3053 1844 3118 Do-

487 3163 596 3225 minus
613 3162 725 3242 ignem
742 3162 842 3225 istum
859 3162 974 3224 ardere
990 3160 1023 3223 in
1046 3159 1151 3234 nobis,
1172 3168 1205 3222 et
1221 3159 1403 3222 secundum
1421 3159 1611 3242 apostolum
1630 3159 1756 3242 Spiritu
1781 3178 1843 3223 nos
1862 3179 1894 3232 25

486 3276 603 3330 sancto
627 3265 759 3342 fervere,
774 3275 810 3329 ut
827 3286 892 3329 non
910 3264 1101 3346 refrigescat
1124 3262 1156 3326 in
1174 3263 1270 3326 nobis
1283 3264 1402 3327 caritas
1420 3264 1493 3328 Dei.
1518 3263 1571 3326 Illi
1589 3284 1645 3345 per
1660 3262 1750 3327 diem
1767 3262 1843 3327 sab·

485 3370 555 3433 bati
572 3390 638 3433 non
656 3368 831 3433 ambulant
847 3369 879 3432 in
897 3368 1023 3443 itinere,
1039 3366 1353 3449 perdideruntenim
1367 3367 1460 3431 illum
1478 3371 1533 3452 qui
1551 3369 1639 3433 dixit
1656 3375 1662 3404 ⁸
1681 3369 1757 3452 Ego
1768 3389 1842 3432 sum

486 3473 539 3537 via
555 3473 582 3537 ἐ
599 3494 659 3536 nos
676 3481 787 3536 autem
805 3473 945 3536 dicimus
972 3475 980 3504 ‘
998 3471 1092 3534 Beati
1110 3469 1304 3533 inmaculati
1323 3470 1354 3535 in
1372 3473 1434 3550 via,
1453 3474 1509 3556 qui
1527 3472 1702 3537 ambulant
1719 3475 1751 3535 in
1770 3473 1843 3554 lege

519 3658 533 3693 2
546 3644 613 3706 lraec]
626 3644 644 3695 S
657 3652 736 3708 repet.
749 3643 808 3692 dr'cr.
910 3642 1000 3704 rrrater]
1019 3649 1144 3690 corrector
1163 3640 1257 3690 codicis
1269 3642 1291 3688 V
1304 3641 1329 3690 in
1348 3659 1435 3707 marg:
1457 3646 1546 3694 nror'or.
1649 3657 1663 3707 3
1675 3642 1843 3709 conprobetur]

487 3727 721 3792 BS;conprobatur
731 3725 814 3776 ceteri.
900 3725 1030 3786 7·13]om.
1046 3725 1111 3786 Aug.
1198 3729 1274 3790 7vos]
1288 3725 1303 3774 S
1317 3725 1390 3774 inser.
1405 3725 1534 3789 baptisma.
1619 3727 1634 3775 8
1639 3726 1718 3791 sarit]
1721 3726 1838 3790 facietS.

481 3813 591 3874 parterii]
604 3809 621 3858 S
634 3802 739 3876 (μερίδα
752 3807 836 3866 LXX)
845 3823 852 3865 ;
861 3815 945 3871 partes
957 3807 1041 3856 ceteri.
1058 3806 1096 3854 Ci.
1111 3821 1186 3868 supra
1201 3806 1239 3865 18,
1256 3817 1284 3870 15
1295 3823 1301 3864 ;
1318 3819 1370 3866 110,
1390 3819 1397 3854 t
1403 3820 1425 3869 3.
1512 3822 1528 3870 9
1537 3815 1635 3872 partem
1646 3808 1680 3870 et]
1686 3816 1761 3873 parte
1770 3814 1795 3856 ct
1806 3809 1824 3858 S
1835 3825 1841 3864 a

484 3893 631 3941 dutectcet.
714 3903 744 3950 14
755 3905 845 3938 necesse
855 3889 1022 3951 est]Vinser.
1032 3889 1149 3953 plurima
1161 3893 1191 3936 et.
1271 3901 1302 3949 24
1315 3890 1343 3937 in
1355 3889 1461 3950 terram]
1473 3897 1548 3953 super
1558 3897 1653 3939 terram
1665 3890 1690 3939 S.
1776 3897 1843 3952 asc!

484 3975 655 4035 sec.]S;om.
670 3972 754 4022 ceteri.
856 3973 1003 4037 apostolum]
1023 3972 1095 4023 editt.
1110 3970 1184 4020 inser.
1200 3971 1279 4021 idest.
1382 3972 1413 4021 26
1426 3972 1546 4034 innotis]
1559 3972 1690 4032 annos&
1708 3987 1758 4021 om.
1773 3972 1838 4035 Aug.

484 4067 515 4118 27
529 4056 671 4116 anibulanr]
684 4055 701 4105 S
714 4073 721 4114 ;
733 4053 895 4103 anibulabaut
907 4055 938 4104 V.

525 4210 551 4249 2.
568 4192 638 4248 Rem
654 4207 757 4248 novam
772 4189 832 4247 dico
854 4185 925 4268 etc]
941 4188 1067 4247 Hieron.
1092 4205 1137 4246 su·
1230 4207 1255 4263 9.
1272 4185 1341 4267 octo]
1360 4188 1458 4247 Eccle.
1479 4208 1522 4260 11,
1542 4207 1566 4246 2.

483 4291 535 4348 pra
552 4289 596 4345 74,
616 4275 726 4347 3‘ego
745 4287 807 4329 rem
830 4268 899 4330 dico
915 4288 1023 4328 novam
1035 4269 1053 4344 '5
1072 4285 1135 4344 105,
1235 4289 1243 4326 r
1251 4289 1276 4344 3.
1294 4265 1385 4349 terra]
1405 4272 1449 4327 Ps.
1468 4272 1495 4340 8,
1515 4289 1539 4327 2.

488 4373 522 4427 13
539 4353 640 4411 ‘Rem
666 4350 752 4411 vobis
767 4349 871 4410 miram
887 4352 1002 4429 loquor,
1023 4351 1076 4410 sed
1092 4368 1138 4409 ve·
1234 4371 1277 4424 19.
1289 4347 1417 4428 pcccati]
1434 4352 1476 4410 Io.
1492 4353 1518 4422 8,
1536 4369 1582 4425 34.

483 4434 564 4492 ram'
575 4455 584 4508 3
609 4435 673 4508 136,
701 4453 736 4491 22
758 4437 839 4494 ‘reru
863 4451 972 4492 novam
995 4433 1102 4507 loquor
1114 4432 1136 4504 '3
1232 4451 1276 4503 24.
1294 4429 1409 4512 ardeat]
1427 4435 1496 4490 Luc.
1518 4453 1562 4498 12,
1575 4451 1623 4506 49.

485 4515 551 4587 248,
568 4517 684 4589 9‘rem
706 4511 791 4574 vobis
813 4515 883 4574 dico
907 4532 1027 4585 novam,
1043 4512 1136 4572 immo
1230 4529 1274 4588 ²5·
1300 4513 1452 4571 secundum
1473 4509 1645 4592 apostolum]
1673 4514 1761 4572 Rom.
1795 4533 1839 4587 12,

483 4615 544 4656 non
560 4613 676 4665 novam,
688 4595 741 4656 sed
756 4591 973 4673 descripturis'
987 4605 1043 4656 etc.
1192 4613 1235 4654 ιι.

507 4679 553 4738 ,8.
569 4671 692 4757 ecclesiia]
708 4677 744 4735 ci.
764 4695 776 4734 1
794 4678 871 4737 Petr.
889 4695 916 4754 3,
934 4697 980 4736 21.
1232 4679 1277 4735 28.
1291 4673 1352 4757 uriz]
1366 4678 1409 4736 Io.
1431 4697 1474 4750 14,
1488 4676 1514 4735 6.
