4160 5500
457 413 540 518 380
840 439 868 498 S.
894 437 1147 500 HIERONYMI
1170 439 1435 500 PRESBYTERI

462 677 503 720 an
530 656 640 722 valeat
657 657 811 723 misereri.
840 658 978 724 Creator
1003 667 1173 722 creaturae
1200 658 1373 723 miseretur
1388 678 1488 726 suae:
1503 681 1588 725 unus
1604 661 1695 727 venit
1711 663 1818 728 medi-

463 783 529 839 cus,
549 764 604 846 qui
622 774 754 828 sanaret
772 774 919 828 mortuos
935 788 941 828 :
958 784 1035 828 nam
1049 763 1103 827 alii
1114 783 1231 828 sanare
1243 783 1307 827 non
1325 772 1513 846 potuerunt.
1526 765 1626 830 Mitte
1636 766 1817 844 Lanarum,

461 876 498 930 ut
513 867 685 951 intinguat
698 878 875 932 extremum
895 868 997 952 digiti
1009 867 1065 932 sui
1069 867 1113 931 in
1128 888 1257 950 aquam.
1274 868 1375 931 Mitte
1391 869 1566 934 Lazarum.
1583 869 1691 949 Erras,
1707 871 1816 935 miser.

463 971 635 1038 Abraham
654 974 784 1038 mittere
809 995 875 1038 non
901 985 1021 1058 potest,
1036 975 1093 1037 sed
1120 973 1286 1055 suscipere
1313 974 1432 1055 po't'est.
1450 973 1498 1038 Ut
1514 973 1681 1058 intinguat
1704 986 1815 1039 extre·

462 1097 552 1142 mum
569 1078 665 1161 digiti
682 1079 731 1141 sui
749 1078 780 1140 in
806 1098 936 1161 aquam.
964 1079 1162 1155 Recordare,
1177 1078 1279 1155 dives,
1294 1079 1381 1142 vitae
1407 1089 1503 1142 tuae:
1521 1077 1685 1144 Lazarum
1702 1080 1815 1144 videre
1853 1100 1870 1152 5

460 1203 526 1247 non
544 1183 745 1266 dignabaris,
761 1192 794 1247 et
810 1201 897 1246 nunc
921 1183 1063 1264 digitum
1091 1183 1160 1246 eius
1183 1183 1360 1248 desideras.
1377 1183 1477 1249 Mitte
1494 1183 1667 1250 Lazarum.
1685 1186 1760 1248 Hoc
1776 1195 1813 1250 tu

461 1289 490 1351 ei
506 1287 668 1351 debueras
695 1287 810 1363 facere,
824 1286 905 1350 dum
940 1286 1117 1352 adviveret.
1135 1286 1184 1351 Ut
1212 1287 1378 1369 intinguat
1393 1296 1583 1352 extremum
1599 1288 1696 1372 digiti
1712 1289 1762 1353 sui
1778 1290 1812 1354 in

459 1410 591 1473 aquam.
606 1390 695 1454 Vide
711 1389 947 1454 conscientiam
965 1391 1167 1473 peccatoris:
1183 1410 1248 1455 non
1261 1400 1368 1454 totum
1386 1393 1486 1456 audet
1500 1413 1635 1475 poscere
1659 1393 1813 1476 digitum.

469 1497 514 1561 Ut
528 1495 699 1578 refrigeret
718 1497 877 1578 linguam,
892 1494 970 1576 quia
985 1494 1109 1557 crucior
1123 1495 1157 1557 r'u
1172 1493 1389 1578 fracstamnrn.
1407 1495 1456 1560 Ut
1471 1496 1640 1579 refrigeret
1662 1497 1812 1579 linguam

461 1619 570 1663 meam
592 1599 720 1664 :multa
737 1600 825 1662 enim
842 1599 984 1683 superba
1009 1598 1120 1663 locuta
1147 1609 1205 1665 est.
1223 1599 1291 1664 Ubi
1308 1611 1492 1681 peccatum,
1508 1601 1552 1666 ibi
1577 1611 1611 1665 et
1627 1622 1744 1684 poena.
1762 1602 1812 1668 Ut
1824 1625 1869 1682 ,ro

458 1701 628 1786 refrigeret
645 1705 791 1787 linguam
810 1704 1017 1788 meam,quia
1033 1703 1201 1767 cruciorin
1215 1704 1277 1768 hac
1290 1703 1433 1769 flamma.
1445 1703 1582 1788 Quanta
1595 1705 1683 1792 mala
1697 1706 1812 1790 lingua

457 1804 568 1885 habet,
586 1809 727 1872 Iacobus
754 1809 786 1872 in
813 1807 955 1890 epistula
980 1827 1038 1870 sua
1064 1807 1209 1889 loquitur
1224 1831 1231 1870 :
1246 1811 1253 1839 ‘
1271 1807 1443 1873 Modicum
1460 1809 1595 1893 quidem
1622 1810 1808 1873 membrum

455 1921 516 1990 est,
542 1913 599 1990 sed
629 1933 753 1996 magna
779 1913 908 1977 exaltat
924 1911 940 1978 ’.
966 1911 1042 1994 Qua
1057 1911 1238 1994 plurimum
1264 1912 1423 1994 peccavit,
1453 1911 1597 1994 amplius
1629 1922 1810 1995 torquetur.

455 2013 591 2096 Aquam
608 2017 786 2093 desideras,
802 2015 858 2098 qui
875 2014 1042 2080 delibutos
1057 2014 1150 2079 cibos
1166 2023 1244 2078 ante
1261 2014 1462 2080 fastidiebas.

499 2117 548 2182 Et
568 2120 655 2184 dixit
677 2119 730 2184 illi
753 2119 784 2182 A
790 2117 950 2183 branam:
966 2119 1042 2196 Fili,
1059 2118 1225 2183 recordare
1247 2118 1326 2200 quia
1354 2118 1500 2200 recepisti
1514 2120 1596 2184 burra
1611 2131 1671 2185 tna
1688 2119 1722 2184 r'u
1738 2121 1810 2184 vita
1833 2149 1842 2184 r
1850 2149 1866 2202 5

456 2230 521 2289 tun.
538 2223 627 2289 Vide
650 2226 730 2308 quid
755 2225 855 2301 dicat,
870 2223 959 2287 bona
984 2234 1063 2288 tua:
1079 2234 1225 2289 ceterum
1252 2223 1340 2286 bona
1363 2242 1429 2286 non
1447 2233 1534 2288 sunt.
1552 2224 1649 2307 Quae
1665 2224 1810 2308 putabas

454 2326 554 2406 bona,
570 2330 744 2413 recepisti:
761 2349 827 2392 non
845 2339 940 2410 potes
967 2337 1001 2392 et
1028 2329 1061 2391 in
1090 2338 1175 2392 terra
1192 2347 1357 2410 regnasse,
1375 2335 1409 2391 et
1426 2327 1480 2392 hic
1497 2349 1643 2414 regnare.
1662 2330 1809 2395 Divitiae

454 2451 524 2495 non
540 2443 681 2515 possunt
696 2454 769 2497 esse
784 2442 818 2496 ct
835 2433 867 2496 in
884 2442 971 2497 terra
996 2441 1029 2496 et
1053 2431 1086 2495 in
1104 2431 1241 2498 inferno.
1257 2432 1305 2494 Et
1318 2431 1471 2514 Lazarus
1485 2433 1642 2499 similiter
1656 2435 1752 2500 mala.
1770 2434 1807 2500 Si

453 2540 592 2618 quando
619 2547 841 2623 aegrotamus,
856 2536 883 2600 si
911 2557 1074 2622 pauperes
1102 2557 1228 2614 sumus,
1242 2537 1270 2599 si
1294 2539 1525 2618 aegrotatione
1551 2539 1755 2617 conficimur,
1776 2539 1806 2602 si

455 2642 586 2726 frigore,
601 2644 628 2708 si
655 2644 836 2728 hospitium
866 2663 932 2706 non
957 2642 1140 2706 habemus:
1164 2640 1334 2720 laetemur,
1358 2643 1576 2724 gaudeamus,
1601 2644 1807 2726 accipiamus
1827 2674 1866 2711 ιο

454 2750 543 2812 mala
560 2750 592 2812 in
610 2750 678 2814 vita
695 2758 815 2813 nostra.
833 2747 979 2830 Quando
998 2767 1057 2809 nos
1074 2745 1276 2810 infirmitatis
1295 2753 1329 2808 et
1345 2747 1584 2828 aegrotationis
1608 2747 1806 2830 magnitudo

452 2855 582 2935 premit,
600 2854 764 2918 Lazarum
781 2852 975 2934 cogitemus.
990 2849 1039 2914 Et
1053 2851 1087 2914 in
1102 2850 1154 2914 fn's
1170 2848 1319 2914 ornnibus
1332 2849 1417 2913 inter
1441 2871 1497 2913 nos
1511 2860 1543 2913 et
1557 2871 1613 2914 uos
1627 2849 1720 2914 clraos
1736 2870 1805 2913 nra·

445 2958 738 3041 gnurnfirmatum
754 2966 807 3020 est.
825 2956 971 3021 Dissolvi
998 2976 1064 3020 non
1091 2964 1211 3038 potest,
1228 2975 1293 3018 non
1320 2963 1432 3038 potest
1457 2955 1576 3037 agitari
1603 2965 1638 3019 et
1663 2954 1806 3020 concuti.

449 3061 576 3128 Videre
592 3083 780 3146 possumus,
790 3064 930 3126 transire
943 3081 1008 3125 non
1026 3081 1203 3145 possumus
1217 3084 1223 3124 :
1239 3070 1272 3124 et
1286 3081 1345 3124 nos
1356 3059 1508 3124 videmus
1521 3061 1601 3142 quid
1615 3060 1806 3144 fugerimus,

450 3176 483 3230 et
500 3189 559 3231 vos
575 3167 695 3232 videtis
711 3167 790 3251 quid
819 3165 1048 3248 perdideritis:
1073 3175 1107 3228 et
1133 3174 1246 3230 nostra
1272 3163 1395 3247 gaudia
1422 3163 1594 3246 cumulant
1612 3174 1720 3228 vestra
1738 3175 1804 3229 tor·
1825 3197 1862 3249 ²⁵

449 3282 571 3348 menta,
587 3281 622 3336 et
637 3279 746 3335 vestra
761 3279 928 3342 tormenta
943 3269 1115 3332 cumulant
1134 3279 1246 3333 nostra
1261 3268 1393 3351 gaudia.

492 3377 540 3442 Et
554 3379 605 3442 ait
621 3378 696 3442 illi:
712 3377 804 3458 Rogo
818 3396 893 3457 ergo
909 3384 946 3451 te,
953 3385 1057 3456 pater.
1074 3374 1198 3438 Adhuc
1216 3371 1412 3437 miserabilis
1435 3379 1563 3453 patrem
1581 3381 1687 3437 vocat.
1705 3371 1805 3455 Rogo

447 3500 528 3564 ergo
550 3491 592 3561 te,
609 3492 711 3565 pater.
729 3481 820 3544 Ante
837 3499 988 3562 rogasses
1015 3499 1100 3556 cum,
1116 3479 1172 3560 qui
1199 3499 1294 3542 verus
1311 3490 1381 3543 erat
1398 3483 1492 3557 pater
1516 3486 1635 3540 noster.
1653 3475 1683 3538 N
1687 3497 1804 3540 overas

448 3594 586 3665 patrem,
603 3585 660 3668 qui
689 3580 895 3668 despiciebas
923 3583 1083 3648 fratrem?
1115 3583 1159 3645 tJr
1185 3581 1297 3644 mittas
1311 3603 1383 3644 eum
1400 3582 1435 3645 in
1449 3581 1581 3646 domum
1593 3584 1705 3665 patris
1730 3585 1805 3650 mei.

482 3799 491 3836 t
506 3789 738 3853 nrriererr'1Nsup.
754 3787 797 3837 lin.
811 3786 870 3837 arld.
885 3789 958 3837 illius
974 3789 1022 3853 qui
1037 3789 1177 3852 ininferna
1195 3794 1237 3836 ert.
1253 3787 1332 3852 Igitur
1344 3785 1412 3836 iuxta
1424 3786 1611 3836 emendatorem
1624 3787 1718 3838 codicis
1730 3788 1755 3837 N
1766 3789 1804 3840 ita

446 3869 579 3935 legendum
593 3879 645 3920 est:
658 3887 747 3920 uerum
758 3871 909 3935 quicumque
921 3870 949 3920 in
961 3886 1036 3934 regno
1052 3871 1174 3920 caelorum
1186 3876 1230 3930 esf,
1243 3870 1321 3918 nescio
1338 3884 1372 3920 an
1390 3870 1472 3918 valeat
1492 3870 1607 3919 misereri
1624 3870 1697 3919 illius
1715 3873 1763 3936 qui
1773 3873 1804 3920 in

445 3952 545 4016 inferno
556 3961 598 4003 est.
668 3954 837 4018 3irrlr'ngvrat]
850 3954 911 4014 FL;
925 3954 1038 4016 intingat
1049 3969 1077 4020 χ,
1093 3953 1114 4000 N
1128 3969 1192 4002 corr.
1260 3953 1289 4000 in
1301 3955 1404 4017 warini]
1417 3953 1445 4000 in
1457 3966 1523 4016 aqua
1536 3950 1565 4000 F.
1635 3953 1804 4017 slusam]

443 4037 538 4085 Μαι.
554 4037 582 4086 F.
670 4037 822 4104 briastom.
836 4037 866 4086 F.
963 4036 1187 4102 ydcirrerasstm
1206 4035 1230 4084 N
1244 4033 1801 4096 muratinauraturam&terdenas).

443 4118 581 4181 adur'vcret]
593 4120 721 4170 advizares
734 4121 767 4170 N.
839 4134 868 4170 ιο
879 4121 992 4186 srrprrba]
1004 4121 1118 4185 superbia
1131 4122 1151 4169 F
1163 4141 1170 4178 ;
1187 4121 1301 4184 superata
1312 4136 1366 4184 sup.
1381 4118 1425 4168 lin.
1439 4117 1465 4167 in
1478 4120 1538 4178 ras.)
1551 4119 1585 4170 N.
1656 4131 1684 4183 13
1696 4121 1804 4183 exaltat]

443 4203 489 4269 χΝ
501 4220 508 4262 ;
520 4204 619 4253 exrrltat
630 4203 660 4263 F,
675 4203 697 4252 L
709 4219 770 4252 corr.
787 4203 826 4253 Cf.
840 4205 927 4254 adnot.
941 4204 996 4254 crit.
1010 4205 1042 4252 ad
1055 4221 1079 4268 p.
1095 4215 1150 4263 224,
1166 4203 1181 4252 1.
1199 4215 1209 4251 ι
1214 4213 1235 4266 5.
1319 4199 1384 4263 era]
1396 4198 1458 4262 puin
1471 4199 1568 4264 F3qui
1579 4200 1612 4250 N.
1700 4213 1729 4262 14
1740 4203 1802 4252 dcli-

443 4284 521 4347 fvrtos]
534 4285 556 4334 L
568 4304 574 4344 ;
587 4285 698 4335 defibr'tos
711 4285 758 4334 FN
771 4301 825 4334 corr
836 4302 842 4344 ;
855 4287 968 4334 delicatos
979 4301 1006 4353 χ.
1023 4285 1089 4334 Num
1108 4285 1241 4348 legendum
1261 4285 1394 4332 drlr'bntos?
1496 4294 1523 4345 17
1536 4299 1586 4332 nnn
1592 4285 1671 4349 potes]
1692 4301 1711 4352 χ
1723 4303 1730 4344 3
1751 4303 1802 4336 non

437 4371 516 4426 potest
525 4367 600 4414 codd.
669 4377 697 4415 21
713 4365 882 4431 infirmitatis]
892 4365 1030 4430 infirmitas
1040 4381 1066 4433 χ.
1136 4378 1167 4425 ²4
1176 4365 1299 4426 uidemus]
1308 4365 1437 4414 av'deamus
1447 4365 1502 4414 FN.
1572 4374 1601 4425 27
1614 4366 1691 4428 unat]
1700 4383 1755 4416 voco
1764 4369 1800 4421 N.

483 4564 510 4622 7.
534 4549 603 4606 dnm
627 4546 787 4629 adtineret]
815 4548 939 4609 Hieron.
968 4567 1013 4624 ep.
1041 4549 1088 4621 48,
1142 4557 1218 4607 neret
1231 4549 1246 4607 ’.

441 4648 476 4687 21
494 4633 502 4661 ‘
517 4629 600 4690 dives
616 4630 663 4690 ille
679 4641 863 4708 purpuratus,
876 4649 991 4690 crassus
1006 4641 1035 4690 et
1051 4629 1090 4688 ni·
1188 4649 1232 4706 13.
1249 4629 1374 4714 exaltat]
1393 4632 1451 4692 lac.
1469 4651 1496 4710 3,
1513 4651 1538 4713 5.

441 4709 529 4785 tidus,
545 4710 650 4772 fruitus
665 4722 709 4773 est
723 4711 820 4772 camis
835 4711 922 4773 bonis
932 4712 1001 4772 dum
1013 4712 1092 4773 adui-
