4154 5494
586 442 842 514 Tlfncrnu'us
865 453 923 512 DE
943 451 1113 515 PSALMO
1133 453 1300 516 cxv1111.
1524 453 1601 512 221

254 669 366 737 stabat
383 671 415 734 in
433 669 607 754 gradibus.
622 669 726 736 Verbi
742 691 851 749 causa,
866 673 923 757 qui
938 674 1092 757 pontifex
1109 683 1187 751 erat,
1200 673 1310 737 stabat
1326 672 1358 734 in
1376 672 1484 755 primo
1494 673 1610 754 gradu,

254 775 316 840 boc
333 775 432 840 estin
449 777 569 859 quinto
583 776 717 840 decimo
739 779 845 860 gradu
869 799 1007 844 sursum.
1024 779 1064 842 In
1088 780 1235 844 secundo
1249 798 1328 842 vero
1344 776 1449 858 gradu
1472 776 1608 840 stabant

253 881 458 957 sacerdotes,
468 890 501 944 et
519 880 551 943 in
570 880 652 964 ipsis
668 881 895 946 sacerdotibus
911 891 981 946 erat
997 883 1180 948 diversitas.
1194 883 1231 946 In
1249 883 1347 946 tertio
1362 901 1490 944 rursum
1503 880 1608 944 mino-

253 1004 308 1050 res
323 985 467 1050 stabant.
486 985 524 1048 In
542 995 666 1068 quarto
682 1005 810 1050 rursum
828 987 963 1050 stabant
979 987 1106 1052 levitae.
1125 987 1169 1051 Et
1184 987 1269 1050 inter
1285 987 1401 1050 levitas
1417 994 1487 1049 erat
1504 982 1609 1047 multa

223 1105 236 1160 5
254 1089 431 1153 diversitas
446 1113 453 1154 :
468 1091 670 1173 quicumque
686 1100 756 1154 erat
773 1102 953 1171 extremus,
964 1091 1018 1156 ille
1034 1092 1067 1155 in
1085 1091 1265 1155 novissimo
1275 1091 1379 1174 gradu
1396 1097 1475 1153 erat.
1492 1086 1608 1153 Consi·

257 1192 374 1258 derate
389 1194 547 1276 quoniam
566 1204 735 1258 terrenum
752 1194 816 1259 hoc
832 1197 994 1280 templum
1012 1195 1289 1280 caelestistempli
1302 1195 1406 1278 figura
1419 1197 1491 1259 est.‘
1503 1191 1608 1258 Stella

253 1297 343 1360 enim
360 1296 403 1360 ab
419 1296 514 1361 stella
541 1295 652 1361 differt
672 1298 705 1362 in
722 1299 892 1364 claritate:
909 1301 955 1365 ita
982 1310 1015 1366 et
1042 1303 1236 1366 resurrectio
1258 1309 1463 1364 mortuorum
1477 1296 1493 1360 '.
1510 1294 1607 1358 Felix

253 1400 308 1481 qui
319 1401 351 1464 in
364 1401 622 1484 quintodecimo
635 1404 740 1485 gradu
751 1404 783 1467 in
797 1404 929 1468 caelesti
946 1405 1155 1470 Hierusalem
1166 1417 1199 1469 et
1210 1405 1243 1468 in
1257 1403 1385 1487 templo
1394 1421 1467 1465 esse
1479 1417 1607 1462 merue-

254 1503 303 1570 rit
331 1503 460 1570 Tamen
486 1506 565 1587 quia
591 1505 673 1571 illud
706 1509 832 1591 grande
857 1519 918 1588 est,
944 1520 977 1574 et
1005 1510 1085 1575 iliud
1114 1521 1197 1592 puto
1223 1529 1295 1574 esse
1319 1504 1546 1589 apostolorum
1574 1508 1607 1563 et

207 1630 237 1672 ro
254 1617 437 1693 martyrum
468 1622 671 1690 sanctorum,
699 1633 759 1676 nos
789 1633 921 1678 oremus
948 1623 985 1678 ut
1009 1615 1127 1679 saltem
1155 1615 1187 1678 in
1216 1613 1335 1678 ultimo
1361 1609 1465 1693 gradu
1491 1602 1608 1685 templi

254 1710 391 1778 Domini
414 1735 486 1779 esse
514 1735 710 1781 mereamur.
729 1717 767 1782 fn
792 1719 930 1783 diversis
954 1720 1091 1803 quidem
1118 1728 1209 1784 stant
1236 1714 1403 1799 gradibus,
1418 1711 1476 1776 sed
1504 1725 1607 1772 unum

253 1819 419 1900 psalmum
448 1822 481 1885 in
508 1823 623 1887 faudes
652 1821 793 1887 Domini
824 1833 958 1890 canunt.
986 1824 1126 1889 Diversa
1152 1825 1225 1887 loca
1250 1831 1336 1897 sunt,
1358 1819 1416 1883 sed
1444 1835 1510 1880 una
1538 1813 1609 1877 laus

253 1920 401 1990 Domini.
420 1924 496 1990 Hoc
513 1927 601 2009 quod
619 1926 772 1991 diximus
788 1929 830 1993 de
846 1928 981 1992 caelesti
999 1927 1209 1992 Hierusalem
1234 1945 1322 1990 nunc
1346 1922 1476 1988 interim
1494 1921 1527 1983 in
1544 1918 1612 1981 isto

253 2027 387 2092 saeculo
401 2030 585 2108 constituti,
599 2039 683 2113 puto
701 2031 819 2095 diebus
835 2030 991 2097 omnibus
1005 2033 1162 2096 exerceri.
1176 2029 1273 2094 Alius
1289 2037 1439 2093 nostrum
1456 2026 1488 2088 in
1500 2023 1608 2106 primo

206 2149 234 2204 ις
253 2132 358 2213 gradu
373 2141 444 2197 est:
460 2153 527 2196 non
544 2135 699 2216 desperet
723 2137 917 2202 secundum.
935 2137 1001 2220 Qui
1029 2139 1061 2200 in
1090 2137 1238 2202 secundo
1252 2135 1357 2217 gradu
1383 2141 1442 2207 est,
1458 2148 1523 2194 non
1550 2127 1606 2189 de·

253 2244 364 2317 speret
378 2237 522 2300 tertium.
540 2237 667 2301 Felices
701 2248 872 2324 martyres,
887 2261 1028 2324 quornm
1053 2240 1148 2306 multi
1173 2241 1216 2304 de
1243 2237 1424 2302 novissimo
1443 2232 1549 2317 gradu
1573 2230 1605 2292 in

255 2337 399 2419 primurn
423 2337 564 2420 gradum
591 2343 775 2406 ascendere
801 2353 999 2408 meruerunt.
1025 2342 1092 2425 Qui
1119 2343 1200 2407 vivit
1227 2344 1260 2406 in
1286 2342 1350 2406 isto
1374 2337 1515 2414 saeculo,
1540 2354 1606 2398 non

255 2453 367 2526 potest
392 2445 507 2508 statim
522 2447 565 2510 de
581 2447 690 2529 primo
721 2444 765 2510 ad
781 2465 950 2510 summum
977 2447 1208 2511 conscendere.
1228 2446 1306 2510 Non
1323 2443 1484 2509 debemus
1509 2440 1609 2522 igitur

255 2549 403 2612 contenti
425 2568 497 2612 esse
520 2550 631 2631 primo
645 2551 767 2633 gradu,
782 2571 913 2634 semper
939 2551 1099 2616 debemus
1115 2552 1158 2615 ad
1176 2551 1301 2615 maiora
1325 2549 1447 2614 conari.
1463 2545 1535 2610 Nec
1551 2543 1608 2625 qui

206 2675 237 2714 20
256 2650 287 2714 in
304 2652 485 2716 novissimo
500 2662 560 2733 est,
576 2654 732 2737 desperet
749 2657 892 2738 primurn
908 2677 915 2734 ;
932 2676 992 2720 nec
1008 2657 1063 2738 qui
1077 2656 1108 2720 in
1123 2657 1231 2738 primo
1241 2666 1299 2732 est,
1312 2655 1413 2719 debet
1428 2671 1500 2715 esse
1516 2667 1607 2711 secu-

255 2775 308 2820 rus
323 2781 330 2822 :
346 2767 457 2839 potest
472 2757 561 2823 enim
575 2762 693 2824 cadere
712 2761 744 2824 in
762 2761 925 2826 ultimum.
944 2761 1019 2844 Ego
1035 2772 1117 2843 puto
1141 2759 1221 2823 illud
1239 2779 1319 2836 esse,
1335 2757 1425 2840 quod
1442 2752 1608 2837 significat

253 2871 287 2926 et
315 2860 418 2925 lacob
442 2862 541 2940 scala,
557 2865 693 2946 quando
719 2863 806 2947 fugit
823 2867 913 2930 Esau
941 2865 1076 2929 fratrem
1105 2884 1210 2928 suum.
1226 2868 1233 2895 ‘
1252 2865 1297 2927 Et
1323 2862 1423 2938 venit,
1441 2858 1557 2942 inquit,
1574 2855 1606 2918 in

254 2963 379 3045 Bethef‚
395 2975 429 3032 et
444 2968 602 3032 dormivit
617 2969 672 3047 ibi,
690 2979 722 3034 et
742 2971 853 3054 posuit
866 2970 1010 3053 lapidem
1021 2971 1064 3034 ad
1082 2980 1183 3052 caput
1198 2988 1294 3033 suurn
1306 2967 1323 3032 ³.
1334 2967 1457 3031 Videte
1473 2973 1605 3028 asceten

253 3079 402 3136 nostrum
419 3093 426 3150 ;
442 3071 591 3154 fugiebat
606 3073 776 3139 hominem
787 3074 1064 3151 crudelissimum,
1077 3074 1225 3157 fugiebat
1242 3071 1430 3148 fratrem,et
1442 3068 1605 3134 auxilium

204 3194 234 3248 25
253 3171 379 3240 invenit
394 3176 427 3238 in
445 3175 565 3258 lapide.
583 3176 686 3260 Lapis
711 3179 766 3244 ille
791 3179 933 3262 Xpistus
955 3187 1015 3256 est,
1031 3179 1115 3262 lapis
1131 3179 1184 3242 hic
1201 3178 1252 3241 his
1268 3178 1325 3260 qui
1341 3174 1604 3260 persecutionem

252 3279 425 3360 patiuntur
440 3279 603 3344 auxilium
621 3293 694 3347 est:
711 3292 856 3347 ceterum
886 3283 1020 3347 Iudaeis
1048 3283 1225 3348 incredulis
1250 3283 1335 3366 lapis
1362 3280 1556 3346 offensionis
1573 3288 1606 3342 et

255 3395 348 3468 petra
363 3384 521 3450 scandali.
537 3389 545 3418 ‘
562 3385 607 3449 Et
631 3386 722 3462 vidit,
739 3387 856 3469 inquit,
879 3387 923 3451 ibi
943 3386 1044 3451 Iacob
1060 3388 1183 3452 scalam
1202 3396 1345 3451 erectam
1363 3406 1381 3448 e
1397 3397 1485 3449 terra
1501 3403 1606 3467 usque

252 3495 293 3558 ad
309 3495 439 3558 caelum
456 3515 463 3570 ;
478 3504 512 3558 et
540 3493 572 3557 in
600 3496 702 3574 caelo,
720 3497 836 3580 inquit,
856 3496 1039 3560 Dominum
1058 3488 1315 3581 ἐπιστηριγμένον
1331 3488 1419 3583 αὐτῇ.
1448 3493 1493 3556 Ει
1513 3492 1606 3568 vidit,

253 3598 369 3681 inquit,
384 3598 522 3681 angelos
550 3600 768 3664 ascendentes
784 3610 817 3665 et
835 3601 1077 3665 descendentes
1093 3597 1111 3662 '.
1135 3597 1260 3662 Videte
1287 3597 1367 3679 quid
1395 3596 1495 3660 dicat.
1511 3595 1606 3660 Vidit

204 3725 236 3776 30
253 3702 389 3786 angelos
404 3703 667 3766 conscendentes
683 3726 690 3782 ;
706 3705 788 3768 vidit
806 3705 945 3768 Paulum
963 3702 1253 3767 conscendentem.
1275 3687 1375 3766 ¹Vidit
1393 3699 1530 3782 angelos
1550 3700 1605 3762 de·

287 3918 297 3955 ι
310 3906 400 3970 stabat]
411 3906 509 3956 stabant
521 3907 547 3958 S.
636 3908 685 3972 qui
692 3908 806 3973 pontifex
816 3911 880 3974 erat]
888 3909 1004 3971 partim
1015 3905 1105 3955 BCGP
1117 3906 1179 3965 (orn.
1192 3904 1240 3969 qui
1250 3912 1274 3953 et
1286 3905 1357 3964 erat).
1451 3915 1465 3952 2
1476 3901 1501 3953 d.
1511 3901 1607 3967 gradu]

253 3987 276 4038 d.
286 3989 365 4052 grado
378 3989 427 4050 PS,
435 3989 534 4052 grarfw
545 3989 577 4039 G.
647 3990 760 4051 sursum]
774 4007 807 4053 μς
817 4006 921 4038 rursum
934 3989 1007 4039 codd.
1019 3995 1143 4038 constant.
1212 3983 1278 4040 uerol
1289 4002 1339 4035 om.
1355 3985 1409 4034 AC.
1479 3997 1537 4049 3sq.
1548 4000 1606 4032 rur·

253 4071 319 4133 sum]
332 4087 352 4134 μ
364 4079 389 4120 et
400 4070 475 4121 codd.
489 4085 535 4135 pro
546 4073 668 4121 sursum?
765 4084 782 4134 9
797 4079 820 4122 et
836 4072 991 4134 nrartyrum]
1008 4079 1199 4135 neartyrremque
1212 4086 1249 4134 μς
1269 4069 1307 4119 PS
1319 4084 1369 4118 om.
1383 4073 1424 4126 et;
1441 4066 1501 4116 item
1520 4068 1549 4124 B,
1562 4066 1606 4116 sed

253 4151 326 4202 inser.
339 4151 509 4217 omniuntque.
614 4165 643 4204 12
655 4154 683 4202 r'n
696 4154 792 4215 laudes]
811 4155 840 4204 ἐκ
858 4155 932 4203 laude
952 4153 982 4203 C.
1083 4165 1115 4202 22
1126 4152 1159 4214 rt]
1177 4152 1254 4200 etiam
1272 4167 1301 4214 μ,
1313 4151 1391 4198 eciam
1404 4149 1430 4199 S.
1523 4147 1608 4212 sugit]

253 4233 331 4299 sagitt
341 4235 365 4286 G
376 4253 383 4296 ;
397 4251 417 4299 μ
428 4235 503 4286 inser.
518 4237 596 4308 Iacob.
698 4249 729 4300 23
740 4239 844 4301 asceten]
856 4238 905 4297 Ps,
918 4243 1034 4286 ascaetem
1046 4236 1079 4296 G,
1090 4231 1208 4298 ἂσκητήν
1220 4251 1240 4298 μ
1250 4251 1256 4292 ;
1268 4249 1394 4282 ascensum
1404 4232 1464 4281 Aul
1475 4247 1482 4288 3
1494 4230 1564 4278 lacot
1576 4230 1606 4278 C.

252 4328 283 4382 25
293 4317 344 4381 ⁴²¹5]
356 4335 406 4370 ΟΦ·
422 4319 448 4370 S·
549 4319 600 4381 kls]
613 4334 663 4374 om.
678 4322 710 4372 G.
812 4322 958 4383 270trrra]
974 4317 1081 4383 scripsi;
1101 4314 1459 4378 &tmaG3eterntBP83
1476 4313 1604 4372 etmel,

252 4403 272 4454 C
284 4403 309 4454 iu
320 4419 419 4464 rasum
431 4403 461 4454 de
471 4411 541 4453 terra
551 4422 578 4468 μ.
649 4404 680 4455 28
691 4405 726 4453 ad
734 4403 767 4465 c.]
780 4404 808 4452 in
820 4419 839 4452 c.
852 4403 879 4450 P.
949 4393 1167 4468 ἐπιστηριγμένον
1180 4394 1258 4468 αὐτῇ]
1267 4413 1317 4448 om.
1331 4396 1455 4460 pcffin’
1467 4411 1516 4444 om.
1530 4388 1605 4462 αὐτῇ.

252 4498 283 4548 29
293 4485 468 4549 descendentes]
479 4487 503 4538 G
515 4489 574 4540 add.
584 4495 633 4554 per
642 4504 706 4548 eam,
721 4489 731 4536 1
743 4494 818 4551 super
828 4502 889 4535 eant.
991 4496 1023 4546 30
1034 4483 1222 4543 conscendentes]
1234 4479 1386 4528 ascendentes
1400 4479 1419 4527 1.

293 4689 317 4747 7.
333 4673 525 4756 inoduorum]
544 4695 555 4734 1
574 4677 642 4738 Cor.
663 4693 706 4751 15,
723 4693 758 4748 41
777 4691 818 4748 sq.
993 4685 1038 4741 ²7·
1055 4661 1200 4746 scandale]
1221 4683 1230 4722 r
1251 4665 1325 4722 Pen.
1345 4681 1369 4731 2,
1387 4663 1413 4718 8.

292 4773 337 4834 23·
351 4753 450 4840 suum]
465 4757 541 4819 Gen.
559 4759 605 4835 28,
625 4777 668 4820 11.
992 4769 1038 4830 29.
1054 4741 1254 4829 descendentes]
1269 4745 1345 4804 Gen.
1363 4745 1409 4814 28,
1430 4760 1463 4801 12
1479 4759 1521 4820 sq.
