4202 5492
457 385 534 487 148
833 405 1139 468 suranorum
1167 403 1431 466 rnnsnr‘rnnr

451 633 562 688 tentur
590 625 622 686 in
648 623 771 688 dulces.
794 623 949 706 Denique
965 632 998 686 et
1023 621 1125 685 Mirra
1152 631 1282 686 mutata
1306 632 1365 699 est,
1392 634 1426 686 et
1442 621 1530 686 lacta
1551 631 1601 686 est
1627 624 1659 685 in
1677 624 1806 688 dulcem

452 749 614 813 saporem.
640 728 775 810 Aquam
804 727 894 791 illam
921 745 1068 791 amaram
1101 746 1167 790 non
1199 726 1276 791 iecit
1303 727 1392 791 allud
1420 726 1561 807 dulcem,
1589 729 1651 792 nisi
1681 730 1807 812 lignum

450 834 565 911 crucis,
588 834 678 917 quod
705 832 843 896 missum
870 840 942 895 erat
969 832 1001 894 in
1027 851 1076 895 ea.
1099 829 1183 894 Mihi
1211 831 1342 896 videtur
1364 850 1515 896 amarum
1538 851 1630 896 mare
1655 833 1711 896 lex
1737 853 1808 898 esse

382 953 388 964 ·
453 939 572 1022 Moysi.
602 939 678 1002 Hoc
695 948 745 1002 est
761 937 851 1020 quod
878 936 999 1000 dicitur
1026 936 1138 1011 Mirra,
1161 935 1224 999 boc
1252 946 1311 1013 est,
1326 955 1448 1001 amara.
1471 936 1567 1001 Haec
1592 957 1705 1003 amara
1721 957 1807 1022 aqua
1920 1017 1921 1020 Ἴ

451 1041 533 1124 legis
549 1042 670 1105 veteris
686 1040 815 1123 accepit
831 1039 961 1122 lignum
977 1039 1093 1117 crucis,
1104 1048 1137 1103 et
1154 1037 1271 1104 effecta
1287 1049 1338 1103 est
1354 1038 1470 1106 dulcis
1846 1056 1860 1109 5

494 1145 653 1210 Flumina
671 1145 833 1228 plaudent
855 1165 955 1207 manu
972 1143 1081 1208 simul.
1109 1143 1354 1226 lnterrogemus
1372 1145 1524 1220 ludaeos,
1550 1145 1606 1226 qui
1623 1146 1805 1210 secundum

451 1248 595 1313 litteram
607 1247 815 1330 intellegunt.
833 1247 989 1310 Flumina
1009 1265 1126 1310 manus
1143 1246 1291 1309 habent?
1308 1245 1446 1309 flumina
1462 1267 1561 1311 voces
1577 1247 1728 1314 habent?
1747 1249 1805 1312 tlu-

451 1354 542 1418 mina
567 1353 669 1435 pedes
695 1352 843 1416 habent?
871 1351 1009 1414 flumina
1033 1358 1183 1414 ventrem
1203 1348 1352 1414 habent?
1376 1349 1476 1414 Dicat
1504 1350 1646 1433 aliquis:
1663 1352 1740 1416 Non
1757 1363 1807 1417 est

450 1458 609 1541 scriptum
620 1458 664 1522 de
679 1465 802 1534 ventre,
817 1456 860 1519 de
877 1456 1025 1538 pedibus.
1043 1453 1111 1520 Sed
1127 1453 1267 1536 egotibi
1289 1454 1365 1517 dico
1377 1478 1385 1518 :
1397 1475 1441 1518 ex
1458 1474 1526 1519 uno
1542 1456 1694 1521 membro
1713 1457 1806 1522 intel-

450 1563 592 1644 legimus
607 1573 641 1624 et
665 1570 795 1638 cetera;
811 1580 878 1624 non
904 1560 992 1623 enim
1009 1577 1185 1641 possumus
1210 1557 1402 1640 intellegere
1418 1577 1536 1623 manus
1563 1562 1634 1623 sine
1658 1561 1807 1642 pedibus,
1829 1577 1860 1615 ro

450 1665 521 1727 sine
538 1672 660 1741 ventre,
676 1663 748 1726 sine
762 1663 920 1727 membris
935 1663 1061 1726 ceteris.
1071 1661 1233 1726 Flumina
1240 1662 1401 1744 plaudent
1410 1681 1512 1726 manu
1524 1665 1632 1728 simul.
1644 1664 1807 1741 Flumina,

450 1785 536 1851 quae
561 1765 717 1831 biberunt
741 1767 784 1830 de
811 1765 903 1831 sonte
932 1766 1016 1830 lesu.
1032 1771 1039 1798 ‘
1058 1765 1124 1840 Me,
1140 1767 1256 1849 inquit,
1280 1765 1528 1848 dereliquerunt
1556 1766 1683 1832 sontem
1701 1787 1807 1851 aquae

450 1872 546 1936 vivae
561 1870 578 1936 ¹.
596 1869 755 1936 Flumina
771 1871 844 1956 ipsa
862 1870 905 1934 de
932 1869 1025 1934 sonte
1041 1870 1154 1953 Xpisti
1170 1879 1314 1936 currunt.
1343 1869 1404 1934 llle
1420 1869 1494 1935 lons
1510 1880 1570 1949 est,
1592 1848 1654 1936 n'os
1669 1869 1807 1938 flumina

451 1996 565 2040 sumus
578 2005 584 2041 :
597 1977 623 2040 si
636 1986 749 2042 tamen
769 1995 933 2040 meremur
948 1995 1021 2039 esse
1037 1974 1183 2039 flumina.
1194 1975 1337 2057 Xpistus
1353 1975 1426 2039 lons
1437 1984 1496 2052 est,
1506 1984 1540 2038 et
1551 1975 1658 2040 sancti
1668 1974 1807 2041 flumina

452 2088 530 2144 sunt
545 2104 553 2145 z
568 2081 624 2164 qui
641 2090 754 2147 autem
772 2079 942 2144 inferiores
958 2089 1045 2157 sunt,
1061 2079 1155 2144 rivuli
1172 2089 1258 2145 sunt.
1275 2080 1344 2144 Alii
1359 2100 1439 2144 vero
1454 2088 1618 2144 torrentes
1635 2090 1722 2146 sunt.
1738 2081 1805 2164 Qui
1828 2097 1858 2151 ις

449 2191 527 2247 sunt
551 2190 739 2250 torrentes?
764 2185 820 2268 qui
845 2185 887 2248 ad
915 2185 1033 2249 horam
1058 2183 1183 2248 habent
1209 2203 1323 2267 aquas,
1348 2194 1382 2249 et
1406 2187 1629 2269 temptatione
1654 2187 1806 2252 veniente

451 2285 624 2354 siccantur.
649 2289 808 2353 Flumina
828 2289 986 2370 plaudent
1009 2309 1110 2352 mauu
1125 2288 1234 2353 simul.
1252 2289 1329 2352 Non
1357 2298 1408 2353 est
1433 2309 1536 2353 unum
1563 2289 1697 2369 flumen,
1712 2291 1805 2374 plura

450 2399 527 2452 sunt
543 2389 680 2454 flumina
694 2415 700 2455 :
716 2400 800 2474 quot
816 2393 921 2458 sancti
938 2400 1025 2470 sunt,
1041 2402 1092 2456 tot
1107 2403 1141 2456 et
1162 2391 1300 2455 flumina
1315 2402 1402 2456 sunt.
1420 2391 1485 2458 Sed
1504 2393 1568 2456 ista
1584 2392 1803 2463 fluminanon

451 2493 576 2558 habent
594 2495 680 2560 inter
702 2515 737 2560 se
759 2496 999 2560 dissensionem
1017 2519 1024 2559 ε
1039 2497 1198 2578 quoniam
1222 2503 1300 2559 sunt
1327 2493 1465 2560 flumina
1481 2495 1603 2579 Xpisti,
1631 2506 1805 2579 propterea

451 2597 578 2662 habent
595 2600 680 2665 inter
702 2619 738 2665 se
754 2599 975 2664 concordiam.
992 2598 1152 2664 Flumina
1160 2598 1321 2681 plaudent
1336 2621 1437 2664 maun
1453 2600 1562 2664 simul.
1585 2603 1690 2665 Manu
1712 2601 1804 2684 plau·
1823 2621 1858 2657 20

449 2701 550 2767 dent:
576 2723 678 2788 opera
704 2715 896 2770 sanctorum
922 2705 993 2769 laus
1022 2706 1086 2768 Dei
1113 2714 1172 2768 est.
1199 2703 1340 2786 Xpistus
1360 2722 1425 2766 non
1451 2723 1533 2767 voce
1560 2704 1722 2781 laudatur,
1746 2705 1803 2768 sed

449 2827 570 2889 opere;
587 2827 652 2872 non
677 2808 771 2873 audit
799 2829 925 2888 vocem,
940 2810 998 2872 sed
1014 2828 1125 2892 opera.
1140 2807 1298 2870 Flumina
1307 2807 1469 2888 plaudent
1484 2827 1584 2870 mauu
1601 2807 1709 2872 simul.
1727 2807 1805 2870 Pro·

448 2919 563 2995 pterea
578 2913 659 2976 dicit
678 2922 709 2976 et
727 2913 797 2995 ipse
822 2914 854 2976 in
871 2911 1067 2995 evangelio:
1091 2912 1182 2995 ‘Qui
1208 2913 1287 2990 sitit,
1312 2911 1424 2975 veniat
1448 2919 1482 2974 et
1497 2910 1610 2988 bibat;
1632 2921 1665 2974 ct
1693 2911 1804 2987 fluent,

450 3017 567 3100 inquit,
583 3017 720 3082 flumina
743 3019 785 3083 de
801 3027 915 3084 ventre
942 3020 1012 3082 eius
1029 3019 1044 3082 ’.
1061 3019 1192 3080 Montes
1217 3018 1409 3082 exrrltabuut
1422 3015 1458 3077 iu
1483 3025 1643 3097 conspectu
1659 3015 1804 3080 Domini.

455 3120 544 3203 Quid
562 3121 679 3199 simile,
695 3121 832 3186 flumina
859 3131 891 3186 et
909 3128 1063 3186 montes?
1080 3121 1147 3188 Sed
1164 3122 1322 3204 quoniam
1339 3122 1381 3184 de
1406 3117 1559 3201 perlectis
1576 3120 1699 3182 sanctis
1715 3120 1804 3195 dicit,
1822 3140 1854 3192 25
1940 3177 1942 3182 .

452 3243 517 3288 non
531 3225 630 3302 dixit,
646 3224 739 3288 rivuli
752 3225 912 3308 plaudent
924 3245 1024 3289 manu
1036 3225 1145 3301 simul,
1156 3224 1226 3301 sed,
1238 3223 1393 3287 Flumina
1407 3224 1567 3308 plaudent
1585 3245 1685 3288 manu
1696 3225 1802 3288 simul.

451 3326 576 3392 Videte
591 3328 751 3393 ordinem.
769 3330 946 3394 Moveatur
963 3349 1061 3405 mare,
1078 3340 1110 3392 et
1127 3338 1218 3393 totus
1240 3328 1349 3392 orbis:
1370 3327 1508 3391 flumina
1525 3327 1685 3410 plaudent
1704 3349 1802 3392 manu

452 3433 676 3509 simul,sancti
693 3435 763 3498 eius
778 3458 785 3499 :
803 3443 933 3498 montes
951 3434 1175 3510 nihilominus
1190 3433 1246 3516 qui
1263 3433 1304 3496 ad
1322 3452 1488 3495 summam
1506 3433 1666 3497 iustitiam
1691 3453 1803 3514 perve-

451 3547 580 3602 nerunt.
597 3536 759 3601 Dicamus
783 3550 816 3603 et
833 3537 936 3604 aliter.
965 3539 1144 3601 Moveatur
1160 3556 1259 3613 mare,
1280 3535 1368 3619 quod
1387 3543 1465 3599 ante
1497 3535 1602 3600 luerat
1630 3536 1804 3612 inmotum,

451 3652 623 3706 moveatur
639 3642 670 3705 in
696 3643 841 3706 adventu
868 3641 989 3725 Xpisti.
1006 3640 1183 3704 Moventur
1200 3659 1311 3702 mare:
1338 3639 1403 3702 iam
1420 3639 1578 3717 diximus,
1602 3640 1666 3703 hoc
1682 3651 1732 3705 est
1748 3639 1802 3703 lex
1822 3662 1856 3711 30

486 3827 504 3864 1.
521 3811 647 3876 4Mr'rrn]
659 3815 737 3863 Maru
750 3811 774 3882 β
843 3813 898 3876 9dn
908 3810 1003 3873 ventre]
1015 3812 1056 3862 CS
1069 3812 1165 3874 (Psup.
1180 3810 1307 3870 lin.)add.
1321 3816 1351 3861 et.
1418 3814 1468 3876 ego]
1479 3825 1529 3860 om.
1545 3808 1620 3878 βΗΒ.
1691 3811 1805 3871 membro]

450 3896 658 3947 urrubroCcorr.
762 3908 787 3945 11
803 3895 949 3944 menbrisC.
1053 3906 1145 3957 trsqq.
1157 3891 1289 3957 plaudent]
1296 3891 1591 3956 plnudauthonstant.
1693 3893 1805 3956 25dr'cr't]

449 3979 546 4028 dicitur
564 3979 595 4029 C.
707 3976 738 4027 28
755 3977 845 4040 simul]
863 3993 912 4026 om.
928 3977 1001 4027 PSG.
1110 3977 1192 4024 sancti
1209 3971 1273 4032 rius]
1294 3975 1374 4034 PSG;
1394 3974 1486 4024 sanctis
1502 3975 1556 4026 elus
1575 3973 1615 4034 cr
1635 3990 1685 4025 om.
1702 3973 1803 4042 prinu.

449 4068 541 4110 montes
552 4076 601 4110 om.
617 4059 646 4109 C.

491 4213 517 4270 5.
534 4195 628 4271 effecta
643 4203 685 4254 ert
696 4191 799 4275 dulcis]
815 4193 910 4253 Euod.
931 4209 975 4269 15,
994 4207 1039 4268 25.
1063 4225 1101 4234 —
1153 4189 1318 4251 occidentis
1333 4188 1456 4264 litterae,
1469 4189 1578 4266 quibus
1592 4191 1616 4250 si
1631 4190 1805 4251 immittatur

451 4277 576 4337 Hieron.
602 4295 648 4354 ep.
674 4279 720 4353 69,
746 4295 773 4336 n.
801 4276 944 4334 6⁸Mara
972 4283 1102 4331 mutatur
1153 4273 1303 4333 consessio
1325 4273 1430 4345 crucis,
1447 4282 1476 4333 et
1500 4272 1645 4351 passionis
1672 4270 1804 4333 Domini-

448 4369 635 4418 sacramento
659 4358 764 4431 crucis,
780 4368 810 4418 et
832 4354 1018 4433 septuaginta
1044 4355 1102 4430 pal·
1153 4371 1206 4414 cae
1230 4364 1414 4414 sacramenta
1435 4353 1602 4431 iungantur,
1618 4371 1709 4414 omne
1722 4353 1804 4431 quod

450 4459 516 4499 mae
530 4441 732 4517 apostolorum
744 4439 906 4500 dulcoratis
921 4435 994 4513 legis
1008 4434 1101 4513 gurgi·
1153 4435 1326 4512 impotabile
1338 4446 1367 4496 et
1378 4435 1458 4495 triste
1470 4435 1624 4497 videbatur
1633 4454 1668 4496 ac
1677 4435 1803 4514 rigidum

449 4521 527 4581 tibus
544 4519 697 4599 irrigantur
711 4524 718 4549 '
731 4543 738 4595 3
753 4539 802 4597 ep.
820 4523 865 4595 78,
879 4537 970 4577 mans.
990 4535 1005 4594 5
1024 4521 1103 4594 ‘per
1154 4516 1274 4577 vertitur
1290 4517 1319 4576 in
1336 4516 1527 4577 dulcedinem
1543 4519 1558 4576 '.

449 4615 592 4664 venerunt
607 4604 645 4663 ad
662 4605 756 4676 Mara,
772 4620 849 4679 quae
860 4619 897 4661 ex
905 4598 1102 4660 amaritudine
1199 4618 1241 4674 13.
1258 4597 1352 4679 urnae]
1370 4601 1474 4658 Ierem.
1493 4619 1518 4671 2,
1539 4617 1582 4674 13.

449 4703 560 4746 nomen
575 4685 727 4763 accepit...
748 4687 833 4743 Mara
857 4681 994 4758 intellege
1009 4697 1101 4757 aquas
1196 4699 1241 4752 24.
1258 4677 1329 4761 eius]
1348 4681 1390 4739 Io.
1409 4698 1434 4754 7,
1452 4696 1499 4755 37.
1517 4684 1562 4756 38.
