4112 5496
253 441 280 524 ι]
603 445 972 507 COMMENTARIOLI
1003 449 1047 507 ΙΝ
1080 451 1277 512 PSALMOS.
1588 445 1614 536 3

258 659 379 744 hunc
426 673 663 772 angustum
712 663 1112 748 commentariolum
1164 666 1352 750 reseram.
1405 693 1616 752 exuerem·

257 823 510 883 ramosus,
614 783 620 796 ⁸

923 965 954 1048 I.

318 1214 489 1297 Beatus
516 1213 590 1296 vir
616 1213 799 1323 quinon
826 1215 938 1297 abiit
966 1217 1012 1298 in
1037 1219 1212 1302 consilio
1241 1219 1485 1330 irrrpz'orum.
1510 1220 1618 1328 Qui-

224 1380 240 1433 s
260 1350 364 1434 dam
385 1350 536 1432 dicunt
558 1349 672 1433 hunc
692 1351 909 1462 psalmum
931 1355 1054 1465 quasi
1077 1357 1381 1466 praefationem
1403 1386 1498 1442 esse
1519 1359 1618 1470 Spi-

262 1489 373 1571 ritus
394 1489 542 1590 sancti,
566 1502 608 1572 et
629 1489 725 1572 ideo
746 1490 921 1573 titulum
945 1519 1030 1576 non
1053 1495 1233 1580 habere:
1259 1497 1345 1597 alii,
1370 1497 1412 1580 in
1434 1500 1617 1608 eoquod

262 1629 430 1740 primus
460 1628 517 1711 sit
546 1626 711 1711 ordinis
745 1629 824 1728 sui,
860 1629 1015 1715 habere
1050 1634 1314 1746 principium,
1348 1647 1390 1718 et
1421 1646 1618 1740 πλεονασμοῦ

262 1794 357 1851 esse
378 1766 546 1866 vitium,
570 1793 668 1849 eum
692 1766 879 1876 primum
902 1767 1051 1870 dicere,
1074 1785 1174 1855 ante
1208 1801 1335 1884 quem
1366 1773 1513 1858 nullus
1548 1775 1614 1859 sit.

262 1906 428 1989 Aliter:
451 1904 565 2014 apud
592 1903 815 1988 Hebraeos
841 1917 882 1988 et
904 1906 1070 2016 primus
1091 1923 1132 1992 et
1168 1909 1384 1993 secundus
1421 1939 1533 1995 unus
1553 1925 1618 1996 est

208 2085 244 2122 ιο
262 2041 471 2155 psalmus,
509 2042 625 2153 quod
649 2042 692 2124 in
714 2043 1009 2153 apostolorum
1032 2074 1206 2157 quoque
1226 2048 1410 2132 Actibus
1440 2078 1618 2162 conpro-

262 2183 402 2266 batur.
424 2180 623 2294 Denique
636 2182 739 2292 quia
753 2210 780 2265 a
794 2182 1277 2296 beatitudinecoeperat,
1295 2187 1339 2269 in
1354 2187 1620 2272 beatitudine
1641 2289 1645 2296 ἱ

262 2320 435 2423 desivit,
472 2320 650 2404 dicens:
687 2321 840 2404 ‘Beati
862 2348 1014 2406 omnes
1046 2323 1120 2434 qui
1148 2323 1371 2408 confidunt
1403 2325 1446 2407 in
1474 2325 1619 2411 eum'

261 2459 430 2543 Aliter:
452 2459 602 2542 beatus
624 2460 697 2570 qui
721 2487 807 2543 non
842 2461 1059 2572 cogitavit,
1094 2487 1180 2544 non
1217 2461 1326 2564 lecit,
1364 2490 1450 2546 non
1472 2464 1619 2548 docuit

263 2598 389 2682 mala.
427 2597 608 2681 Aliter:
648 2597 800 2682 beatus
839 2599 912 2710 qui
956 2625 1041 2681 non
1081 2611 1145 2681 est
1188 2599 1388 2702 Iudaeus,
1429 2601 1617 2713 gentilis,

208 2765 241 2820 ις
264 2737 515 2823 haereticus,
551 2735 716 2821 Aliter:
740 2737 1034 2822 Tertullianus
1056 2735 1099 2817 in
1133 2736 1244 2820 libro
1270 2737 1323 2821 de
1354 2738 1620 2849 Spectaculis

260 2874 425 2959 adserit
458 2873 572 2956 hunc
604 2873 819 2985 psalmum
841 2875 957 2959 etde
981 2871 1137 2983 loseph
1171 2901 1297 2984 posse
1319 2876 1521 2988 intellegi,
1545 2877 1617 2987 qui

262 3041 423 3125 corpus
452 3012 633 3097 Domini
668 3013 875 3124 sepelivit,
911 3030 953 3100 et
987 3014 1041 3098 de
1077 3011 1146 3095 bis
1179 3015 1254 3125 qui
1290 3015 1343 3098 ad
1379 3017 1619 3127 spectacula

300 3251 568 3321 rreseranrlssAMp;
602 3254 711 3320 tesseram
721 3255 750 3306 C.
831 3266 962 3304 exettcrr
974 3253 1237 3316 ruocoous]E;0m.
1250 3250 1339 3316 reliqui
1350 3251 1424 3301 codd.
1510 3249 1619 3314 γπλεο-

260 3337 381 3400 nepoti]
400 3337 506 3402 scripsi3
539 3333 737 3404 πλεονασμόνβ
755 3337 821 3397 (cod.
844 3337 869 3386 S.
893 3336 1003 3386 Huberti
1019 3337 1221 3400 pleonasrrrrrrrr);
1252 3335 1414 3398 plemam.
1438 3334 1478 3394 E;
1494 3357 1498 3364 ·
1509 3335 1618 3398 pleonas·

260 3419 351 3471 urosC
361 3438 368 3480 ς
397 3421 598 3486 pleonasmus
615 3421 679 3470 AM.
699 3420 879 3471 Difficultatem
891 3429 972 3470 ortam
992 3435 1046 3469 esse
1064 3419 1176 3484 suspicor
1196 3433 1225 3468 ex
1241 3416 1405 3466 similitudine
1423 3433 1497 3482 quarn
1517 3417 1620 3468 interae

260 3503 326 3554 olim
344 3502 567 3554 habebantlittera
586 3518 676 3568 graece
696 3503 715 3553 Υ
735 3511 759 3552 et
782 3503 874 3554 letinae
894 3504 992 3553 litterae
1012 3518 1024 3550 s
1041 3509 1066 3551 et
1084 3518 1103 3550 r.
1209 3512 1236 3548 12
1254 3499 1355 3561 destitit]
1374 3499 1427 3549 AM
1448 3499 1549 3559 (disr'vit
1569 3500 1620 3560 E);

259 3585 359 3635 desinet
377 3582 426 3652 Εβ.
494 3584 523 3633 in
534 3581 698 3651 eumaem
731 3586 760 3633 ἐκ
771 3599 797 3634 eo
808 3584 870 3634 AM.

305 3771 338 3828 .9.
370 3746 482 3830 Aliter]
522 3751 592 3809 Hoc
624 3747 795 3810 adverbium
828 3749 916 3810 etiam
970 3749 1058 3827 cepi’
1074 3771 1082 3822 ;
1106 3749 1162 3808 col.
1194 3768 1290 3824 1123:
1318 3746 1444 3818 ‘Aliten
1468 3747 1537 3824 quia
1563 3747 1620 3808 vita

262 3833 341 3895 alias
355 3832 393 3892 ab
409 3831 596 3907 Hieronymo
620 3828 737 3906 saepius
761 3829 918 3907 interponi·
970 3831 1044 3896 haec
1069 3829 1241 3891 miserabilis
1256 3831 1263 3858 ¹
1280 3852 1287 3902 ;
1303 3833 1310 3862 ‘
1326 3829 1428 3899 Aliter,
1448 3830 1553 3890 decem
1569 3829 1620 3906 qui

264 3927 324 3987 tur,
341 3933 365 3972 v.
382 3931 422 3990 gr.
440 3913 558 3974 Comm.
577 3910 605 3970 in
622 3912 735 3972 Eccles.
752 3930 797 3990 ap.
816 3911 920 3989 Migne,
972 3923 1147 3989 potestatem
1164 3911 1273 3972 habent
1288 3913 1295 3937 ¹
1312 3932 1320 3984 ;
1336 3915 1343 3942 ‘
1358 3907 1461 3982 Aliter,
1477 3928 1564 3986 supra
1580 3910 1621 3971 di-

265 4018 283 4057 2
288 4015 316 4073 3,
343 3996 398 4054 col.
426 3996 500 4067 1067
515 4015 522 4052 z
539 3995 546 4024 ‘
563 3991 663 4065 Aliter,
690 3992 784 4070 prima
808 3993 919 4054 recedit
970 4005 1049 4052 xerat
1065 4005 1094 4052 et
1109 3992 1281 4058 domesticis
1296 3993 1302 4020 ’
1317 4002 1372 4051 etc.

264 4075 420 4156 generatio
444 4077 476 4148 ';
497 4075 553 4134 col.
585 4077 680 4133 1060:
705 4079 712 4106 ‘
740 4073 842 4147 Aliter,
875 4076 918 4134 sol
1016 4093 1059 4152 15.
1083 4077 1114 4134 r'n
1129 4075 1203 4134 libro
1216 4075 1250 4132 de
1261 4071 1444 4154 Spectaculis]
1455 4093 1518 4151 cap.
1534 4074 1619 4149 3(lli.

266 4155 398 4219 iustitiae
413 4155 442 4216 in
458 4155 543 4216 cuius
557 4154 611 4215 alis
625 4167 669 4216 est
684 4155 794 4216 sanitas
809 4157 815 4184 ’
831 4175 840 4231 ;
862 4157 917 4214 col.
975 4175 999 4228 r,
1018 4157 1097 4234 708).
1111 4154 1330 4218 Consonatsibi
1344 4155 1557 4231 Hieronymus,
1570 4153 1620 4229 qui

271 4241 370 4314 1069:
387 4243 394 4270 ‘
409 4236 512 4309 Aliter,
528 4237 572 4296 sol
585 4238 708 4314 quando
722 4255 774 4315 per
787 4249 918 4297 austrum
971 4238 1157 4316 evangelium
1176 4235 1320 4295 llattbaei
1338 4252 1383 4309 27,
1402 4255 1438 4313 57
1461 4237 1622 4312 explanans

266 4319 358 4381 currit
373 4321 380 4348 '
395 4341 404 4393 ;
428 4319 486 4382 col.
517 4335 591 4395 1075
611 4340 619 4378 ι
633 4321 641 4352 ⁸
656 4316 757 4389 Aliter,
781 4317 920 4378 omnibus
973 4317 1012 4378 ita
1027 4319 1126 4378 scribit
1145 4343 1150 4377 :
1168 4321 1174 4348 ‘
1190 4317 1226 4376 In
1242 4317 1300 4375 alio
1315 4317 1495 4394 evangelista
1509 4315 1621 4393 Joseph

266 4421 322 4482 per
331 4398 542 4478 paenitentiam
552 4399 581 4457 in
592 4396 737 4477 integrum
750 4397 889 4460 restitutis
900 4401 906 4426 '
912 4419 921 4472 ;
972 4399 1027 4460 iste
1043 4400 1188 4472 βουλευτής
1203 4399 1375 4474 appellatur,
1393 4399 1421 4458 id
1447 4409 1491 4459 est
1506 4395 1623 4456 consili—

265 4485 325 4544 col.
358 4485 458 4560 1096:
487 4485 495 4512 ‘
522 4479 625 4552 Aliter,
653 4479 796 4558 superiori
824 4499 921 4542 errore
972 4479 1059 4552 arius,
1074 4490 1105 4538 et
1116 4479 1155 4538 de
1167 4479 1232 4555 ipso
1243 4479 1365 4554 quidam
1377 4491 1481 4555 putant
1494 4477 1620 4554 primum

265 4565 402 4626 turbatus
417 4566 424 4592 ’
439 4585 449 4638 ;
473 4561 531 4622 col.
551 4579 628 4637 1099
642 4584 648 4620 :
675 4561 799 4634 ‘Aliter,
815 4581 920 4621 manus
973 4562 1118 4638 psalmum
1135 4578 1200 4620 esse
1214 4558 1414 4635 compositum
1430 4582 1436 4618 :
1452 4561 1563 4619 Beatus
1578 4560 1624 4618 uir

264 4647 372 4708 crebro
386 4665 441 4724 pro
456 4642 599 4721 operibus
612 4641 820 4719 accipiuntur'
837 4663 845 4713 ;
862 4643 918 4702 col.
971 4643 1027 4719 qui
1048 4660 1104 4698 non
1128 4642 1205 4700 abiit
1226 4641 1387 4700 insensilia
1409 4643 1573 4719 irupiormn,
1596 4655 1623 4700 et

270 4747 369 4808 1107:
395 4727 525 4798 ‘Aliter,
548 4722 620 4802 quia
644 4723 704 4783 dixi
726 4737 817 4802 atque
842 4741 922 4802 prae·
972 4723 1086 4802 reliqua
1100 4725 1115 4782 '.
