4154 5494
619 413 874 476 TRACTATUS
897 412 956 472 DE
978 410 1145 474 PSALMO
1167 411 1249 476 CVI.
1522 411 1598 502 177

244 625 322 692 tatis
345 627 526 692 habitaculi
543 649 610 693 non
627 629 833 708 invenerunt,
848 630 1030 696 esurientes
1045 640 1078 694 et
1102 629 1260 696 sitientes.
1276 629 1329 692 De
1345 630 1465 712 quibus
1480 631 1600 698 dicitur

245 731 519 810 aaninuenenent,
530 733 743 799 manifestum
754 735 903 818 estquod
917 735 1137 818 quaesierunt.
1159 733 1256 799 Viam
1266 733 1413 798 civitates
1423 733 1603 800 habitaculi

245 856 305 900 noa
337 837 538 905 invenerunt.
569 837 793 922 Quaesierunt
819 859 899 920 ergo
925 839 1023 915 viam,
1054 858 1236 921 perquam
1264 838 1351 902 viam
1383 839 1533 903 venirent
1557 840 1598 902 ad

244 941 428 1007 civitatem:
455 943 637 1008 esurientes
662 943 874 1025 quaesierunt
898 951 932 1006 et
956 943 1114 1006 sitientes.
1142 939 1269 1005 Anima
1296 940 1438 1024 ipsarum
1462 941 1496 1006 in
1522 942 1602 1024 nisis

215 1061 226 1117 5
242 1042 384 1123 defecit.‘
399 1045 601 1112 Deiecerunt
617 1055 802 1110 scrutantes
815 1045 1003 1110 scrutinio.'
1020 1044 1231 1120 Deiecerunt,
1246 1045 1467 1127 quaesierunt,
1483 1057 1517 1112 et
1533 1067 1599 1111 non

245 1147 450 1228 invenerunt,
466 1159 499 1214 et
515 1151 548 1214 in
572 1151 678 1214 esurie
694 1170 754 1215 sua
775 1162 808 1215 et
828 1151 881 1213 siti
904 1151 991 1214 viam
1015 1151 1158 1214 civitatis
1179 1149 1360 1214 habitaculi
1375 1172 1448 1215 non
1466 1152 1598 1215 invene·

244 1261 329 1330 ruat,
344 1253 526 1318 esurientes
541 1263 575 1318 et
590 1253 750 1320 sitientes.
768 1253 866 1318 Multi
883 1251 1015 1315 suerunt
1031 1253 1087 1334 qui
1105 1254 1372 1333 repromitterent
1388 1257 1484 1320 istam
1502 1257 1600 1331 viam,

187 1427 192 1436 ‚
243 1375 328 1438 quae
348 1359 484 1422 duceret
508 1360 552 1422 ad
575 1359 752 1422 civitatem.
780 1357 935 1420 Promisit
962 1356 1127 1431 Socrates,
1151 1357 1303 1437 promisit
1325 1358 1428 1436 Plato,
1447 1360 1599 1442 promisit

242 1463 449 1531 Aristoteles.
464 1466 698 1540 Aemorrousa,
709 1485 793 1546 quae
804 1463 928 1527 fluebat
938 1463 1145 1544 sanguinem,
1157 1461 1279 1527 multos
1290 1461 1432 1545 quaesiit
1443 1465 1600 1540 medicos,

197 1585 225 1626 ro
241 1574 274 1629 et
289 1587 309 1630 a
327 1567 418 1631 nullo
432 1569 541 1632 sanari
555 1569 672 1650 potuit.
693 1567 789 1632 Viam
800 1566 947 1630 civitatis
958 1565 1140 1630 habitaculi
1150 1585 1212 1629 non
1225 1566 1425 1632 invenerant.
1436 1567 1599 1631 Doctrina

240 1667 370 1734 illorum
400 1671 507 1753 magis
528 1671 650 1736 famem
673 1671 816 1735 iaciebat
833 1670 989 1746 veritatis,
1012 1690 1113 1752 quarn
1134 1669 1352 1736 saturitatem.
1370 1670 1596 1734 Aemorrousa

240 1782 345 1838 totam
367 1775 589 1840 substantiam
611 1794 705 1838 suam
727 1774 879 1856 inpendit
902 1774 935 1836 in
954 1774 1116 1836 medicos:
1137 1775 1284 1838 esuriens
1303 1783 1336 1838 et
1352 1775 1466 1838 sitiens
1486 1774 1598 1838 anima

239 1875 310 1940 eius
321 1878 353 1941 in
371 1878 445 1961 ipsa
456 1878 584 1944 deiecit.
597 1879 664 1946 Sed
681 1879 840 1960 quoniam
854 1877 1043 1959 perdiderat
1059 1897 1152 1940 suam
1168 1878 1354 1941 universam
1366 1878 1597 1952 substantiam,

238 1979 301 2044 hoc
316 1990 367 2045 est
382 1981 522 2047 ecclesia
536 1985 579 2048 de
599 1983 755 2066 gentibus
771 1989 983 2064 congregata,
1007 1981 1084 2063 quia
1100 1981 1213 2045 anima
1228 1982 1298 2045 eius
1322 1982 1354 2046 in
1372 1983 1443 2064 ipsa
1468 1983 1598 2060 deiecit,

193 2107 219 2162 ις
237 2084 394 2151 clamavit
409 2088 452 2150 ad
471 2087 654 2151 Dominum
671 2107 746 2150 cum
763 2086 985 2150 tribularetur.
1001 2085 1125 2148 Tactus
1143 2083 1291 2148 fimbriae
1308 2085 1456 2162 Domini,
1471 2085 1598 2148 clamor

238 2191 401 2255 credentis
421 2191 491 2256 tuit.

279 2293 328 2358 Et
340 2295 567 2382 clamaverunt
579 2294 627 2358 ad
638 2294 819 2357 Dominum
834 2315 907 2357 cum
923 2291 1169 2357 tn'balarentar.
1184 2293 1259 2358 ‘Ad
1274 2292 1467 2369 Dominum,
1481 2292 1597 2375 inquit,

236 2419 311 2462 curn
339 2397 513 2464 tribularer
532 2398 683 2475 clamavi,
703 2409 736 2462 et
755 2398 929 2462 exaudivit
957 2397 1037 2461 me.'
1056 2397 1151 2460 Tunc
1172 2396 1372 2460 exaudimur
1397 2414 1417 2458 a
1439 2395 1596 2473 Domino,

237 2504 373 2586 quando
389 2523 455 2567 non
472 2503 617 2586 simplex
634 2525 702 2568 vox
718 2504 776 2566 sed
794 2503 965 2568 tribulatio
981 2505 1104 2567 clamat
1120 2503 1162 2566 ad
1181 2502 1374 2566 Dominum.

189 2632 220 2670 ao
279 2605 327 2670 Et
341 2607 475 2672 deduxit
491 2629 543 2672 eos
563 2609 597 2672 in
614 2607 704 2672 viam
726 2617 853 2672 rectam.
876 2607 964 2690 Quia
984 2609 1070 2671 viam
1093 2607 1236 2671 civitatis
1255 2607 1436 2670 habitaculi
1459 2627 1524 2669 uon
1546 2608 1593 2670 in·

238 2720 407 2787 venerunt,
423 2721 598 2794 propterea
612 2714 755 2779 deduxit
772 2733 829 2776 eos
846 2714 878 2776 iu
896 2715 983 2778 viam
1003 2723 1136 2778 rectam.
1153 2711 1244 2794 Ergo
1260 2711 1407 2774 ostendit
1423 2711 1500 2793 quia
1516 2721 1594 2774 ante

237 2811 433 2878 invenerunt
450 2817 583 2898 quidem
602 2818 680 2894 vias,
696 2819 754 2882 sed
771 2837 890 2899 pravas
906 2827 940 2880 et
957 2837 1022 2880 non
1041 2825 1155 2880 rectas.
1171 2813 1219 2878 Et
1232 2813 1367 2878 deduxit
1379 2835 1430 2877 eos
1453 2813 1487 2876 ia
1503 2814 1594 2878 viam

236 2927 364 2982 rectam.
389 2916 454 2982 Via
469 2919 613 2984 deduxit
629 2941 685 2984 eos
702 2921 734 2985 in
757 2923 853 2987 viam.
872 2922 949 3004 Ipse
967 2921 1133 2984 Dominus
1156 2930 1257 3002 atque
1282 2917 1435 2982 Salvator
1450 2919 1593 2982 deduxit

235 3041 292 3084 eos
313 3021 346 3084 in
365 3021 451 3084 viam
472 3033 605 3088 rectam.
627 3023 693 3088 Via
712 3025 854 3090 deduxit
871 3044 928 3088 eos
952 3023 984 3087 in
1002 3024 1089 3087 viam
1107 3034 1247 3086 rectam:
1269 3021 1346 3085 iecit
1367 3043 1424 3085 eos
1446 3033 1482 3086 ut
1505 3023 1594 3086 inse

187 3153 217 3204 ²5
234 3126 454 3202 ambularent,
470 3128 540 3209 ipse
557 3136 589 3191 et
605 3127 725 3192 ductor
740 3137 774 3192 et
795 3129 857 3192 via
872 3126 920 3190 Et
938 3125 1074 3190 &duxit
1086 3146 1138 3189 eos
1161 3126 1195 3188 ia
1216 3125 1307 3190 aiam
1329 3135 1462 3189 rectam:
1477 3136 1513 3188 ut
1535 3145 1594 3206 per

234 3229 320 3294 hanc
337 3229 435 3308 viam,
450 3230 514 3294 huc
529 3240 580 3294 est
597 3251 655 3313 per
678 3231 861 3296 Dominum
880 3230 1098 3308 Salvatorem,
1118 3230 1202 3292 irent
1224 3229 1256 3292 in
1273 3230 1442 3293 civitatem
1464 3228 1592 3292 habita·

233 3335 343 3412 tionis,
364 3335 397 3400 in
413 3335 587 3400 ecclesiam
609 3337 689 3413 eius,
704 3357 791 3419 quae
815 3335 955 3400 tundata
976 3334 1083 3400 iuerat
1103 3353 1202 3416 super
1224 3333 1343 3415 ipsum,
1360 3342 1395 3396 et
1410 3342 1539 3416 petram
1559 3343 1593 3396 et

234 3435 321 3501 viam
338 3447 439 3519 atque
454 3439 635 3503 ductorem.
650 3437 824 3522 Simulque
839 3437 1118 3503 considerandum
1130 3438 1209 3521 quia
1221 3436 1254 3500 in
1267 3437 1332 3500 isto
1348 3435 1478 3519 psalmo
1494 3437 1593 3501 tertio

232 3539 352 3605 dicitur
381 3538 605 3626 Confiteantur
632 3542 775 3606 Domino
805 3541 1043 3607 macricordeae
1064 3540 1145 3615 eius,
1170 3549 1202 3602 et
1225 3538 1393 3603 mirabilia
1419 3538 1489 3603 eius
1502 3539 1594 3623 filiis

267 3723 277 3761 t
291 3711 455 3774 invenerant]
466 3713 613 3764 invenerint
623 3713 651 3764 S.
736 3725 751 3762 2
762 3712 935 3780 quaesierunt]
946 3711 1100 3776 quaesierint
1112 3710 1160 3760 BS.
1250 3723 1264 3772 3
1275 3710 1337 3772 naa]
1348 3710 1390 3759 sed
1399 3725 1449 3759 non
1462 3708 1478 3776 β
1488 3729 1496 3770 3
1507 3717 1531 3759 et
1541 3727 1591 3761 reare

232 3793 259 3853 S,
274 3794 398 3844 Paadd.
411 3809 465 3859 sup.
481 3795 524 3844 lin.
622 3803 671 3859 per
688 3811 766 3859 qaam
786 3793 866 3852 ur'am]
888 3792 929 3862 βΑ
949 3809 999 3842 non
1020 3800 1098 3857 repet.
1112 3793 1190 3842 uiam.
1291 3787 1441 3856 qe'psorum]
1460 3808 1544 3842 earam
1564 3792 1588 3860 β.

231 3887 247 3938 9
259 3877 413 3939 Aristoteles]
427 3875 451 3944 β,
468 3877 486 3925 Ρ
499 3889 514 3928 2
526 3893 550 3925 m
563 3894 570 3936 3
583 3877 729 3928 Arestateles
743 3878 762 3928 B
773 3896 781 3936 ;
793 3877 938 3927 Aristotelis
950 3877 999 3934 CS,
1016 3876 1034 3924 P
1050 3888 1059 3923 1
1075 3891 1098 3923 rn
1110 3891 1118 3933 ς
1131 3875 1280 3924 Aresluteiis
1293 3876 1325 3925 G.
1413 3877 1591 3938 Aemorrousa]

231 3975 401 4010 umam-ura
421 3961 458 4021 S;
478 3969 620 4028 ernatrsup.
637 3961 770 4022 lintraasa
781 3964 823 4022 Α;
842 3977 968 4011 errroreusa
982 3962 1020 4019 B;
1040 3975 1169 4009 errrureresa
1190 3959 1231 4016 C;
1250 3973 1360 4006 errroreus
1379 3959 1421 4016 (ἐς
1441 3959 1591 4008 aemareisP

232 4051 319 4094 mutat.
333 4043 358 4092 iu
370 4057 512 4092 aemema
524 4061 531 4102 ;
543 4043 718 4094 iaenrarrarisa
732 4043 757 4112 β.
833 4043 994 4108 sanguinem]
1005 4045 1129 4105 sanguine
1142 4039 1192 4110 βΟ.
1270 4053 1299 4089 12
1311 4041 1426 4104 r'aperulit
1437 4043 1466 4090 ire
1479 4043 1590 4102 neeriicas]

230 4125 345 4190 expendit
355 4125 385 4175 in
397 4125 496 4176 micet
508 4126 534 4178 S.
638 4139 666 4176 12
678 4143 716 4192 sq.
730 4129 867 4177 esurienter
878 4134 901 4174 et
912 4127 1024 4175 sitientes
1034 4143 1058 4174 a.
1072 4141 1157 4173 earum
1170 4126 1198 4173 ia
1210 4123 1271 4184 ipsis
1287 4123 1372 4186 defecit
1385 4119 1408 4188 β.
1511 4136 1543 4172 2ο
1553 4125 1591 4174 Et

229 4205 343 4268 deduxit]
354 4209 392 4258 Et
401 4209 490 4260 eduxit
502 4207 546 4276 βὸ.
648 4221 680 4270 24
692 4215 722 4257 ut
732 4209 762 4258 in
773 4224 798 4257 se
810 4208 978 4269 atrebatarerrt]
993 4205 1072 4274 puts
1084 4207 1126 4266 (ci.
1140 4221 1215 4270 supra
1227 4221 1250 4268 p.
1266 4215 1306 4266 33,
1321 4204 1337 4253 l.
1355 4215 1384 4263 14
1397 4205 1404 4229 ‘
1417 4201 1497 4253 iecisti
1508 4219 1551 4252 eas
1563 4212 1589 4254 ut

229 4291 386 4342 ambularent
399 4289 433 4352 ’);
445 4291 531 4342 Gom.
546 4299 592 4351 rel;
604 4293 633 4341 in
644 4307 669 4340 re
679 4291 809 4340 anibulare
821 4291 852 4340 C.
953 4301 984 4352 25
996 4297 1020 4338 et
1029 4289 1126 4349 ductor]
1143 4294 1167 4336 et
1183 4288 1263 4336 ‹iactar
1286 4286 1313 4344 B,
1330 4287 1347 4333 P
1359 4302 1414 4334 corr
1426 4304 1433 4345 ;
1451 4292 1485 4334 est
1503 4286 1591 4335 ductor

229 4372 250 4422 C
261 4389 268 4432 3
280 4373 419 4424 deducterS
431 4389 439 4432 ς
450 4373 571 4424 doctorG.
640 4381 663 4422 et
674 4373 729 4435 via]
743 4373 827 4422 Sadd.
838 4380 879 4422 est.
949 4384 979 4433 27
992 4373 1021 4420 ia
1033 4369 1166 4430 ecclesiam]
1176 4371 1204 4418 in
1214 4369 1311 4418 ecclesia
1325 4368 1367 4417 BC
1378 4386 1386 4427 ;
1398 4369 1427 4416 in
1436 4368 1549 4416 aecclesia
1560 4368 1586 4417 P.

229 4455 261 4506 28
271 4455 407 4518 ductarent]
417 4455 534 4506 doctorem
546 4455 599 4507 SG.
700 4454 846 4516 terrio10m.
861 4455 892 4504 G.

270 4623 295 4682 5.
312 4601 463 4685 scrutinio]
483 4607 526 4666 Ps.
544 4608 591 4681 63,
611 4623 635 4678 7.
980 4607 1023 4662 18.
1036 4603 1188 4662 exarrdizv‘t
1201 4598 1255 4682 me]
1272 4603 1317 4660 Ps.
1339 4621 1403 4678 119,
1424 4622 1446 4660 1.

268 4705 295 4763 9.
310 4682 493 4766 sanguinem]
509 4687 615 4748 Mariti.
640 4707 666 4762 9,
690 4707 727 4744 2ο
742 4705 804 4764 sqq.

279 4813 392 4856 Aneodota
402 4813 553 4858 nardulus
564 4813 607 4864 ill,
617 4829 636 4856 2.
