4060 5498
553 413 811 474 TRACTATUS
842 415 900 474 DE
929 415 1100 477 PSALMO
1128 417 1192 476 XV.
1367 479 1371 486 ,
1523 429 1574 508 25

218 635 295 679 cum
312 610 466 677 diabolus
482 610 525 673 ad
549 609 677 674 laevam
692 613 875 693 peccatoris
886 615 1066 694 aspexerit,
1088 614 1164 678 ilico
1189 617 1309 697 migrat
1337 617 1379 678 ad
1398 617 1573 680 dexteram

220 717 300 796 eius,
315 725 351 780 ut
367 716 477 779 locum
495 715 559 776 Dei
577 715 767 797 possideat:
796 716 1018 800 impleturque
1037 717 1119 782 illud
1130 719 1220 800 quod
1242 719 1285 781 de
1309 719 1393 783 luda
1413 722 1574 802 scriptum

221 831 272 886 est
287 825 295 854 ‘
321 819 395 884 Stet
411 818 567 883 diabolus
590 840 610 882 a
636 820 765 883 dextris
782 821 852 883 eius
869 821 885 884 '.
902 819 1001 903 Quod
1020 841 1122 903 quare
1138 843 1205 886 non
1224 823 1318 904 quasi
1335 823 1367 886 in
1387 825 1576 888 narratione

221 927 281 988 sed
300 927 332 988 in
349 923 499 988 oratione
517 932 671 1004 ponatur,
686 923 822 987 alterius
839 923 903 988 loci
925 935 975 990 est
992 929 1162 990 disserere.
1180 926 1330 990 Domino
1342 927 1444 1009 igitur
1460 927 1576 993 Salva-

190 1030 295 1106 stori,
310 1029 379 1092 sive
395 1047 454 1110 per
479 1026 663 1088 Dominum
689 1029 814 1090 sanctis
841 1028 921 1102 eius,
945 1047 1079 1110 semper
1104 1038 1172 1092 stat
1201 1027 1295 1091 Deus
1320 1031 1362 1092 ad
1390 1031 1576 1093 dexteram.

224 1133 337 1196 lustus
353 1139 465 1194 autem
482 1129 651 1193 sinistram
668 1149 735 1193 non
753 1129 864 1206 habet,
880 1141 912 1194 et
929 1151 1143 1213 quocumque
1159 1154 1193 1194 se
1212 1133 1358 1208 verterit,
1374 1133 1576 1196 ‘circumdat

222 1236 362 1318 angelus
378 1233 514 1298 Domini
530 1233 562 1294 in
579 1232 718 1295 circuitu
735 1233 927 1296 timentium
944 1254 1034 1313 eum,
1050 1245 1084 1298 et
1101 1235 1256 1298 liberabit
1280 1254 1338 1298 eos
1352 1235 1368 1298 '.
1396 1235 1458 1298 Vis
1484 1235 1578 1311 scire,

222 1361 288 1404 non
305 1340 428 1402 habere
443 1337 567 1400 iustum
585 1336 780 1400 sinistram?
806 1338 942 1419 Moyses
961 1359 1036 1400 cum
1055 1339 1088 1401 in
1114 1347 1198 1422 typo
1222 1341 1328 1402 crucis
1349 1351 1508 1421 utrasque
1534 1341 1575 1402 ad

222 1445 352 1507 caelum
368 1443 493 1505 levaret
509 1459 637 1517 manus,
654 1460 720 1504 non
738 1440 901 1518 scribitur,
918 1441 1036 1505 Aaron
1053 1453 1125 1507 erat
1140 1463 1160 1505 a
1177 1444 1307 1506 dextris
1330 1445 1402 1506 eius
1426 1455 1459 1506 et
1484 1444 1535 1507 Ur
1558 1464 1577 1505 a

177 1573 210 1612 ro
224 1547 373 1624 sinistris,
396 1547 455 1609 sed
483 1546 573 1627 quod
598 1545 677 1608 hinc
700 1545 831 1608 steterit
849 1545 961 1609 Aaron
980 1556 1012 1609 et
1030 1547 1108 1610 inde
1128 1548 1187 1612 Ur.
1205 1547 1243 1610 ln
1260 1547 1413 1610 Iudicum
1442 1567 1576 1628 quoque

223 1655 308 1718 libro
323 1651 417 1715 Aoth
434 1650 489 1713 ille
505 1650 668 1731 princeps,
683 1649 777 1712 cuius
795 1648 974 1730 multiplex
996 1659 1047 1714 est
1073 1661 1106 1714 et
1134 1653 1261 1732 grande
1287 1652 1494 1734 mysterium,
1521 1651 1578 1732 qui

223 1758 374 1840 gladium
402 1754 549 1818 habebat
580 1753 613 1815 in
639 1752 774 1830 femore,
807 1761 838 1816 et
867 1763 1080 1817 truncaverat
1106 1755 1290 1836 cupidines,
1318 1754 1576 1837 pinguissimum

224 1882 358 1945 quoque
393 1869 426 1923 et
464 1877 610 1922 crassum
647 1858 874 1920 adversarium
913 1879 974 1921 suo
1012 1878 1170 1922 mucrone
1205 1859 1413 1934 confoderat,
1454 1860 1578 1922 idcirco

223 1960 473 2056 ἀμφοτεροδέξιος
483 1962 646 2038 scribitur,
658 1962 690 2023 id
708 1971 768 2038 est,
780 1971 959 2043 utramque
977 1983 1112 2024 manum
1130 1965 1309 2028 dexteram
1325 1965 1463 2042 habens,
1477 1985 1577 2046 quem

178 2099 209 2151 ις
225 2094 286 2138 nos
312 2074 414 2136 latine
441 2071 692 2134 ambidextrum
720 2090 899 2151 possumus
926 2072 1046 2136 dicere.
1063 2073 1227 2154 Opponat
1255 2073 1399 2156 aliquis:
1416 2071 1453 2137 Si
1471 2073 1579 2136 iustus

224 2199 291 2243 non
308 2177 431 2240 habeat
448 2176 627 2251 sinistram,
643 2175 815 2256 quomodo
834 2175 998 2254 sapientia
1022 2186 1055 2239 et
1082 2179 1239 2240 dextram
1268 2177 1430 2240 scribatur
1456 2177 1580 2240 habere

224 2292 258 2346 et
273 2283 427 2344 laevam?
444 2277 599 2360 Diligens
615 2277 718 2341 lector
734 2278 892 2359 perfacile
907 2277 1079 2356 iudicabit,
1094 2294 1222 2362 quanta
1232 2281 1422 2344 differentia
1433 2283 1475 2344 sit
1491 2281 1579 2344 inter

225 2386 401 2449 dexteram
418 2381 602 2464 sapientiae
619 2391 651 2443 et
669 2381 809 2457 laevam,
824 2400 900 2443 cum
924 2383 1208 2461 animadverterit,
1225 2405 1311 2466 quae
1333 2385 1366 2446 iu
1391 2384 1522 2446 dextris
1547 2391 1581 2446 et

227 2508 312 2571 quae
325 2488 358 2552 in
371 2485 512 2550 sinistris
524 2484 593 2546 eius
603 2503 675 2546 esse
688 2494 870 2547 narrentur.
884 2483 1017 2548 Dicitur
1027 2487 1115 2548 enim
1125 2510 1132 2550 :
1142 2490 1150 2519 ‘
1162 2487 1356 2569 Longitudo
1372 2486 1581 2550 aeternitatis

176 2621 211 2660 eo
227 2603 261 2658 et
286 2592 364 2656 anni
389 2590 477 2654 vitae
502 2589 535 2650 in
563 2590 684 2651 dextra
711 2589 792 2665 eius,
816 2590 848 2650 in
874 2589 1009 2652 sinistra
1025 2599 1139 2654 autem
1157 2592 1227 2655 cius
1243 2592 1380 2654 divitiae
1396 2601 1429 2654 et
1443 2591 1550 2671 gloria
1563 2589 1579 2654 ’.

229 2698 333 2762 Vides
349 2703 521 2758 aeternum
539 2701 673 2773 tempus
690 2701 723 2754 et
739 2693 843 2756 vitam
861 2703 1058 2774 perpetuam
1075 2695 1108 2756 in
1126 2695 1312 2776 sapientiae
1339 2696 1463 2759 dextra
1479 2694 1579 2758 collo-

227 2811 323 2866 cata:
339 2798 486 2862 carnalia
497 2805 611 2860 autem
624 2815 710 2876 quae
721 2806 905 2873 transeunt,
916 2816 1001 2879 quae
1013 2799 1094 2860 dum
1105 2801 1210 2860 teneri
1222 2809 1382 2880 putantur
1393 2799 1581 2880 aufugiunt,

228 2907 260 2969 id
275 2915 325 2968 est
341 2902 477 2966 divitias
489 2908 522 2963 et
534 2897 686 2981 gloriam,
701 2901 733 2961 in
749 2900 842 2962 laeva
855 2900 925 2963 eius
942 2902 1060 2981 posita,
1071 2904 1255 2965 secundum
1267 2902 1359 2980 illud,
1372 2904 1464 2985 quod
1478 2904 1510 2964 in
1525 2903 1580 2965 die

229 3008 341 3071 iudicii
357 3006 413 3069 alii
430 3004 567 3068 stabunt
583 3022 603 3065 a
619 3005 759 3082 dextris,
780 3014 813 3067 et
829 3004 885 3066 alii
902 3025 921 3066 a
938 3005 1099 3069 sinistris:
1118 3007 1197 3088 agni
1213 3006 1370 3070 videlicet
1386 3017 1421 3071 et
1437 3008 1545 3070 sancti
1561 3029 1581 3070 a

177 3137 210 3191 ²5
227 3111 368 3187 dextris,
382 3109 481 3172 haedi
498 3118 610 3169 autem
625 3115 659 3169 et
674 3117 866 3189 peccatores
882 3128 902 3169 a
926 3106 1069 3169 sinistris
1085 3110 1163 3172 eius.
1182 3109 1249 3174 Sed
1275 3121 1309 3174 et
1334 3112 1415 3176 illud
1442 3111 1582 3177 forsitan

227 3215 377 3278 curiosus
393 3215 496 3276 lector
511 3211 644 3286 obiciat,
661 3212 832 3292 quomodo
847 3231 867 3272 a
883 3211 1012 3274 dextris
1029 3212 1107 3275 iusti
1124 3225 1213 3276 stare
1239 3215 1360 3294 Deum,
1385 3227 1418 3280 et
1443 3239 1463 3280 a
1490 3218 1584 3280 sinis·

263 3413 563 3476 rtttcolM3ttttcoov.
666 3412 884 3477 aut...possideat]
896 3409 1133 3476 OVset...possidet
1150 3415 1187 3464 M.
1289 3430 1371 3480 3non
1388 3420 1465 3483 quasi
1479 3420 1508 3467 in
1526 3435 1585 3467 nar-

227 3501 327 3552 ratione
337 3499 380 3548 sed
389 3500 419 3546 in
430 3494 551 3557 cratim]
562 3495 667 3559 scripsi;
679 3511 730 3544 non
741 3495 817 3559 quasi
827 3495 857 3542 in
868 3493 981 3542 oracione
991 3495 1034 3541 sed
1043 3494 1072 3542 in
1083 3497 1195 3545 oratione
1208 3497 1250 3556 M;
1263 3514 1313 3547 non
1330 3501 1405 3564 quasi
1415 3502 1444 3549 in
1457 3503 1587 3550 noratione

227 3583 272 3633 sed
281 3583 309 3632 in
321 3580 469 3632 orationeO
485 3591 494 3627 1
509 3595 534 3628 m
545 3597 553 3639 3
565 3594 615 3628 non
627 3579 656 3627 in
667 3578 779 3627 oratione
790 3577 834 3626 sed
848 3577 877 3624 in
895 3577 1044 3624 narratione
1062 3577 1101 3635 V;
1118 3587 1246 3628 corrector
1262 3581 1318 3630 cod.
1339 3582 1362 3631 Ο
1380 3584 1439 3632 add.
1460 3584 1486 3632 in
1504 3599 1583 3646 marg.

229 3667 326 3716 ‘Hunc
337 3667 419 3714 locum
432 3663 469 3712 sic
482 3662 616 3726 legendum
628 3671 753 3726 putarem,
767 3661 826 3709 Non
839 3661 867 3708 in
880 3661 992 3707 oratione
1002 3660 1046 3708 scd
1055 3661 1084 3708 in
1101 3663 1250 3710 narratione
1260 3662 1274 3713 '.
1375 3679 1391 3724 4
1405 3659 1528 3727 ponatrer]
1547 3665 1585 3724 V;

221 3756 357 3816 ponantur
374 3746 438 3796 MO.
538 3742 693 3806 peireuitu]
710 3758 774 3792 corr.
796 3759 825 3790 ex
844 3741 980 3790 circumitu
992 3740 1024 3790 0.
1125 3739 1291 3809 8sstrasque]
1312 3745 1359 3803 M;
1378 3751 1505 3809 utrunque
1527 3743 1583 3793 OV.

227 3843 244 3892 9
256 3826 357 3888 manses]
369 3829 397 3878 M
409 3845 417 3888 ;
429 3843 533 3876 ortanum
543 3827 599 3876 OV.
703 3838 733 3873 10
742 3826 776 3886 et]
785 3825 842 3881 OV,
853 3823 936 3887 suppl.
947 3838 1003 3885 sup.
1015 3822 1058 3871 lin.
1072 3824 1108 3871 M.
1213 3838 1241 3872 12
1250 3824 1390 3888 cupidines]
1399 3825 1426 3872 M
1431 3841 1438 3884 ;
1451 3825 1588 3887 crepidines

228 3913 287 3972 OV,
310 3929 376 3976 quae
398 3927 447 3960 vox
470 3925 561 3973 magna
584 3923 623 3957 me
646 3906 794 3956 difficultate
817 3904 926 3969 primum
946 3903 1081 3953 adfecerat.
1185 3919 1214 3966 14
1234 3901 1346 3975 cippos]
1366 3905 1488 3956 ΩΜΦΟΤ.
1509 3905 1583 3955 codd.

228 3993 374 4060 atramque]
387 3994 414 4042 M
427 4011 434 4052 ;
447 3990 622 4056 utraquaOV.
727 3989 756 4038 16
775 3988 901 4053 dextram]
922 3987 949 4034 M
961 4003 968 4044 ;
989 3986 1118 4035 dexteram
1139 3988 1195 4036 OV.
1301 4001 1329 4049 19
1350 3991 1502 4052 narrentur]
1520 3987 1587 4047 OV;

227 4085 376 4128 narrantur
388 4075 424 4123 M.
526 4087 559 4122 20
569 4072 668 4132 dextra]
682 4073 709 4120 M
721 4089 728 4130 ;
740 4071 841 4118 dextera
852 4069 908 4119 OV.
1007 4069 1102 4131 gloria]
1113 4069 1201 4132 scripsi
1213 4089 1220 4130 ;
1235 4070 1307 4119 Lxx
1319 4067 1381 4129 δόξα
1393 4087 1400 4128 ;
1414 4071 1511 4134 gloriae
1528 4069 1586 4130 OV,

223 4159 306 4224 glane
317 4159 353 4208 M.
456 4168 483 4204 21
504 4152 628 4212 collocata]
645 4153 793 4212 OV;·atam
811 4152 848 4200 M.
950 4163 981 4212 ²3
995 4149 1116 4212 gloriam]
1134 4152 1179 4210 M;
1193 4153 1277 4214 gloria
1295 4151 1351 4201 OV.
1453 4165 1485 4212 24
1495 4159 1519 4200 et
1528 4153 1588 4214 alie]

230 4241 258 4290 M
271 4257 278 4298 ς
291 4239 339 4290 OV
350 4255 401 4288 orn.
414 4246 445 4287 et.
545 4255 561 4286 a
573 4237 696 4298 sinistris]
708 4235 742 4282 ad
750 4234 866 4282 sinistris
878 4231 935 4281 OV.
1037 4231 1068 4280 26
1080 4233 1203 4293 cariosus]
1217 4235 1244 4282 M
1257 4251 1264 4293 ;
1276 4234 1402 4282 curiosius
1414 4233 1471 4283 OV.
1494 4300 1498 4307 1

273 4413 299 4467 3.
315 4385 387 4470 eries]
403 4391 451 4448 Ps.
471 4391 538 4462 108,
559 4393 586 4448 6.
979 4403 1022 4445 10.
1035 4385 1102 4442 inde
1119 4381 1176 4464 Ur]
1189 4386 1283 4444 Exod.
1302 4402 1347 4460 17,
1364 4404 1407 4443 12.
1420 4403 1478 4443 sec.
1494 4385 1586 4443 LXX.

273 4475 298 4532 6.
315 4473 468 4532 sinistram
480 4490 537 4529 non
547 4465 712 4549 habetem]
723 4469 768 4530 cf.
781 4469 881 4527 Tract.
1038 4467 1068 4524 in
1084 4463 1232 4545 Indicum]
1255 4487 1282 4542 3,
1309 4483 1342 4543 15
1368 4487 1433 4542 sqq.

230 4559 273 4618 de
288 4574 330 4632 ps.
348 4555 415 4616 XC.
436 4569 502 4626 117,
522 4572 558 4624 14
574 4571 637 4628 sqq.
980 4565 1025 4608 ao.
1038 4545 1150 4626 gloria]
1166 4550 1252 4606 Prot.
1278 4568 1304 4624 3,
1325 4548 1369 4610 16.

276 4653 303 4712 7.
316 4630 373 4715 eos]
386 4638 432 4695 Ps.
451 4654 498 4709 33,
512 4637 537 4693 8.
980 4648 1024 4700 ²4·
1042 4649 1061 4687 a
1075 4627 1216 4710 sinistris]
1233 4630 1341 4689 Matth.
1361 4649 1407 4705 25,
1426 4649 1441 4704 3
1446 4650 1470 4704 3.

279 4767 394 4810 Anecdots
404 4765 566 4814 Maredsolsna,
579 4764 624 4814 111,
635 4778 653 4814 3.
1515 4775 1527 4808 ⁴
