4154 5494
600 437 854 498 TRACTATUS
878 437 935 496 DE
958 437 1126 498 PSALMO
1147 438 1229 496 CXI.
1514 441 1594 530 207

241 657 331 724 iacit.
351 659 388 722 ln
405 656 573 721 mandatis
589 656 659 720 eius
676 655 774 730 volet,
790 653 854 718 boc
870 663 921 718 est
938 653 1018 730 vult,
1035 654 1194 718 mandata
1211 655 1280 718 eius
1297 655 1405 720 iacere
1419 657 1595 724 desiderat.

241 763 426 847 Quomodo
441 763 571 846 aliquis,
587 761 613 824 si
631 761 662 824 in
680 759 827 823 aestibus
844 758 895 833 sit,
911 755 981 819 sitit
995 779 1002 819 ι
1018 755 1066 818 ita
1083 755 1137 818 ille
1164 757 1331 822 desiderat
1348 760 1508 824 mandata
1526 761 1595 826 Do-

240 868 335 932 mini.
354 869 390 930 ln
409 867 576 932 mandatis
593 863 731 929 Domini
747 862 837 925 volet
855 861 962 924 nimis.
980 859 1144 924 Auxesis:
1159 861 1317 926 mandata
1333 863 1403 926 eius
1417 884 1483 927 non
1510 864 1597 944 iacit,

239 973 301 1035 sed
315 971 385 1035 vult
400 995 407 1035 :
424 981 457 1034 et
473 969 543 1034 vult
560 988 625 1032 non
644 966 841 1043 transitorie,
853 965 909 1028 sed
929 963 1034 1027 nimis.

205 1083 219 1134 5
286 1077 420 1140 Tertius
435 1073 616 1138 versiculus
631 1081 695 1136 est:
713 1071 831 1134 Potcrrs
842 1069 876 1131 ire
892 1068 1053 1132 terraerit
1065 1087 1169 1131 scrrrcrr
1185 1068 1262 1133 eires.
1280 1069 1345 1152 Qui
1361 1074 1518 1136 mandata
1533 1075 1597 1138 Dei

239 1179 304 1242 ieci
317 1179 499 1255 voluntate,
513 1178 635 1259 dignus
651 1195 724 1239 sum
742 1185 778 1238 ut
794 1173 871 1238 fiam
889 1184 983 1256 pater
1006 1183 1206 1237 sanctorum.
1224 1173 1374 1239 Breviter
1389 1177 1541 1256 dicimus,
1557 1198 1598 1243 ne

238 1283 375 1365 longius
391 1282 539 1346 trahatur
555 1279 671 1344 oratio.
690 1277 861 1342 Gerreratio
872 1289 1026 1341 rectorum
1043 1276 1247 1340 bcrrcdicelar.
1263 1279 1410 1343 Praestet
1423 1281 1600 1362 Dominus,

239 1395 277 1450 ut
294 1396 329 1449 et
345 1407 405 1450 vos
420 1387 476 1469 qui
495 1405 548 1448 me
563 1383 695 1462 auditis,
711 1383 883 1462 generatio
899 1392 1063 1445 rectorum
1081 1381 1162 1444 sitis.

286 1489 405 1555 Gloria
419 1489 598 1553 etdioiriae
614 1489 648 1550 ire
663 1487 755 1550 domo
770 1487 846 1549 eius.
864 1485 977 1549 Gloria
1004 1495 1037 1548 et
1064 1485 1207 1548 divitiae.
1226 1487 1385 1550 Putamus
1408 1488 1547 1570 gloriam
1565 1503 1599 1556 et

192 1604 222 1642 ¹⁰
237 1594 376 1658 divitias
392 1592 515 1657 saeculi
531 1593 615 1656 dici?
632 1593 707 1656 ideo
731 1591 849 1673 aliquis
877 1589 954 1653 lacit
971 1589 1177 1652 voluntatem
1196 1588 1258 1651 Dei
1286 1601 1320 1654 et
1345 1591 1503 1657 mandata
1520 1593 1599 1672 eius,

237 1707 277 1762 ut
292 1698 428 1762 divitias
456 1697 572 1760 mundi
595 1695 689 1759 istius
705 1697 946 1776 consequatur?
964 1693 1009 1756 Et
1034 1702 1123 1755 certe
1150 1711 1216 1755 non
1244 1691 1323 1756 sacit
1351 1697 1509 1760 mandata
1526 1697 1600 1775 Dei,

238 1802 302 1866 nisi
320 1801 455 1866 divitias
472 1800 587 1864 mundi
611 1798 856 1880 contempserit.
876 1795 990 1860 Gloria
1005 1805 1037 1858 ct
1055 1795 1194 1858 divitiae
1222 1797 1257 1858 irr
1283 1796 1376 1860 demo
1390 1799 1468 1864 eius.
1485 1800 1599 1865 Gloria

238 1905 449 1970 credentium
475 1914 534 1981 est,
550 1905 634 1967 sicut
660 1903 742 1966 dicit
768 1900 954 1984 apostolus:
971 1905 977 1931 ‘
996 1901 1118 1964 Nonne
1143 1921 1200 1964 vos
1227 1900 1332 1983 gloria
1350 1922 1424 1966 mea
1439 1907 1538 1969 estis?
1553 1906 1600 1971 Et

238 2009 388 2073 divitiae.
402 2007 557 2082 Divitiae,
568 2007 610 2070 de
626 2007 747 2090 quibus
763 2005 845 2068 dicit
860 2007 931 2088 ipse
943 2003 1113 2086 apostolus
1130 2005 1239 2087 ‘quod
1250 2005 1369 2069 divites
1380 2006 1457 2071 lacti
1470 2011 1549 2074 estis
1566 2012 1597 2074 in

195 2124 222 2178 ¹5
239 2114 334 2176 omni
363 2111 502 2176 scientia
517 2111 533 2173 '.
560 2110 608 2174 Er
631 2111 760 2174 iuste'tia
785 2110 855 2174 eius
878 2117 987 2173 morrei
1013 2108 1047 2170 ire
1071 2109 1234 2171 saeculam
1260 2111 1385 2172 saccali.
1404 2113 1480 2176 Non
1503 2115 1600 2192 dixit,

239 2217 371 2281 iustitia
383 2225 497 2280 manet
509 2216 542 2279 in
559 2214 737 2292 saeculum,
746 2223 780 2278 et
791 2213 890 2278 finem
904 2213 1020 2278 habet:
1033 2215 1102 2289 sed,
1113 2225 1225 2276 manet
1237 2214 1270 2277 in
1285 2215 1453 2280 saeculum
1468 2219 1599 2282 saeculi.

284 2321 448 2384 Exortum
463 2329 512 2382 est
526 2319 561 2382 ia
577 2319 713 2382 tenebris
727 2319 836 2382 lamen
853 2318 947 2382 rectis
955 2317 1052 2381 corde.
1072 2316 1144 2380 Nos
1159 2319 1330 2400 quondam
1343 2339 1474 2384 eramus
1491 2323 1523 2385 in
1552 2330 1598 2387 te·

240 2427 364 2502 nebris,
394 2425 593 2488 sedebamus
609 2423 641 2487 in
659 2424 804 2488 tenebris
820 2435 853 2488 et
870 2425 902 2487 in
920 2425 1037 2486 umbra
1054 2421 1184 2486 mortis:
1201 2421 1258 2484 sed
1276 2421 1335 2484 lux
1346 2434 1420 2487 orta
1435 2435 1485 2490 est
1497 2426 1601 2505 nobis,

238 2533 427 2595 secundum
456 2529 601 2592 Esaiam.
618 2527 807 2590 Misericors
832 2537 863 2590 et
890 2527 1115 2589 miseratore!
1142 2525 1256 2606 iustas.
1272 2525 1396 2592 Videte
1420 2528 1489 2592 duo
1514 2549 1599 2612 quae

192 2647 223 2685 20
237 2631 339 2710 dicat,
360 2631 548 2696 Misericors
564 2640 598 2694 et
615 2631 768 2696 iustus.Si
782 2641 936 2714 peccator
952 2651 995 2708 es,
1013 2631 1079 2694 noli
1090 2627 1241 2692 diffidere
1258 2630 1403 2695 veniam:
1417 2633 1601 2698 misericors

238 2747 297 2803 est.
314 2737 354 2804 Si
372 2757 449 2801 vero
465 2735 626 2819 superbus
643 2755 687 2814 es,
702 2745 736 2799 et
752 2734 891 2798 confidis
907 2734 967 2799 tibi
983 2735 1026 2799 de
1042 2733 1218 2797 clementia
1232 2733 1306 2809 Dei,
1318 2735 1385 2797 noli
1402 2755 1474 2800 esse
1490 2738 1600 2821 negle-

237 2859 336 2922 gens:
356 2851 389 2906 et
405 2842 512 2906 iustus
527 2850 586 2904 est.
604 2839 794 2902 Misericors
810 2849 843 2902 et
857 2839 1031 2902 miserator
1043 2848 1076 2900 et
1097 2837 1211 2900 iustas.
1229 2836 1352 2901 Videte
1378 2841 1458 2922 quid
1488 2841 1601 2906 iecerit

240 2944 420 3024 prudentia
438 2943 646 3026 psalmistae:
662 2945 786 3006 iustitia
803 2941 948 3025 simplex
964 2951 1024 3020 est,
1040 2940 1265 3006 misericordia
1284 2940 1412 3024 duplex
1424 2954 1482 3008 est
1500 2945 1600 3008 Mise-

241 3046 342 3109 ricors
356 3056 390 3110 et
404 3047 577 3110 miserator
589 3054 620 3108 et
635 3046 751 3109 iustus.

195 3167 225 3220 25
284 3150 447 3214 locandus
467 3151 558 3213 homo
572 3151 632 3232 qui
646 3150 819 3213 inereretur
831 3161 862 3212 et
875 3151 1061 3216 correrrrodat.
1079 3151 1166 3234 Quia
1180 3153 1364 3215 misericors
1375 3162 1424 3217 est
1436 3154 1602 3218 Dominus

242 3264 276 3317 et
292 3257 476 3333 miserator,
492 3267 525 3320 et
540 3257 589 3320 vir
606 3257 711 3319 iustus
727 3255 875 3320 imitetur
891 3257 1076 3321 Dominum
1090 3277 1185 3322 suum
1197 3281 1204 3320 :
1216 3257 1259 3318 sit
1275 3257 1391 3338 etipse
1410 3259 1602 3322 misericors.

242 3355 405 3423 locandus
429 3359 522 3423 horreo
536 3360 596 3441 qui
621 3361 793 3423 miseretur
816 3370 847 3422 et
870 3363 1057 3425 comrrredat.
1075 3363 1175 3426 Putat
1200 3361 1318 3442 aliquis
1345 3362 1435 3444 quod
1463 3363 1506 3427 de
1522 3383 1602 3427 auro

243 3461 333 3526 dicat
348 3473 384 3527 et
399 3463 442 3527 de
457 3471 597 3544 argento
622 3473 656 3527 et
681 3465 724 3526 de
751 3465 909 3546 pecunia?
928 3465 1009 3540 lusti
1026 3465 1059 3528 in
1076 3475 1207 3529 tantum
1226 3485 1291 3529 non
1309 3466 1495 3531 habuerunt
1511 3469 1600 3550 quod

245 3563 317 3628 aliis
334 3567 597 3642 commodarent,
613 3575 650 3630 ut
666 3567 727 3648 ipsi
744 3567 837 3630 cibos
853 3566 897 3630 ab
912 3568 984 3631 aliis
1000 3568 1196 3651 acciperent.
1214 3569 1305 3650 Ergo
1321 3568 1348 3630 si
1370 3589 1436 3632 non
1454 3569 1602 3636 habuero

201 3687 231 3736 30
247 3671 335 3749 quod
353 3672 441 3748 dem,
456 3671 522 3734 iam
551 3690 617 3735 non
634 3690 708 3734 sum
736 3671 859 3734 iustus?
875 3671 901 3734 si
919 3693 986 3736 non
1011 3671 1120 3736 fecero
1145 3673 1365 3752 elimosinam,
1380 3676 1412 3739 in
1440 3677 1602 3741 iustorum

282 3883 292 3920 1
305 3872 379 3934 volet]
398 3875 460 3924 ooli!
471 3875 494 3924 G
506 3893 514 3934 ς
534 3875 590 3924 vult
602 3875 640 3934 B;
654 3877 674 3925 C
687 3877 745 3926 aud.
760 3877 845 3926 rrimis.
958 3879 1024 3941 vult]
1038 3878 1053 3946 β
1065 3880 1140 3931 inser.
1154 3881 1242 3939 nimis,
1261 3880 1303 3928 lroc
1319 3887 1360 3929 esi.
1473 3883 1605 3946 aramiaia]

249 3960 325 4013 repet.
337 3953 357 4002 l.
436 3965 450 4015 3
463 3948 582 4010 dureris]
592 3955 679 4018 scripsi
692 3963 804 4019 utsupra
817 3971 840 4019 p.
853 3969 876 4014 2,
891 3956 906 4004 l.
922 3955 951 4012 18
962 3976 969 4016 ;
982 3960 1099 4008 auxesin
1112 3962 1206 4012 ABCG
1219 3981 1225 4021 ;
1237 3965 1315 4012 anxie
1327 3961 1342 4028 β
1353 3982 1359 4023 ;
1372 3979 1421 4012 om.
1435 3964 1455 4013 l.
1533 3981 1603 4015 araa-

248 4031 316 4090 daia]
336 4033 463 4083 mandatis
485 4033 534 4094 01,
555 4035 576 4083 C
588 4050 650 4084 corr.
764 4049 793 4086 10
815 4035 920 4101 aliquis]
941 4041 999 4101 quis
1020 4037 1044 4105 β.
1157 4055 1184 4106 13
1207 4043 1337 4108 apostolas]
1359 4047 1487 4109 apostulus
1506 4045 1602 4098 Ccorr.

248 4111 363 4174 divitiae]
374 4129 425 4165 non
437 4123 515 4178 repet.
530 4115 562 4164 G.
642 4129 671 4178 14
681 4117 750 4178 cstr's]
761 4119 817 4166 sias
830 4117 853 4182 β.
932 4133 939 4166 r
946 4129 959 4182 5
971 4120 1084 4181 scientio]
1097 4121 1112 4188 β
1125 4133 1150 4176 et
1162 4125 1236 4174 codd.
1251 4127 1307 4175 add.
1322 4133 1346 4175 et
1357 4128 1466 4186 iustr'ria,
1476 4129 1605 4192 geminato

250 4195 343 4246 scilicet
355 4198 470 4249 versiculi
481 4197 609 4263 sequentis
620 4197 701 4248 initio.
785 4211 812 4261 17
824 4201 934 4261 cramus]
945 4203 1090 4252 errabamus
1103 4202 1126 4270 β.
1215 4219 1243 4267 19
1262 4207 1343 4256 Videte
1354 4210 1378 4258 ri.
1392 4226 1415 4272 q.
1429 4209 1506 4271 dicat]
1515 4227 1565 4260 om.
1579 4210 1602 4278 [i.

251 4285 283 4322 20
291 4278 443 4342 Misericors]
452 4281 475 4330 G
485 4280 559 4330 inser.
569 4287 592 4328 et
601 4283 750 4340 arr'reratrrr3
762 4280 781 4328 B
792 4289 816 4329 rt
824 4283 955 4330 rrrr'srrurar
961 4291 984 4330 ct
994 4285 1084 4334 r'rrsrrrs.
1096 4287 1245 4338 Misericors.
1313 4291 1433 4355 diffidere]
1443 4291 1569 4356 desperare
1578 4293 1602 4358 si.

252 4371 282 4419 24
293 4363 385 4428 insius]
397 4365 415 4417 S
427 4367 485 4416 add.
499 4365 631 4424 dominun
644 4365 666 4413 G
679 4369 720 4412 esi.
790 4375 821 4426 25
834 4364 959 4415 locandus
969 4367 994 4415 lr.
1006 4383 1029 4430 q.
1041 4383 1073 4416 or.
1086 4384 1105 4417 e.
1116 4368 1259 4429 comaeodar]
1271 4389 1320 4422 om.
1337 4371 1361 4439 β.
1438 4373 1468 4422 26
1480 4375 1605 4436 imitetur]

252 4439 370 4494 imitatur
379 4449 405 4500 S.

295 4627 338 4686 13.
354 4611 454 4695 cstr'sl]
474 4635 484 4672 r
503 4615 607 4674 Thess.
627 4636 652 4686 2,
674 4634 716 4690 ¹9·
998 4633 1039 4688 19-
1057 4619 1208 4676 recaredum
1223 4616 1363 4701 Esaiam]
1379 4643 1405 4698 9,
1425 4643 1449 4682 2.

296 4709 338 4767 15.
354 4693 482 4776 sciencia]
502 4716 512 4754 1
532 4697 599 4756 Cor.
621 4717 645 4768 1,
662 4715 687 4772 5.
