4060 5498
484 407 535 489 72
867 397 894 454 S.
929 395 1184 454 HIERONYMI
1215 397 1480 454 PRESBYTERI

485 595 596 678 Quam
612 603 815 678 potestatem
830 606 862 657 et
875 595 1094 659 nobisdatam
1107 594 1301 676 intellegere
1314 595 1658 677 poterimus,quando
1670 617 1731 659 nos
1746 616 1836 678 apos·

484 700 585 763 tolica
613 701 866 763 conversatione
888 700 1047 762 adversus
1080 719 1137 762 eos
1171 701 1316 762 sciamus
1344 699 1525 763 adcinctos.
1558 699 1734 782 Rogemus
1764 719 1838 780 ergo

484 804 682 878 Dominum,
706 812 742 867 ut
774 804 828 884 qui
865 813 1069 886 potestatem
1095 803 1190 864 dedit
1221 803 1324 878 iustis,
1352 804 1409 867 det
1432 803 1528 865 nobis
1558 804 1669 866 adhuc
1700 803 1838 885 parvulis

482 909 629 971 iustitiae
645 906 849 971 adiutorium
866 931 873 970 ι
890 918 925 970 ut
943 909 1128 970 imitatores
1143 907 1247 968 simus
1264 905 1503 986 apostolorum,
1523 917 1556 970 et
1574 927 1691 970 eorum
1720 907 1839 970 meritis

482 1011 691 1087 adiuvemur,
708 1011 740 1072 in
765 1011 899 1074 Christo
930 1012 1003 1073 lesu
1032 1009 1182 1074 Domino
1210 1020 1333 1074 nostro.
1352 1010 1414 1074 Cui
1438 1022 1490 1072 est
1517 1010 1622 1092 gloria
1652 1011 1684 1072 in
1715 1010 1867 1076 saecula3

483 1117 705 1180 saeculorum.
723 1115 844 1179 Amen.

927 1253 1002 1324 DE
1045 1252 1268 1325 PSALMO
1298 1253 1406 1327 XCI.

531 1394 658 1456 Boreum
681 1401 729 1454 est
753 1389 899 1472 confiteri
921 1389 1071 1468 Domino,
1097 1401 1129 1454 et
1148 1393 1288 1472 psallere
1317 1391 1444 1454 irorrrinr'
1464 1400 1519 1453 tuo
1535 1388 1715 1452 Altt'ssime.
1734 1389 1840 1474 Quare

488 1501 633 1580 primum
652 1515 718 1560 non
736 1495 836 1569 dixit,
854 1495 984 1558 Bonum
1001 1508 1052 1558 est
1069 1496 1220 1578 psallere,
1236 1507 1270 1560 et
1288 1506 1406 1579 postea
1424 1493 1574 1559 confiteri
1588 1500 1600 1556 Ρ
1614 1494 1683 1558 Sed
1701 1497 1780 1576 quia
1791 1495 1840 1558 hic

488 1603 573 1665 ordo
588 1610 660 1663 erat
677 1619 773 1661 verae
791 1598 1020 1676 consessionis,
1044 1599 1120 1663 ideo
1144 1600 1191 1662 sic
1218 1600 1329 1663 dixit:
1355 1601 1482 1663 bonurn
1509 1609 1560 1662 est
1584 1597 1730 1678 primum
1748 1618 1840 1680 agere
1858 1618 1882 1652 ιο

488 1703 740 1787 paenitentiam,
756 1713 789 1764 et
806 1711 945 1784 peccata
955 1723 1016 1764 sua
1033 1703 1204 1766 hominem
1221 1704 1372 1767 Domino
1384 1702 1536 1766 confiteri
1553 1711 1603 1779 ;et
1617 1723 1694 1765 curn
1709 1713 1841 1785 peccata

485 1807 659 1872 confessus
676 1808 727 1881 sit,
746 1817 825 1870 tunc
842 1807 870 1868 ei
889 1806 1040 1887 psallere,
1056 1827 1131 1869 cum
1151 1809 1355 1888 paenitendo
1379 1807 1535 1869 meruerit
1552 1807 1654 1869 libera
1673 1828 1756 1870 voce
1782 1826 1841 1888 qua

489 1913 594 1994 possit
607 1913 640 1973 in
660 1911 723 1973 Dei
741 1911 841 1973 laude
853 1912 924 1972 sine
942 1912 1070 1992 peccati
1087 1911 1298 1975 consessione
1316 1931 1541 1992 prorumpere.

525 2015 584 2078 Ad
589 2014 1644 2088 adnuntiandumrrranemr'serr'cordmmtrrarrr,etveritatemtuam
1649 2027 1712 2096 per
1722 2027 1842 2078 noctem.

490 2120 601 2203 Quare
619 2119 844 2182 misericordia
862 2139 969 2194 mane,
986 2131 1018 2181 et
1036 2122 1158 2182 veritas
1176 2122 1209 2182 in
1227 2129 1325 2183 nocte
1351 2126 1531 2183 cantatur?
1557 2119 1749 2182 Adtendite
1775 2119 1841 2183 dili·
1861 2131 1884 2184 ¹3

490 2237 616 2307 genter,
632 2225 712 2306 quia
728 2224 870 2286 obscura
883 2235 961 2287 sunt
978 2244 1065 2304 quae
1082 2225 1253 2287 dicuntur.
1271 2225 1419 2287 Primum
1437 2225 1534 2300 dixit,
1552 2225 1682 2285 Bonum
1702 2235 1753 2287 est
1771 2243 1840 2287 con·

490 2328 574 2392 literi
592 2328 742 2391 Domino
759 2351 764 2390 :
781 2327 901 2389 deinde
925 2327 1169 2391 consessionem
1196 2329 1346 2410 sequitur
1374 2328 1547 2390 laudatio:
1574 2337 1607 2389 et
1639 2329 1686 2390 sic
1710 2328 1765 2389 ille
1791 2328 1841 2410 qui

489 2442 566 2514 post
585 2432 826 2514 paenitentiam
844 2431 981 2494 laudare
998 2442 1151 2507 meretur,
1168 2433 1305 2514 incipiet
1322 2433 1424 2495 etiam
1441 2432 1643 2495 annuntiare
1659 2451 1760 2511 quem
1779 2431 1843 2494 lau·

489 2536 557 2600 dat.
574 2534 642 2600 Sed
657 2533 737 2617 quid
754 2545 805 2596 est
816 2537 905 2614 quod
916 2535 1015 2612 dixit,
1029 2556 1127 2600 mane
1139 2537 1399 2598 misericordiam
1412 2535 1615 2610 annuntiari,
1625 2547 1658 2597 et
1672 2537 1841 2598 veritatem

489 2641 520 2703 in
534 2650 631 2703 nocte
648 2641 790 2702 cantari?
806 2639 1020 2722 Ubicumque
1033 2641 1256 2704 misericordia
1269 2640 1407 2703 Domini
1420 2651 1480 2714 est,
1490 2639 1535 2702 ibi
1551 2640 1608 2700 lux
1621 2641 1731 2713 est,ibi
1743 2659 1844 2713 mane,
1858 2655 1884 2690 20

489 2745 533 2809 ibi
547 2745 627 2808 hora
638 2755 688 2806 est
704 2764 771 2824 qua
784 2743 832 2806 sol
846 2744 950 2806 oritur
966 2754 999 2807 et
1011 2746 1169 2807 tenebrae
1186 2765 1306 2807 caecae
1319 2745 1426 2806 noctis
1437 2743 1602 2825 peribunt.
1616 2744 1660 2806 Et
1673 2745 1841 2807 veritatem

489 2861 581 2912 tuam
600 2869 657 2931 per
674 2859 817 2910 noctem.
838 2845 904 2910 Ubi
931 2848 1063 2924 veritas,
1091 2849 1135 2911 ibi
1162 2850 1312 2912 iustitia:
1341 2848 1397 2910 ubi
1427 2848 1566 2922 iustitia,
1588 2848 1633 2910 ibi
1664 2848 1843 2910 iudicium:

489 2953 559 3037 [ubi
578 2950 764 3033 iudicium]
781 2952 825 3014 ibi
843 2952 1070 3042 misericordia
1101 2973 1167 3015 non
1192 2964 1265 3016 est:
1288 2953 1344 3014 ubi
1369 2953 1596 3016 misericordia
1623 2971 1689 3014 non
1716 2961 1775 3022 est,
1801 2951 1841 3012 ibi

490 3058 674 3141 periculum
692 3067 907 3136 peccatorum
926 3071 986 3131 cst,
1003 3058 1047 3119 ibi
1066 3077 1134 3119 nox
1153 3068 1185 3118 et
1203 3075 1269 3118 non
1287 3054 1368 3131 dies,
1384 3055 1470 3118 sicut
1482 3055 1646 3137 propheta
1658 3057 1758 3118 dicit‘
1772 3054 1843 3136 Quo

491 3163 587 3224 vobis
604 3160 693 3224 diem
712 3159 880 3223 Domini?
899 3160 943 3224 Et
965 3161 1018 3222 hic
1036 3171 1085 3223 est
1105 3160 1272 3236 tenebrae,
1287 3170 1322 3222 et
1344 3179 1410 3222 non
1429 3159 1487 3220 lux
1502 3161 1523 3222 ’:
1540 3159 1573 3221 in
1591 3179 1658 3241 qua
1674 3158 1730 3223 die
1754 3159 1842 3220 iuxta
1858 3171 1883 3221 25

493 3265 647 3328 meritum
667 3265 925 3345 uniuscuiusque
950 3264 1159 3327 examinatio
1184 3263 1384 3326 celebranda
1401 3271 1460 3326 est.
1479 3263 1579 3326 Unde
1596 3272 1629 3324 et
1644 3261 1677 3324 in
1696 3262 1764 3325 alio
1779 3282 1840 3324 ver·

491 3367 711 3432 siculoetiam
729 3367 792 3429 sibi
810 3369 1031 3432 metuendum
1049 3369 1139 3431 diem
1157 3367 1362 3449 propheta...
1381 3366 1623 3429 ‘...sustinebit
1640 3367 1676 3427 i’

526 3529 738 3586 JDEFSALMO
748 3523 814 3582 xer]
831 3529 887 3569 XC!
905 3523 1066 3571 solummodo
1091 3522 1122 3580 L,
1144 3539 1173 3569 ex
1192 3537 1243 3585 quo
1262 3520 1333 3570 hicce
1351 3521 1487 3570 Tractatus
1506 3535 1572 3570 nunc
1594 3519 1702 3584 primurn
1723 3519 1804 3568 editur
1821 3517 1843 3565 in

494 3609 584 3657 lucem.
689 3619 717 3656 12
738 3606 870 3667 meruerit]
888 3622 918 3654 ex
939 3607 1033 3652 meruit
1053 3603 1138 3653 statim
1151 3604 1278 3652 emendat.
1294 3603 1323 3652 L.
1423 3603 1504 3651 libera
1515 3619 1568 3650 voce
1579 3599 1640 3666 qua]
1653 3603 1692 3652 Ita
1704 3603 1791 3661 codex,
1804 3613 1844 3648 nec

494 3691 629 3754 quicquam
643 3689 778 3738 immutare
791 3687 955 3752 praesumpsi.
1058 3699 1086 3735 21
1109 3687 1182 3748 lor-a]
1200 3702 1244 3734 ora
1265 3685 1294 3734 L.
1396 3697 1427 3748 23
1446 3686 1490 3732 ubi
1509 3685 1641 3746 iudicium]
1659 3700 1689 3734 ex
1708 3683 1844 3734 coniectura

495 3773 620 3837 supplevi.
722 3781 752 3836 25
765 3771 816 3832 liic]
827 3771 857 3829 L,
872 3787 919 3834 pro
932 3769 1009 3818 haec?
1107 3767 1275 3828 esttenebrac]
1293 3767 1318 3816 in
1339 3783 1418 3832 marg.
1440 3777 1527 3832 postea
1538 3783 1602 3816 corr.
1617 3774 1679 3815 sunt
1688 3767 1799 3816 tenebrae
1810 3765 1843 3818 L:

495 3853 539 3906 xci
552 3851 618 3917 αὕτη
632 3849 686 3904 ἐστὶ
699 3849 795 3910 σκότος
809 3854 880 3902 Lxx
893 3854 972 3902 Amos
986 3861 1008 3914 5,
1026 3851 1064 3911 18,
1077 3851 1145 3916 quod
1167 3851 1339 3913 Hieronymus
1359 3850 1504 3900 Commeat.
1527 3849 1553 3899 in
1575 3849 1629 3899 Ioel
1648 3863 1673 3909 a,
1690 3861 1716 3898 rt
1738 3849 1845 3898 similiter

494 3939 675 4002 interpretatur
695 3937 733 3985 Er
751 3937 793 3984 lr'c
812 3943 846 3984 ert
858 3935 978 3983 temlrae.
1081 3931 1166 3992 iuxta]
1177 3935 1245 3981 iusta
1258 3931 1287 3980 L
1390 3945 1420 3990 27
1430 3933 1579 3997 propheta...
1593 3927 1737 3990 sustr'nebr't]
1748 3929 1843 3995 Aliquid

493 4021 536 4070 lric
547 4030 617 4070 certo
625 4020 784 4069 desideratur
795 4035 802 4078 ς
816 4018 905 4067 rimam
917 4025 1001 4066 autem
1014 4017 1049 4066 ita
1062 4016 1135 4067 facile
1147 4015 1242 4080 expleri
1254 4030 1328 4078 posse
1340 4015 1474 4064 existimo:
1491 4017 1497 4040 ‘
1508 4013 1632 4078 propheta
1643 4013 1752 4064 ostendit
1760 4013 1843 4068 dicens,

495 4103 608 4166 tiernus
619 4103 671 4151 dics
686 4101 795 4150 Dorrrirrr'
805 4107 827 4149 el
838 4100 961 4148 terribilis
972 4100 1051 4160 valde,
1065 4107 1088 4149 el
1099 4101 1157 4162 quis
1168 4113 1224 4146 eum
1235 4096 1371 4147 sustinebit
1379 4095 1404 4146 i'
1415 4097 1455 4148 ct.
1470 4097 1584 4147 adnotat.
1598 4094 1671 4146 inira.

539 4243 553 4279 2
559 4241 584 4298 5.
602 4240 660 4278 rron
674 4214 740 4298 lux]
758 4221 852 4277 Anros
869 4235 895 4294 5,
915 4221 956 4274 18.
1199 4213 1305 4272 tinebit
1319 4217 1407 4273 euml
1424 4216 1552 4290 Magnus
1575 4227 1620 4273 est
1635 4213 1701 4272 dies
1728 4209 1843 4272 Domini

538 4296 766 4379 27.sustr'ncbitl]
780 4303 926 4358 Mancum
941 4297 1147 4358 testimonium
1200 4309 1291 4373 atque
1313 4296 1462 4367 terribilis,
1487 4298 1527 4355 de
1544 4314 1607 4370 quo
1621 4291 1694 4355 alibi
1709 4294 1843 4370 scripturn

496 4385 535 4442 ad
573 4385 636 4443 loel
669 4403 693 4450 2,
729 4404 759 4440 rr
786 4381 933 4458 pertinere
962 4391 1086 4454 apparet
1113 4399 1147 4438 ex
1201 4392 1243 4436 est
1273 4376 1386 4452 Utprrr'd
1408 4377 1579 4436 desideratis
1602 4376 1676 4436 diem
1701 4375 1845 4436 Dorrrirrr'?

496 4464 724 4527 Commentario
748 4462 937 4537 Hieronymi,
969 4461 1072 4536 Migne
1100 4479 1146 4538 25,
1199 4457 1557 4531 Etleicesttenebrae,et
1580 4477 1637 4516 non
1660 4459 1740 4530 Irrx;
1761 4474 1845 4516 rarus

501 4567 577 4622 ¹009
595 4549 619 4605 B
635 4560 664 4605 et
679 4565 753 4620 10¹3
771 4544 815 4605 C:
829 4545 982 4620 ‘lllagrrus
996 4543 1073 4601 enirn
1088 4543 1148 4601 dies
1199 4553 1321 4616 queant
1347 4545 1446 4601 nullus
1471 4560 1541 4600 eum
1561 4539 1672 4615 poterit
1696 4539 1843 4604 sustinere,

498 4629 625 4692 Domini
637 4636 665 4688 et
677 4628 817 4686 terribilis
831 4627 923 4700 valde,
949 4634 978 4684 et
1000 4625 1065 4700 quis
1089 4644 1148 4682 sus·
1199 4623 1272 4698 quin
1285 4623 1315 4682 io
1327 4641 1359 4684 se
1370 4617 1844 4700 praebeatnrateriumsaeuiendi.¹
