4060 5498
495 394 753 456 TRACTATUS
782 395 841 452 Du
872 391 1039 452 PSALMO
1070 390 1249 449 LXXXIII.
1509 401 1565 484 39

210 591 359 658 Domine
375 596 563 660 virtutum?
580 615 665 678 quae
681 593 923 678 consequentia
939 591 1010 654 est?
1023 591 1079 654 Ex
1092 590 1318 672 superioribus
1335 591 1468 672 pendet.
1480 590 1569 656 Con-

209 695 352 777 cupiscit
366 708 400 762 et
415 697 528 763 deficit
542 703 655 764 anima
673 719 747 762 mea
763 699 796 760 in
815 698 900 760 atria
918 697 1077 760 Domini:
1094 695 1212 758 altaria
1225 703 1292 771 tua,
1303 694 1452 759 Domine
1465 697 1568 758 virtu·

208 809 291 864 tum.
308 800 403 864 Vidit
418 803 586 866 Iohannes
603 803 635 866 in
654 801 865 885 Apocalypsi
882 799 987 863 altare
999 798 1147 872 Domini,
1163 798 1227 862 sub
1241 817 1309 879 quo
1325 807 1418 861 erant
1435 798 1569 861 animae

209 903 382 968 iustorum.
411 905 466 969 Sic
494 908 584 971 enim
612 907 715 970 dicit:
743 905 848 969 ‘Vidi
876 905 939 968 sub
965 923 1022 967 ara
1049 901 1188 984 Domini
1219 902 1349 965 animas
1376 901 1565 966 occisorum

174 1027 189 1082 ς
209 1015 346 1088 propter
362 1009 500 1072 verbum
517 1009 656 1074 Domini
674 1018 707 1072 et
734 1007 966 1072 testimonium
996 1005 1073 1068 Iesu
1086 1004 1102 1068 ’.
1128 1002 1202 1068 Sub
1220 1004 1342 1068 altario
1371 1005 1435 1068 Dei
1463 1015 1569 1087 erant,

208 1109 288 1196 quia
304 1130 364 1191 pro
380 1110 516 1176 Christo
532 1115 564 1176 in
582 1114 744 1194 martyrio
761 1112 892 1175 luerent
909 1109 1104 1174 immolatae
1119 1131 1127 1186 ;
1148 1109 1287 1173 victima
1318 1109 1406 1174 enim
1425 1110 1566 1174 Domini

208 1213 394 1280 Salvatoris
410 1216 444 1280 in
460 1219 562 1282 caelis
577 1240 650 1282 esse
663 1219 725 1283 sub
741 1217 862 1281 altario
880 1217 1078 1280 merebatur.

254 1318 352 1382 Beati
363 1321 423 1402 qui
434 1321 586 1386 habitant
600 1323 635 1387 iu
652 1324 744 1386 domo
760 1331 818 1384 tua
835 1320 992 1383 Domine:
1008 1319 1073 1383 hoc
1087 1329 1137 1383 est
1154 1320 1186 1382 in
1212 1319 1352 1384 eeclesia
1377 1319 1447 1382 sive
1473 1338 1567 1401 prae-

207 1423 306 1500 senti,
315 1424 384 1487 sive
395 1425 548 1488 ‘ecclesia
559 1427 804 1509 primitivorum
816 1425 832 1488 '.
842 1424 883 1487 Iu
895 1423 1021 1487 saecula
1031 1423 1231 1487 saeculorum
1242 1423 1427 1488 laudabunt
1438 1422 1568 1487 te.Vide

156 1551 196 1589 ro.
207 1525 307 1608 quale
329 1527 372 1592 sit
387 1527 532 1593 officium
551 1538 755 1611 martyrum:
772 1527 862 1611 quod
877 1535 911 1591 et
926 1526 1134 1610 angelorum.
1152 1526 1252 1609 Quod
1270 1548 1349 1609 ergo
1373 1528 1419 1591 illi
1438 1528 1567 1591 iaciunt

208 1629 241 1692 in
259 1632 361 1710 caelo,
378 1632 440 1696 hoc
457 1654 518 1697 nos
533 1635 705 1697 imitamur
720 1634 753 1696 in
776 1645 872 1696 terra.
896 1631 1043 1715 Quando
1066 1651 1147 1714 ergo
1169 1651 1329 1696 vocamur
1351 1633 1393 1695 ad
1418 1632 1566 1714 psalmos

207 1748 241 1799 et
267 1735 485 1818 neglegimus,
501 1738 617 1803 laudes
632 1738 881 1802 contemnimus
898 1736 973 1802 Dei.

262 1838 384 1902 Beatus
399 1839 455 1903 vir
467 1841 561 1906 cuius
577 1851 626 1905 est
639 1840 805 1905 auxilium
821 1839 931 1904 abste.
958 1837 1118 1903 Nostrum
1135 1839 1291 1921 incipere,
1309 1839 1373 1903 Dei
1396 1849 1448 1904 est
1471 1842 1565 1905 adiu-

207 1961 295 2008 vare.
309 1944 522 2008 Ascensioues
538 1945 572 2007 iu
588 1945 679 2009 corde
692 1966 751 2010 suo
765 1944 932 2027 disposuit.
950 1943 1084 2008 Cotidie
1105 1944 1233 2026 cogitat
1254 1945 1427 2025 quomodo
1450 1964 1565 2008 ascen-

154 2076 164 2112 ι
170 2073 186 2126 5
206 2045 275 2124 dat,
291 2066 357 2110 non
375 2050 546 2131 quomodo
566 2050 758 2114 descendat.
775 2049 988 2132 Quicumque
1004 2056 1160 2130 peccator
1176 2055 1236 2124 est,
1252 2067 1318 2110 non
1343 2049 1566 2128 ascensiones,

205 2150 266 2214 sed
282 2152 518 2216 descensiones
534 2154 630 2236 ponit
646 2155 680 2216 in
698 2154 807 2217 corde.
826 2153 908 2216 Ideo
924 2161 957 2214 et
977 2151 1078 2215 lacob
1090 2151 1174 2214 vidit
1190 2150 1330 2233 angelos
1342 2153 1563 2215 ascendentes

204 2262 240 2318 et
256 2255 507 2320 descendentes.
524 2256 749 2321 Ascensiones
766 2259 798 2319 in
816 2255 916 2320 corde
932 2255 1116 2344 disposuit:
1138 2255 1229 2338 quod
1245 2274 1344 2318 suurn
1361 2263 1421 2332 est,
1434 2254 1562 2320 bonum

205 2361 342 2442 cogitat,
358 2361 513 2426 effectum
531 2370 643 2425 autern
662 2361 737 2423 Deo
761 2357 972 2440 derelinquit.
999 2357 1161 2422 Nostrum
1187 2367 1236 2421 est
1261 2358 1450 2440 disponere,
1475 2357 1563 2422 illius

205 2476 257 2528 est
272 2463 439 2548 perlicere.
454 2465 639 2529 Videamus
656 2462 711 2527 ubi
728 2462 894 2544 disposuit
921 2461 1141 2524 ascensiones.
1170 2461 1260 2526 Audi
1276 2462 1357 2544 quid
1385 2463 1496 2528 dicat:
1520 2462 1562 2525 In

148 2599 185 2636 20
204 2567 292 2632 valle
304 2567 529 2645 lacrimarum,
542 2569 577 2631 in
591 2569 656 2632 loco
669 2588 764 2651 quem
772 2566 892 2649 posuit.
910 2565 1071 2649 Legimus
1088 2567 1121 2628 in
1142 2565 1295 2630 ludicum
1313 2567 1408 2643 libro,
1424 2568 1563 2650 quando

204 2675 297 2737 venit
323 2673 471 2756 angelus,
496 2684 531 2738 et
561 2674 687 2756 populo
714 2671 920 2755 praedicavit
945 2669 1187 2753 paenitentiam
1214 2671 1339 2750 dicens,
1366 2673 1561 2753 Reliquistis

205 2777 401 2854 Dominum,
414 2788 447 2842 et
459 2778 627 2842 Dominus
637 2778 846 2859 derelinquet
855 2797 915 2840 vos
930 2777 1040 2859 ;quod
1052 2776 1197 2859 populus
1208 2796 1285 2839 cum
1299 2778 1448 2841 audisset
1460 2777 1563 2855 flevit,

204 2891 238 2944 et
254 2881 444 2964 appellatus
459 2892 510 2946 est
534 2882 627 2946 locus
650 2882 706 2946 ille
729 2882 838 2947 Vallis
860 2880 1081 2945 lacrimarum.
1107 2879 1238 2944 Veteris
1261 2899 1377 2944 sumus
1400 2881 1559 2944 historiae

204 2984 380 3061 recordati,
408 2995 445 3049 ut
468 2986 632 3050 haeresim
661 2985 858 3068 lugeremus.
875 2985 1010 3048 Vallem
1037 2994 1151 3050 autem
1179 2984 1402 3062 lacrimarum,
1428 2986 1569 3068 spirita-⁸

237 3122 355 3188 adefirit]
365 3123 452 3188 deserit
463 3125 493 3175 1..
595 3126 649 3187 3in
661 3124 820 3190 Apocalypsi]
841 3125 870 3173 in
881 3123 1036 3188 apocalipsin
1050 3123 1080 3173 L.
1180 3122 1365 3186 slrru]lhesu
1378 3123 1408 3172 L.
1510 3123 1563 3174 Sat

202 3204 309 3267 altaris]
319 3204 408 3270 scripsi
419 3224 426 3265 ;
438 3207 483 3255 rub
494 3207 591 3258 altaria
604 3205 633 3256 1..
648 3206 688 3257 Cl.
702 3205 769 3255 inira
781 3205 825 3255 lin.
840 3216 865 3266 7,
878 3213 904 3256 et
917 3205 1024 3255 Goelzer
1035 3221 1060 3268 p.
1075 3203 1131 3255 282.
1235 3216 1265 3252 10
1280 3203 1399 3270 rrffieium]
1410 3204 1517 3272 fitium
1531 3206 1560 3256 L.

205 3299 233 3335 ιι
247 3286 393 3349 imitamur]
404 3289 538 3337 inritamus
550 3289 580 3338 L.
595 3287 636 3338 Cl.
651 3287 780 3347 Roenscb,
796 3286 854 3336 Ital.
869 3302 893 3336 ιι.
906 3286 981 3351 Vulg.
997 3303 1022 3351 p.
1036 3299 1093 3349 300.
1197 3299 1226 3335 12
1241 3286 1376 3349 contentu]
1387 3294 1516 3352 contempti
1529 3288 1560 3340 L.

205 3366 235 3416 18
245 3368 411 3434 derelinquit]
420 3371 564 3434 dereliquid
573 3370 603 3420 L.
672 3382 703 3418 22
714 3369 931 3430 audusetltexd
942 3381 952 3418 1
966 3385 999 3418 m.
1015 3369 1044 3419 L.
1114 3380 1145 3430 23
1156 3366 1260 3432 appell]
1270 3368 1345 3432 apert.
1361 3368 1391 3419 1..
1465 3369 1562 3420 Veteris

200 3449 302 3512 sumus]
320 3451 496 3502 Vetersirsirrrur
509 3452 539 3503 L.

245 3585 272 3646 5.
286 3576 314 3627 et
329 3571 522 3630 testimonium
536 3566 617 3650 Iesu]
633 3572 727 3646 Apoc.
747 3572 773 3640 6,
792 3589 818 3645 9.
907 3567 1017 3628 notatis
1033 3589 1123 3646 supra
1139 3589 1185 3643 24,
1207 3571 1241 3626 18
1257 3579 1286 3628 et
1298 3570 1364 3629 111²
1377 3590 1421 3641 ιι,
1437 3589 1474 3647 30
1487 3560 1580 3644 3¹14,'

245 3671 271 3727 9.
286 3648 522 3731 primitivorum]
544 3652 639 3711 Hebr.
660 3672 706 3723 12,
726 3671 770 3728 23.
910 3670 968 3725 143
986 3655 1050 3726 185,
1066 3671 1121 3724 22;
1138 3654 1204 3724 284,
1219 3670 1253 3709 21
1267 3648 1339 3711 item
1351 3650 1400 3710 hic
1413 3651 1496 3723 inira,
1510 3651 1562 3712 ubi

247 3735 532 3792 11.uosimr'tanrur
550 3735 582 3790 r'n
601 3731 694 3812 terra]
711 3735 775 3792 111²
787 3735 854 3800 218,
907 3733 945 3792 de
961 3733 1037 3791 Psal.
1055 3733 1118 3793 XC.
1137 3734 1225 3807 Quae
1249 3745 1349 3792 tamen
1377 3734 1562 3793 succedente

204 3831 241 3891 25
259 3814 363 3874 ‘Sicut
378 3817 460 3874 enirn
482 3825 624 3890 martyres
647 3815 771 3874 laudant
795 3817 854 3872 Do·
907 3825 1044 3890 tempore
1060 3813 1140 3872 haud
1162 3814 1281 3873 tolerari
1304 3834 1394 3890 posse
1418 3813 1482 3874 visa
1507 3827 1560 3887 est,

201 3895 320 3956 minum
333 3914 407 3972 pure
422 3896 452 3955 in
468 3895 589 3972 regione
606 3893 752 3968 rivorum,
769 3897 809 3956 ita
825 3907 854 3954 et
906 3893 1045 3971 inprimis
1082 3895 1264 3956 Ianuariano
1299 3895 1341 3954 illi
1377 3897 1559 3973 presbytero,

202 3978 386 4038 monachi...
423 3978 517 4052 Quod
548 3977 628 4037 euim
662 3977 776 4037 iaciunt
806 3997 855 4036 an·
907 3978 992 4037 cuius
1015 3977 1054 4036 ad
1079 3976 1219 4036 abbatem
1245 3977 1502 4038 Hadrumetinum
1523 3978 1561 4037 la·

201 4059 261 4139 geli
277 4057 306 4118 in
329 4059 430 4132 caelis,
445 4060 504 4118 boe
527 4059 669 4118 monachi
691 4058 804 4120 iaciunt
824 4059 854 4118 in
908 4068 1022 4119 tentem
1047 4059 1148 4118 adbuc
1167 4058 1327 4134 epistulam
1350 4077 1446 4135 nuper
1467 4059 1561 4120 edidi·

202 4141 288 4201 terria
299 4141 313 4198 ’.
330 4141 426 4201 Vides
441 4139 605 4217 utrobique
620 4139 697 4199 inter
712 4153 856 4218 martyres
909 4159 983 4208 mus,
1009 4142 1084 4201 Rev.
1110 4141 1223 4200 Bened.
1249 4150 1270 4201 t.
1297 4157 1378 4200 xvrn
1394 4139 1513 4218 (1901),
1529 4159 1557 4218 p.

202 4224 326 4299 angelos
350 4232 379 4282 et
405 4222 572 4283 monachos
596 4221 855 4299 comparationem
909 4225 977 4295 248,
993 4223 1011 4280 l.
1028 4225 1065 4280 62
1082 4240 1148 4299 sqq.

202 4302 329 4364 institui.
951 4323 997 4379 23.
1029 4304 1120 4362 Vallis
1143 4301 1347 4384 lacrimarum]
1369 4303 1416 4366 Ci.
1440 4303 1507 4364 Iud.
1533 4322 1560 4376 2,

249 4405 260 4444 ι
266 4405 292 4462 3.
308 4385 454 4444 Nostrum
474 4381 608 4464 rirupere]
625 4397 654 4446 et
676 4396 744 4461 post
760 4405 856 4463 pauca
914 4403 967 4462 ις.

203 4467 348 4528 Nostrum
375 4475 418 4526 est
442 4468 597 4545 dr'spouere.
623 4466 752 4528 Dicendi
781 4468 857 4528 ratio
951 4485 996 4539 24.
1005 4473 1039 4524 ut
1047 4468 1188 4527 haeresim
1193 4463 1560 4547 fugeremusJOrigenista-

205 4549 396 4627 Hieronymo
425 4549 455 4609 in
484 4549 738 4611 consuetudinem
764 4569 856 4621 versa,
909 4567 974 4608 rum
987 4548 1109 4620 scilicet,
1121 4551 1160 4610 de
1174 4548 1410 4609 animisecaelo
1424 4548 1515 4625 lapsis
1528 4547 1559 4607 in

205 4631 248 4692 uti
264 4631 365 4692 videre
380 4641 425 4692 est
440 4651 509 4690 cum
525 4631 648 4692 aliunde
660 4644 723 4691 tum
735 4650 772 4691 ex
783 4630 857 4690 locis
909 4648 1044 4708 corpora.
1059 4632 1105 4692 Cl.
1120 4650 1207 4708 supra
1223 4631 1289 4691 111²
1309 4649 1373 4707 107,
1394 4649 1438 4691 12.
