4158 5492
622 443 876 506 nascamus
900 445 957 506 na
980 446 1147 510 vsnnuo
1171 449 1279 512 nxvr.
1573 443 1627 532 35

272 660 338 744 Qui
354 661 448 726 Deus
460 669 511 726 est
526 661 676 728 omniurn
694 683 753 746 per
768 673 931 743 naturam,
947 673 1060 731 noster
1076 665 1325 749 proprielactus
1340 677 1390 732 est
1408 668 1509 733 Deus.
1526 667 1628 746 Bene·

270 765 357 830 dicat
371 787 428 830 nos
442 766 542 833 Deus.
569 765 730 850 Expellat
757 781 902 836 veterem
920 770 1199 838 maledictionem.
1227 773 1422 838 Maledictio
1440 793 1501 838 nos
1527 773 1626 837 eiecit

270 877 312 939 de
328 877 484 958 paradiso
496 901 504 941 :
516 877 652 942 reducat
667 877 865 943 benedictio.
883 876 1056 940 Benedicat
1070 897 1127 940 nos
1142 876 1242 957 Deus,
1262 879 1355 944 Deus
1370 888 1485 956 noster,
1500 875 1626 943 benedi·

268 981 500 1046 cutnosDeus.

210 1123 212 1126 -
239 1089 253 1146 5
312 1085 359 1152 Et
374 1095 521 1150 metuant
544 1107 618 1150 eum
633 1106 740 1150 omnes
760 1087 850 1170 fines
875 1095 988 1151 terrae.
1010 1086 1087 1148 Non
1116 1085 1215 1165 dixit,
1233 1087 1383 1171 Diligant
1411 1109 1488 1152 eum
1505 1107 1624 1152 omnes

270 1189 350 1255 lines
365 1200 473 1255 terrae
487 1195 511 1254 τ’
524 1190 671 1276 perlecta
686 1191 811 1274 quippe
826 1190 962 1256 dilectio
979 1189 1066 1254 loras
1083 1190 1186 1253 mittit
1197 1190 1362 1254 timorem.
1374 1191 1381 1216 '
1395 1189 1529 1253 Timere
1545 1188 1624 1250 inci·

269 1295 430 1376 pientium
448 1304 507 1372 est,
522 1295 660 1376 diligere
677 1295 906 1378 perlectorum.
924 1295 990 1378 Qui
1008 1294 1117 1359 adhuc
1133 1295 1239 1372 timet,
1251 1296 1283 1360 in
1307 1295 1402 1379 initio
1418 1294 1547 1378 positus
1564 1301 1624 1369 est,

269 1418 334 1462 non
351 1398 453 1463 habet
470 1398 650 1482 perfectam
678 1408 711 1463 et
728 1399 860 1481 plenam
887 1399 986 1464 fidem
1002 1421 1009 1478 ;
1024 1399 1080 1482 qui
1106 1409 1217 1463 autem
1235 1399 1345 1482 diligit
1373 1399 1495 1474 Deum,
1510 1397 1624 1463 omnia

269 1505 297 1566 ei
315 1503 512 1586 proveniunt
530 1503 562 1566 in
579 1503 712 1568 bonum.
731 1504 875 1568 Videtur
890 1505 999 1568 brevis
1015 1514 1047 1568 et
1071 1503 1217 1591 simplex
1234 1525 1305 1569 esse
1326 1501 1527 1568 sententiola
1543 1527 1550 1566 :
1565 1501 1624 1566 sed

225 1616 254 1656 ¹0
270 1607 466 1672 ventilemus
482 1627 566 1685 eam,
582 1618 616 1671 et
632 1608 758 1672 inistis
779 1608 986 1690 simplicibus
1002 1609 1110 1672 verbis
1127 1608 1276 1691 ingentia
1304 1609 1462 1692 mysteria
1483 1606 1622 1689 reperie-

270 1731 349 1775 mus.
363 1711 575 1802 luveniemus
589 1711 785 1775 intrinsecus
795 1713 885 1800 quod
903 1712 1085 1804 lorinsecus
1097 1711 1231 1778 latebat.
1245 1717 1252 1746 ‘
1265 1713 1492 1796 Diligentibus
1509 1719 1620 1774 autern

271 1815 378 1881 Deum
394 1817 508 1888 omnia
524 1825 744 1899 cooperantur
760 1817 793 1881 in
807 1816 959 1882 bonum.¹
977 1817 1039 1882 Iob
1057 1818 1105 1880 vir
1118 1827 1252 1881 sanctus
1269 1826 1453 1900 temptatus
1469 1825 1530 1892 est,
1546 1834 1619 1898 per·

269 1921 353 1986 didit
368 1919 453 1986 filios
469 1929 502 1985 et
519 1918 613 1999 filias,
622 1921 742 1986 domus
758 1920 862 2004 ipsius
872 1921 1013 1998 conruit,
1025 1903 1178 1985 universa
1193 1921 1348 2004 perdidit,
1360 1921 1474 1985 omnia
1486 1929 1622 2003 repente

270 2025 432 2107 perdidit:
458 2045 518 2089 nec
544 2033 647 2108 pater,
664 2045 724 2088 nec
747 2024 923 2104 dominus;
950 2025 1031 2090 nihil
1048 2026 1137 2090 enirn
1163 2025 1209 2088 illi
1239 2026 1397 2090 remansit
1423 2025 1456 2089 in
1484 2043 1623 2108 corpore

224 2139 251 2196 ¹5
268 2149 395 2207 sanum,
417 2130 481 2192 nisi
497 2128 568 2193 sola
584 2128 697 2212 lingua
712 2150 771 2212 per
787 2150 886 2213 quarn
904 2129 1137 2213 blasphemare
1160 2131 1273 2213 possit.
1299 2117 1424 2195 Videte
1439 2135 1622 2210 temptato·

269 2251 335 2297 rem
352 2231 553 2298 diabolum‘
570 2232 601 2297 A
629 2231 753 2315 planta,
769 2235 886 2316 inquit,
903 2235 997 2316 pedis
1013 2254 1118 2318 usque
1134 2233 1176 2298 ad
1193 2234 1350 2299 verticem
1368 2230 1531 2317 percussit
1547 2229 1622 2296 e'urn

268 2339 401 2402 vulnere
425 2338 571 2421 pessimo
587 2336 681 2414 ’,hoc
698 2346 757 2413 est,
773 2337 938 2420 elefantia.
961 2338 1044 2402 Inde
1060 2345 1133 2402 toto
1158 2358 1296 2421 corpore
1322 2357 1452 2402 vermes
1467 2333 1625 2413 fluebant,

268 2452 301 2507 et
316 2443 434 2520 sanies,
450 2452 484 2507 et
511 2442 660 2524 putredo.
688 2441 803 2506 Solam
832 2442 981 2526 linguam
1007 2442 1037 2506 ei
1061 2442 1225 2525 integram
1251 2442 1440 2520 reservavit,
1456 2451 1492 2507 ut
1516 2439 1624 2524 possit

270 2548 378 2614 Deum
395 2569 492 2614 suum
508 2547 748 2631 blasphemare.
766 2553 773 2580 ‘
791 2550 829 2612 In
846 2550 1002 2614 omnibus
1019 2549 1070 2612 his
1087 2568 1153 2613 non
1171 2537 1320 2631 peccavit
1339 2549 1401 2612 lob
1416 2547 1512 2611 labiis
1524 2545 1592 2610 suis
1605 2543 1621 2609 '.

218 2667 250 2704 22
267 2653 389 2718 Videte
402 2651 668 2735 magnitudinem
685 2654 926 2735 temptationis,
938 2653 1050 2717 videte
1063 2652 1329 2735 magnitudinem
1342 2653 1481 2718 virtutis.
1496 2651 1622 2716 Videte

265 2767 297 2822 ct
312 2757 522 2822 considerate
538 2757 738 2821 sententiam
765 2758 908 2840 apostoli
934 2777 1006 2822 esse
1033 2743 1224 2840 conpletam
1238 2782 1245 2820 ε
1261 2756 1490 2839 Diligentibus
1507 2765 1619 2820 autern

268 2861 375 2927 Deum
391 2863 504 2926 omnia
521 2872 742 2944 cooperantur
759 2862 790 2925 in
808 2862 942 2926 bonum.
961 2863 1014 2926 Eo
1030 2871 1191 2946 tempore,
1207 2883 1273 2945 quo
1290 2861 1450 2945 perdebat
1467 2881 1518 2924 res
1534 2853 1621 2936 suas,

264 2985 330 3048 quo
340 2964 424 3030 filios
437 2966 624 3041 amittebat,
635 2966 836 3030 videbantur
847 2967 982 3050 quidem
996 2967 1025 3029 ei
1037 2986 1110 3029 esse
1122 2968 1297 3043 contraria,
1307 2985 1394 3049 quae
1406 2963 1622 3028 accidissent:

263 3070 320 3133 sed
337 3069 497 3152 quoniam
520 3069 682 3152 diligebat
710 3070 905 3147 Dominum,
922 3071 978 3135 illa
1005 3070 1103 3149 mala,
1117 3091 1204 3155 quae
1220 3073 1249 3134 ei
1275 3070 1383 3145 infert,
1397 3077 1620 3152 cooperantur

216 3189 246 3244 25
264 3172 309 3237 illi
332 3173 428 3238 bona.
448 3173 500 3237 illi
516 3194 645 3238 vermes
661 3175 808 3258 corporis
826 3176 1069 3257 praeparabant
1091 3177 1120 3239 ei
1137 3175 1219 3240 caeli
1236 3196 1404 3241 coronam.
1423 3175 1616 3255 Antequam

263 3287 490 3362 temptaretur,
508 3279 601 3344 Deus
617 3281 646 3344 ei
664 3298 846 3360 numquam
861 3278 992 3343 locutus
1008 3278 1135 3345 fuerat:
1151 3289 1330 3363 postquam
1341 3288 1456 3342 autem
1475 3287 1618 3360 tempta·

262 3395 314 3450 tus
331 3395 391 3462 cst,
418 3385 508 3448 venit
530 3384 665 3448 adeum
696 3383 799 3462 Deus,
814 3392 848 3447 et
876 3382 1081 3448 familiariter
1096 3383 1252 3467 loquitur,
1274 3382 1368 3464 quasi
1390 3381 1517 3444 amicus
1542 3399 1618 3444 cum

262 3488 369 3552 amico
396 3507 466 3553 suo.
482 3487 630 3552 Veniant
659 3487 786 3570 plagae,
811 3487 924 3550 omnia
940 3506 1064 3569 genera
1087 3506 1280 3570 poenarum,
1300 3487 1381 3550 dum
1410 3492 1487 3567 post
1502 3481 1620 3566 plagas

263 3591 403 3675 Xpistus
419 3591 585 3656 adveniat.

215 3715 246 3765 30
306 3696 439 3780 Egressi
456 3715 571 3788 sumus
587 3695 630 3757 de
646 3692 784 3776 psalmo,
800 3696 858 3758 sed
884 3714 950 3759 non
968 3694 1149 3772 inutiliter;
1175 3696 1253 3778 quia
1269 3693 1463 3758 dixeramus
1487 3693 1536 3756 Et
1557 3713 1620 3756 me·

263 3809 359 3864 tuan!
380 3821 453 3864 eum
477 3819 586 3863 omnes
602 3799 691 3882 fines
710 3807 823 3874 terrae,
839 3805 873 3861 et
889 3798 1083 3862 dixeramus
1108 3799 1266 3882 quoniam
1295 3807 1442 3862 metuere
1467 3795 1620 3879 parvulo-

264 3925 333 3968 rum
350 3913 409 3982 est,
424 3912 571 3968 ceterum
588 3901 727 3984 diligere
742 3900 965 3984 perlectorum
981 3911 1031 3965 est
1045 3923 1053 3978 ;
1069 3911 1102 3968 et
1128 3902 1323 3967 dixeramus
1339 3902 1381 3964 ad
1400 3901 1462 3964 hoc
1479 3920 1619 3982 conpro-

293 4123 308 4174 8
320 4124 414 4186 Deum]
426 4139 476 4173 om.
491 4123 523 4173 G.
609 4135 625 4184 9
631 4121 800 4188 proveniunt]
805 4123 954 4185 provenient
965 4120 981 4188 β
994 4122 1015 4171 C
1028 4131 1092 4188 post.
1104 4138 1167 4172 corr.
1250 4136 1279 4184 14
1291 4139 1334 4171 ner
1344 4122 1470 4182 domium]
1483 4122 1619 4170 necdrmrrs

264 4205 291 4253 C.
360 4215 397 4269 15.
416 4205 541 4269 18posrr't]
552 4205 626 4254 codd.
642 4224 649 4266 ;
658 4210 737 4268 posset
750 4201 772 4270 β.
846 4203 1033 4266 18reservavir]
1045 4205 1157 4254 servabat
1169 4204 1200 4254 G.
1270 4204 1301 4253 28
1309 4210 1364 4267 post
1370 4204 1469 4268 plagas]
1477 4211 1525 4266 per
1530 4203 1618 4267 plagas

264 4286 290 4335 C.
358 4301 390 4351 30
402 4287 526 4347 merrrarrtl
537 4288 643 4336 u'meanl
651 4289 683 4336 G.

303 4487 327 4544 6.
345 4481 486 4564 timorem]
506 4505 517 4543 r
537 4485 580 4544 lo.
598 4506 625 4557 4,
646 4489 689 4546 18.
966 4487 1163 4549 recentiorum
1193 4489 1347 4551 sententia.
1382 4489 1427 4550 Cl.
1461 4489 1617 4550 Michaelis

305 4587 330 4642 9.
352 4586 395 4626 ra.
412 4563 576 4646 iubenum]
593 4569 681 4627 Rom.
699 4571 725 4639 8,
744 4571 789 4628 28.
968 4571 1115 4648 ‘isagoge
1130 4573 1159 4629 in
1178 4574 1211 4630 V.
1228 4573 1264 4630 T.
1281 4573 1316 4646 '5
1334 4591 1377 4642 ro,
1393 4589 1420 4646 p.
1439 4573 1476 4646 56
1492 4590 1534 4648 sq.

309 4650 352 4706 16.
366 4649 395 4708 A
406 4650 514 4725 planta
529 4644 600 4728 etc]
617 4648 682 4708 Iob.
700 4670 726 4722 2,
745 4667 769 4725 7.
1010 4671 1053 4726 19.
1070 4649 1143 4734 suis]
1160 4653 1216 4711 Iob
1237 4673 1258 4725 r,
1278 4673 1322 4712 aa.

309 4731 480 4806 17.lrocest
500 4727 649 4814 elesann'a]
674 4729 817 4810 Congruit
842 4748 911 4790 cum
