4158 5492
659 416 914 511 Tuncrnrus
937 420 995 480 on
1016 421 1184 485 Psntno
1208 423 1231 482 1.
1592 425 1621 506 9

269 633 384 724 ridiem
412 653 487 702 non,
506 634 660 700 habebat.
687 636 743 700 Ad
761 655 943 720 vesperam,
959 638 1022 703 hoc
1038 648 1089 707 est
1105 633 1243 718 δειλινόν,
1259 648 1293 706 et
1307 639 1510 706 ambulabat.
1539 641 1616 705 Non

268 737 357 802 enim
374 747 442 803 stat
458 739 552 803 Deus
567 741 742 822 peccatori,
758 741 816 805 sed
833 741 990 810 ambulat.
1007 743 1142 812 Sciebat
1169 746 1258 810 enim
1276 744 1368 808 illum
1385 744 1505 807 esseio
1523 765 1617 829 para·

266 842 350 919 diso,
375 850 410 906 et
434 863 500 907 non
527 843 703 926 ignorabat
718 844 808 928 quod
834 844 958 912 iactum
986 857 1077 928 erat;
1095 850 1152 922 sed
1178 848 1256 932 quia
1272 854 1467 931 peceaverat
1496 847 1617 923 Adam,

264 947 372 1034 nescit
384 966 461 1011 eum
480 946 579 1012 Deus.
598 947 643 1012 Et
658 948 746 1013 dixit
763 949 856 1014 Deus
869 950 1015 1029 :.Adam,
1031 953 1087 1018 ubi
1103 954 1161 1016 es?

230 1068 243 1122 5
307 1050 467 1115 Diximus
483 1051 525 1116 de
552 1072 602 1129 eo,
616 1053 788 1135 quomodo
804 1063 959 1137 peccator
985 1055 1156 1138 ignoretur
1170 1077 1190 1120 a
1207 1055 1304 1120 Deo:
1330 1053 1517 1118 econtrario
1532 1054 1615 1118 scire

262 1155 424 1219 debemus
440 1157 611 1239 quomodo
628 1156 733 1220 iustus
748 1157 871 1222 sciatur
896 1177 915 1220 a
932 1157 1016 1224 Deo.
1033 1160 1124 1226 Dicit
1143 1160 1236 1224 Deus
1252 1159 1294 1223 ad
1312 1155 1486 1220 Abraham
1499 1179 1507 1220 ε
1522 1160 1529 1187 ‘
1547 1155 1616 1219 Exi

263 1259 306 1323 de
320 1268 408 1323 terra
424 1267 482 1324 tua
497 1268 531 1323 et
546 1259 589 1324 de
603 1261 805 1343 cognatione
832 1272 890 1327 tua
906 1260 921 1325 '.
939 1261 1042 1328 Venit
1066 1263 1099 1328 in
1129 1263 1363 1339 Palaestinam,
1379 1261 1440 1326 luit
1456 1262 1488 1325 in
1506 1260 1615 1324 Abra-

263 1365 348 1464 mio,
363 1363 426 1430 luit
442 1365 474 1429 in
492 1364 625 1431 Geraris
643 1364 749 1430 multo
764 1373 924 1450 tempore.
949 1367 1035 1434 Cum
1053 1377 1151 1432 natus
1166 1368 1196 1432 ei
1221 1367 1336 1432 luisset
1355 1365 1440 1429 filius
1457 1365 1561 1442 Isaac,
1581 1374 1615 1429 et

261 1469 551 1552 repromissionem
578 1479 753 1554 acceperat
778 1469 899 1553 ‘Quia
926 1469 959 1538 in
990 1473 1117 1538 semine
1144 1481 1204 1536 tuo
1234 1471 1472 1535 benedicentur
1497 1486 1614 1532 omnes

213 1594 242 1631 ιο
259 1581 377 1656 gentes
397 1572 414 1650 ',
439 1572 517 1640 tulit
545 1557 698 1652 Isaac,‘et
725 1574 847 1639 obtulit
873 1595 949 1640 eum
974 1577 1059 1653 Deo,
1073 1586 1107 1642 et
1134 1597 1202 1640 vox
1229 1575 1272 1639 de
1295 1572 1388 1637 caelo
1413 1572 1528 1637 audita
1555 1582 1615 1649 est,

260 1678 363 1742 Parce
379 1675 448 1742 filio
463 1687 530 1744 tuo.
548 1677 593 1742 Et
619 1671 733 1745 statim
762 1679 807 1741 ibi
823 1679 984 1757 scribitur,
1000 1699 1040 1742 eo
1066 1689 1217 1762 tempore
1233 1699 1300 1762 quo
1324 1677 1491 1743 obtulerat
1507 1675 1611 1742 filium
1630 1685 1637 1692 '

258 1802 366 1859 suum,
381 1782 460 1865 quid
477 1782 558 1848 dicit
575 1785 668 1848 Deus
694 1784 736 1848 ad
755 1782 928 1848 Abraham
941 1789 955 1846 i
970 1787 978 1815 ‘
996 1783 1094 1849 Nunc
1109 1783 1251 1867 cognovi
1279 1781 1437 1866 quoniam
1459 1790 1495 1846 tu
1512 1781 1611 1846 times

260 1887 444 1952 Dominum
461 1889 573 1953 Deum
589 1896 684 1952 tuum
701 1887 717 1952 '.
734 1885 801 1969 Qui
818 1897 914 1953 tanto
936 1897 1087 1972 ternpore
1104 1888 1234 1953 locutus
1251 1887 1368 1964 fueras,
1384 1905 1471 1951 nunc
1487 1905 1612 1970 eogno-

258 1990 334 2055 visti
349 1991 550 2060 Abraham?
566 1989 633 2056 Sed
651 1993 808 2075 quoniam
825 1992 961 2076 grandis
977 1990 1060 2058 fides
1076 1991 1184 2059 iuerat
1199 1991 1370 2057 offerendo
1385 1989 1491 2055 lilium
1501 2009 1609 2069 suurn,

210 2115 239 2169 ις
258 2102 435 2178 propterea
450 2115 538 2159 nunc
554 2095 698 2178 primurn
714 2096 824 2180 coepit
840 2116 916 2162 eum
943 2099 1041 2162 nosse
1057 2097 1158 2162 Deus.
1177 2096 1254 2160 Hoc
1278 2105 1387 2160 totum
1404 2115 1507 2179 quare
1522 2094 1610 2160 dixi-

258 2205 357 2264 mus?
384 2200 553 2286 Quoniam
581 2200 817 2283 scriptumest,
846 2199 1009 2278 Quoniam
1033 2201 1123 2266 novit
1145 2199 1309 2264 Dominus
1324 2199 1414 2264 viam
1441 2199 1609 2264 iustorum.

259 2303 419 2371 Dicamus
434 2315 468 2371 et
482 2304 585 2370 aliter.
602 2304 668 2371 Via
683 2315 717 2370 et
733 2307 801 2372 vita
823 2315 857 2370 et
873 2307 993 2370 veritas
1009 2307 1151 2388 Xpistus
1166 2315 1217 2368 est
1232 2329 1238 2368 :
1255 2303 1464 2368 ambulemus
1479 2325 1560 2388 ergo
1576 2305 1608 2368 in

257 2409 390 2492 Xpisto,
404 2419 439 2474 et
454 2410 542 2475 viam
559 2419 706 2474 nostram
725 2411 817 2474 novit
834 2410 930 2474 Deus
943 2418 1047 2493 pater.

299 2512 347 2579 Er
362 2513 426 2578 iter
435 2514 609 2606 impiorum
618 2513 747 2596 peribit.
765 2513 842 2578 Non
859 2514 956 2590 dixit,
968 2514 1063 2597 impii
1077 2512 1232 2596 peribunt
1247 2534 1254 2590 ;
1269 2512 1329 2575 sed
1341 2512 1368 2574 si
1385 2512 1514 2595 egerint
1530 2533 1606 2597 pae·

206 2641 239 2678 20
256 2618 441 2697 nitentiam,
456 2627 490 2683 et
517 2618 579 2702 ipsi
595 2618 821 2684 salvabuntur.
839 2619 890 2683 Eo
906 2630 1058 2702 tempore
1073 2638 1140 2702 quo
1156 2616 1328 2701 apostolus
1356 2616 1479 2681 Paulus
1495 2636 1604 2699 perse·

254 2721 417 2805 quebatur
433 2719 592 2805 Xpisturn
609 2731 642 2788 et
662 2722 818 2788 ecclesias
834 2723 914 2801 eius,
929 2723 1051 2807 impius
1067 2733 1145 2788 erat.
1175 2721 1210 2786 Si
1227 2723 1316 2787 enim
1333 2723 1426 2806 impii
1443 2724 1608 2807 peribunt,

253 2847 318 2891 non
336 2828 434 2892 datur
449 2827 541 2892 locus
565 2827 798 2910 paenitentiae.
815 2827 883 2893 Sed
907 2846 973 2891 non
990 2827 1088 2906 dixit,
1103 2836 1137 2892 et
1152 2827 1245 2910 impii
1268 2828 1444 2909 peribunt;
1460 2830 1528 2905 sed,
1544 2829 1607 2894 iter

253 2931 430 3016 impiorum
447 2930 588 3015 peribit:
604 2931 667 2997 boc
687 2940 747 3008 est,
762 2931 883 3014 peribit
899 2931 1062 3013 impietas,
1079 2951 1145 2995 non
1164 2931 1283 3013 peribit
1310 2931 1442 3015 impius,
1457 2930 1515 2996 sed
1533 2931 1606 3016 ipsa

252 3035 427 3120 impiet2s3
443 3056 511 3101 noo
537 3035 640 3100 homo
667 3034 788 3118 peribit
803 3035 859 3118 qui
885 3035 1008 3118 impius
1024 3035 1094 3113 luit,
1109 3035 1167 3098 sed
1193 3034 1329 3099 homine
1354 3043 1477 3117 agente
1491 3034 1605 3118 paeni-

205 3157 235 3212 25
252 3143 391 3209 tentiam
407 3141 529 3224 peribit
544 3140 707 3225 impietas.

285 3341 295 3378 t
310 3322 428 3390 δειλινόν]
441 3343 479 3392 μ;
502 3323 606 3390 διληνον
623 3325 698 3376 codd.
720 3337 826 3388 excepto
843 3323 903 3374 Sin
921 3339 972 3388 quo
990 3324 1097 3390 legitur:
1113 3325 1251 3376 declinante
1269 3329 1321 3378 ium
1336 3329 1376 3379 die
1397 3330 1471 3390 (corr.
1485 3346 1515 3380 ex
1532 3329 1604 3380 derli-

250 3411 422 3462 uenientium
444 3409 521 3468 dr'em)
539 3407 682 3458 deambulat
700 3407 725 3455 ei
746 3406 823 3455 Deus.
844 3406 903 3456 Non
925 3407 993 3456 enim
1013 3415 1061 3458 etc.
1163 3411 1374 3472 7Palaestinam]
1389 3414 1545 3476 palestinam
1569 3415 1602 3465 G.

250 3493 379 3556 Abram'o]
390 3488 860 3553 AssSrHairnmiop3AbremioG3
877 3489 967 3538 ituram
979 3489 1008 3539 C.
1084 3491 1243 3556 praeceperat]
1265 3494 1382 3559 acciperet
1401 3494 1430 3544 C.
1511 3507 1540 3556 19
1550 3502 1603 3560 per·

248 3575 393 3640 sequebatur
411 3575 508 3624 iustum
518 3579 543 3622 el
559 3579 645 3622 contra
660 3572 759 3621 eclesias
768 3571 823 3620 eius
834 3571 867 3622 G.
968 3583 1000 3620 22
1010 3571 1044 3632 et]
1055 3587 1104 3621 om.
1120 3572 1168 3636 μδ.

291 3779 313 3820 ι.
330 3759 384 3820 Ae
394 3767 546 3836 uesperam,
562 3755 613 3816 doc
621 3761 663 3816 es!
670 3747 811 3833 δειλινόν]
826 3749 897 3812 Hie·
953 3751 1042 3828 1887)
1057 3772 1084 3830 p.
1105 3773 1180 3827 124:
1198 3757 1321 3834 ‘Longe
1334 3769 1435 3818 autem
1450 3757 1489 3818 ab
1501 3758 1602 3818 Ebron

247 3868 308 3910 ron.
326 3848 420 3913 Hebr.
433 3849 556 3924 Quaest.
573 3843 604 3906 in
619 3845 727 3906 Genes.
739 3861 763 3902 c.
779 3861 806 3918 3,
821 3861 847 3902 v.
861 3843 897 3900 8:
949 3844 988 3903 ad
1003 3863 1105 3920 passus
1126 3855 1282 3918 trecentos,
1300 3847 1330 3906 in
1345 3848 1413 3907 loco
1428 3846 1479 3924 qui
1494 3845 1602 3908 dicitur

249 3932 308 3992 ‘In
323 3929 471 4009 plerisque
481 3925 637 3990 codicibus
648 3923 833 3995 Latinorum,
844 3941 899 4001 pro
950 3924 1127 3986 Abramiri...
1145 3928 1222 3988 Item
1248 3927 1395 3988 Abramiri
1410 3927 1495 3988 vinea
1526 3939 1571 3988 est
1585 3929 1600 3986 ’.

247 4029 283 4072 eo
310 4012 395 4090 quod
422 4008 472 4070 bic
501 4005 655 4087 posuimus
679 4005 721 4065 ad
743 4013 897 4083 vesperam,
950 4005 1150 4080 Theodosius,
1169 4009 1215 4068 De
1229 4019 1247 4068 t.
1265 4029 1287 4068 s.
1303 4011 1317 4085 ἕ
1333 4029 1371 4068 20
1386 4007 1470 4086 (ibid.
1488 4028 1514 4086 p.
1533 4025 1600 4086 ης,

243 4101 307 4170 post
326 4093 474 4153 meridiem
498 4090 607 4150 habet:
626 4087 697 4168 quia
714 4084 748 4150 τὸ
770 4081 899 4149 δειλινόν
950 4099 1010 4146 not.
1031 4085 1079 4165 r):
1103 4090 1329 4166 ‘Sepulcrum...
1356 4093 1440 4167 quod
1465 4089 1600 4148 Abraha-

246 4201 384 4260 gtaecum
409 4199 579 4244 sermonem
603 4177 784 4242 adverbum
807 4188 899 4237 trans
949 4169 1039 4227 mium
1063 4169 1177 4243 dicunt,
1206 4171 1319 4232 distans
1344 4191 1362 4231 a
1387 4170 1523 4234 calvaria
1547 4189 1601 4248 per

246 4263 319 4328 terre
342 4283 404 4326 uon
429 4261 620 4340 possumur.’
642 4257 705 4335 Qui
730 4269 839 4330 tamen,
866 4267 898 4316 ut
950 4250 1067 4326 triginta
1092 4250 1248 4312 miliaria’
1274 4254 1320 4312 Ita
1336 4251 1513 4330 Hieronymi
1528 4265 1600 4312 tem·

246 4344 334 4422 vider,
357 4347 388 4406 in
412 4343 519 4408 codice
537 4343 557 4402 S
572 4341 784 4420 qualicumque
805 4339 898 4400 modo
949 4349 1021 4407 pore
1035 4335 1203 4409 sepulcrum
1221 4335 1322 4394 Lazari
1336 4333 1366 4393 in
1383 4332 1530 4395 Bethania
1546 4335 1600 4394 La-

245 4425 333 4490 latine
347 4426 481 4500 redditur
494 4447 501 4488 r
515 4425 675 4486 declinante
687 4421 748 4482 iam
762 4421 814 4482 die.
949 4413 1058 4506 tarium
1072 4412 1226 4476 dicebatur
1242 4415 1282 4494 (S.
1299 4414 1406 4476 Silviae
1435 4413 1599 4494 peregrina·

285 4526 310 4584 7.
332 4509 496 4587 cognatione
509 4501 574 4588 trra]
590 4506 666 4568 Gen.
685 4523 731 4576 12,
750 4522 774 4562 r.
948 4503 1001 4568 ltu,
1023 4495 1095 4555 edit.
1116 4515 1139 4566 1,
1156 4516 1205 4574 pp.
1223 4499 1260 4572 83
1276 4507 1306 4557 et
1321 4496 1382 4574 89).

273 4595 339 4672 suit
372 4596 404 4656 ire
437 4587 593 4671 Atreum]
619 4589 722 4649 Petrus
749 4584 825 4646 diac.
850 4586 897 4646 De
990 4597 1016 4652 9.
1038 4597 1133 4636 ornnes
1142 4574 1250 4659 gentes]
1265 4579 1373 4638 Gener.
1393 4599 1439 4651 22,
1459 4580 1503 4637 18.

244 4677 315 4742 locis
336 4674 455 4750 sanctis,
477 4672 548 4735 edit.
571 4665 743 4733 Gamurrinl
765 4665 897 4746 (Romae
993 4687 1035 4744 17·
1059 4675 1086 4726 el
1099 4664 1215 4748 verrius]
1233 4669 1275 4728 lo.
1297 4688 1340 4742 14,
1357 4671 1383 4728 6.

284 4811 395 4856 Anauon
409 4808 560 4854 undecim
575 4806 618 4857 lll,
630 4819 647 4846 2.
