4060 5498
496 398 551 499 84
877 413 903 469 s
939 411 1193 480 ureaouxur
1225 407 1492 469 pensaurum

498 613 563 695 legi
581 614 717 695 possint.
736 613 827 675 Dicit
851 612 939 674 enirn
957 610 1141 691 apostolus,
1157 610 1236 690 quia
1251 613 1258 640 ‘
1273 609 1329 672 lex
1356 609 1517 690 spiritalis
1533 621 1585 672 est
1598 610 1614 673 '.
1644 611 1690 672 Et
1722 609 1846 672 David:

497 721 646 785 ‘Revela
663 721 777 782 oculos
795 741 896 788 meos.
913 728 946 782 et
962 718 1182 785 considerabo
1200 718 1418 781 mirabiliade
1431 717 1504 798 lege
1517 728 1575 781 tua
1589 717 1604 778 ’.
1624 714 1702 776 Hoc
1716 719 1766 775 est
1776 732 1848 793 ergo

499 825 589 907 quod
616 825 704 886 dicit.
733 824 857 886 Beatus
883 823 986 884 homo
1013 842 1112 902 quem
1142 832 1177 883 tu
1207 821 1366 883 erudieris
1393 821 1550 896 Domine,
1575 829 1608 882 et
1634 818 1676 880 de
1701 817 1773 898 lege
1796 825 1847 878 tua

498 928 650 990 docueris
668 949 752 991 eum.
771 928 885 1009 Quare
901 926 1002 988 doces
1021 946 1096 987 eum
1110 932 1123 986 Ρ
1139 925 1257 988 Redde
1273 945 1399 987 causas.

549 1031 593 1095 Ur
607 1032 737 1114 mitiges
751 1031 784 1094 ei
797 1053 818 1092 a
833 1029 945 1092 dr‘ebns
961 1030 1067 1092 malis.
1087 1029 1169 1092 ideo
1186 1028 1278 1091 illum
1304 1030 1414 1107 doces,
1432 1039 1468 1090 nt
1486 1028 1518 1090 in
1537 1029 1686 1091 futurum
1712 1026 1759 1089 illi
1783 1045 1847 1108 par·
1863 1049 1875 1100 5

498 1153 554 1196 cas
569 1157 576 1196 ε
593 1134 670 1196 ideo
686 1135 718 1196 in
738 1134 904 1215 praesenti
922 1132 1069 1212 corripis,
1086 1140 1123 1194 ut
1147 1134 1178 1193 in
1205 1133 1316 1194 futuro
1344 1151 1409 1193 non
1438 1132 1587 1194 damnes.
1614 1131 1738 1194 [udicis
1766 1130 1847 1193 enim

500 1237 667 1300 sententia
685 1238 862 1300 sustinenti
881 1237 969 1299 mala
986 1247 1035 1298 est
1051 1261 1057 1298 :
1074 1256 1138 1297 non
1168 1237 1258 1318 quod
1287 1237 1456 1299 sententia
1483 1236 1571 1298 mala
1596 1237 1649 1312 sit,
1677 1237 1735 1298 sed
1764 1233 1847 1317 quod

500 1341 639 1419 patienti
656 1361 740 1416 eam,
756 1341 835 1403 dum
854 1361 997 1421 poenam
1016 1341 1127 1416 sentit,
1145 1341 1233 1402 iusta
1250 1341 1417 1403 sententia
1433 1351 1466 1403 et
1483 1341 1572 1404 bona
1596 1341 1699 1402 sentit
1722 1340 1849 1403 malam.

502 1443 775 1523 Donecfodr'ntnr
783 1445 1059 1524 peccaturisoma.
1077 1443 1160 1525 Quis
1178 1445 1301 1524 estqui
1319 1445 1486 1525 peccatori
1505 1443 1589 1507 iodit
1614 1444 1771 1507 foveam?
1795 1443 1847 1504 Vi-

501 1548 641 1610 deamus
668 1548 748 1629 quid
777 1547 856 1611 alibi
884 1548 965 1610 dicit
994 1548 1191 1629 propheta.‘
1221 1549 1349 1610 Lacum
1377 1551 1508 1630 aperuit
1532 1561 1565 1612 et
1582 1547 1701 1613 effodit
1718 1557 1848 1624 eum,et
1868 1569 1895 1604 ro

502 1651 619 1715 incidit
634 1651 666 1712 in
690 1650 821 1715 foveam
838 1672 939 1734 quam
959 1651 1062 1716 iecit’.
1088 1653 1236 1715 Foveam
1262 1654 1363 1735 igitur
1381 1673 1447 1716 non
1473 1653 1552 1716 facit
1570 1654 1674 1730 Deus,
1697 1655 1756 1719 sed
1780 1674 1846 1736 pec-

502 1763 603 1831 cator,
617 1763 653 1816 ut
670 1754 769 1818 cadat
786 1757 818 1818 in
837 1776 920 1818 eam.
937 1755 1094 1832 ‘Caecus
1111 1757 1228 1837 inquit,
1242 1757 1268 1817 si
1286 1777 1386 1819 caeco
1403 1759 1563 1822 ducatum
1580 1767 1739 1839 praestat,
1756 1759 1850 1822 ambo

502 1859 534 1921 in
554 1857 684 1921 foveam
702 1860 827 1922 cadunt
841 1859 856 1923 ¹.

548 1961 632 2040 Quis
645 1975 814 2045 consurget
830 1965 914 2026 nn'ni
927 1964 1086 2026 aduersus
1102 1964 1320 2045 malignantes
1331 1967 1351 2027 Ρ
1366 1977 1426 2027 unt
1447 1967 1522 2046 quis
1543 1966 1646 2030 stabit
1660 1989 1781 2030 merum
1796 1969 1849 2030 ad·

503 2087 616 2130 uersus
631 2078 795 2149 operantes
810 2068 1020 2150 iniquitatem
1036 2070 1053 2122 Ρ
1070 2067 1217 2150 Quando
1232 2070 1323 2146 dicit,
1347 2069 1456 2150 Quis?
1472 2081 1530 2133 aut
1547 2091 1656 2134 rarum
1683 2071 1851 2154 significat,
1872 2097 1879 2131 ι
1885 2094 1896 2145 5

505 2181 562 2234 aut
587 2172 723 2234 nullutn.
742 2172 797 2234 Ex
823 2191 966 2252 persona
993 2173 1081 2234 enim
1109 2171 1231 2234 infirmi
1259 2172 1407 2236 hominis
1435 2174 1599 2254 propheta
1627 2175 1673 2237 sic
1703 2175 1852 2258 loquitur.

506 2276 591 2360 Quis
606 2287 784 2358 consurget
803 2276 883 2340 mihi
901 2275 1060 2338 adversus
1078 2276 1325 2358 malignantes?
1343 2278 1446 2340 Venit
1464 2279 1611 2360 Moyses,
1634 2287 1667 2342 et
1685 2279 1853 2342 meliorare

507 2399 571 2442 non
591 2379 720 2460 potuit:
739 2388 902 2442 venerunt
919 2379 1111 2460 prophetae,
1127 2390 1159 2441 et
1180 2380 1289 2440 mede
1307 2392 1520 2459 peccatorum
1538 2381 1665 2463 laqueis
1683 2401 1750 2444 non
1779 2383 1853 2446 libc-

508 2494 672 2546 raverunt.
699 2482 783 2565 Quis
809 2504 888 2564 ergo
913 2494 1091 2562 consurget
1120 2483 1225 2547 mihi?
1251 2482 1391 2545 Pulchre
1413 2485 1511 2558 dixit,
1535 2498 1736 2566 consurget:
1762 2488 1853 2568 quasi

506 2588 685 2664 dormiens
712 2589 806 2669 quasi
831 2587 960 2650 iacens.¹
979 2589 1127 2668 Exurge,
1146 2607 1248 2669 quare
1268 2588 1439 2650 obdormis
1466 2589 1611 2651 Domine
1627 2589 1649 2649 i'
1676 2596 1682 2623 ¹
1699 2569 1855 2673 Magister
1872 2617 1900 2650 ιο

507 2690 601 2754 salva
617 2711 687 2766 nos,
705 2693 850 2772 perimus
873 2693 889 2756 '.
907 2691 991 2775 Quis
1016 2700 1196 2773 consurget
1224 2693 1304 2755 mihi
1332 2692 1491 2756 adversus
1515 2695 1719 2758 daemonum
1750 2697 1854 2759 multi·

507 2796 677 2859 tudinem?
714 2796 798 2879 Quis
836 2797 1010 2879 praebebit
1043 2797 1235 2859 auxilium?
1275 2797 1358 2878 Quis
1394 2818 1524 2861 mecum
1563 2798 1666 2861 stabit
1701 2801 1855 2864 adversus

506 2909 683 2981 operantes
708 2903 943 2984 iniquitatem?
970 2905 1109 2968 Pulchre
1133 2907 1231 2982 dixit,
1257 2907 1340 2990 Quis
1365 2908 1467 2970 stabit
1494 2913 1648 2971 meeum?
1671 2907 1749 2972 Nisi
1770 2910 1854 2971 enirn

506 3003 681 3068 nobiscum
699 3009 826 3070 steterit
845 3009 1012 3072 Dominus
1030 3010 1085 3091 qui
1105 3010 1137 3072 in
1158 3011 1315 3091 passione
1331 3011 1442 3087 iacuit,
1459 3011 1521 3073 nisi
1537 3015 1784 3077 consurrexerit
1798 3015 1854 3095 qui

506 3108 538 3170 in
558 3120 664 3173 morte
680 3113 879 3188 dormiebat,
896 3115 1108 3176 adversarios
1125 3123 1255 3177 nostros
1280 3133 1436 3194 superare
1457 3135 1522 3176 uon
1541 3134 1728 3195 possumus.
1756 3118 1853 3198 Prop-
1874 3133 1899 3182 25

506 3221 597 3274 terea
621 3213 812 3295 Stephanus
842 3217 1007 3297 praelians
1045 3218 1204 3280 adversus
1234 3219 1380 3298 impetus
1408 3218 1609 3281 Iudaeorum
1637 3220 1729 3284 videt
1747 3223 1855 3285 lesum

508 3326 655 3379 stantem
673 3339 692 3380 a
715 3318 844 3381 dextris
870 3319 988 3384 Patris.
1005 3318 1160 3384 Stantem
1180 3320 1272 3399 vidit,
1287 3321 1365 3403 quia
1384 3343 1444 3403 pro
1460 3342 1521 3386 suo
1548 3333 1696 3405 martyre
1721 3324 1856 3388 dimica·

509 3422 576 3484 bat.
601 3422 684 3486 Nisi
708 3425 786 3506 qnia
811 3425 977 3489 Dominus
1003 3426 1194 3490 adzuvasset
1217 3447 1273 3490 me.
1300 3427 1373 3490 Nisi
1397 3428 1476 3508 quia
1494 3427 1648 3493 Christus
1665 3428 1709 3491 ab
1733 3427 1859 3491 inlerno

508 3528 663 3601 surrexit,
681 3549 754 3589 mea
771 3530 884 3592 anima
900 3532 941 3591 ari
960 3530 1082 3594 inferos
1099 3532 1338 3594 descendisset.

553 3628 598 3694 Si
609 3632 762 3709 dicebam,
777 3634 890 3696 Motus
900 3645 950 3697 est
956 3646 1014 3715 pes
1031 3656 1119 3698 mens
1131 3661 1142 3699 .·
1155 3635 1451 3699 misericordiarum
1462 3635 1602 3699 Domine
1611 3635 1794 3699 adiuvabat
1807 3657 1860 3698 me.
1878 3655 1902 3703 30

513 3736 744 3801 inbecillitatis
762 3739 929 3802 confessio
944 3741 1012 3802 cito
1030 3741 1094 3802 Dei
1108 3739 1273 3803 auxilium
1292 3750 1508 3821 promeretur,
1524 3751 1696 3823 etquanta
1709 3743 1859 3826 superbia

543 3927 603 3990 ser]
622 3943 679 3976 cnm
700 3927 720 3976 L
740 3943 770 3976 ex
790 3928 866 3977 Psalt.
883 3929 957 3977 Rom.
1059 3929 1199 3990 ddomrrer]
1209 3929 1330 3993 dampnes
1342 3929 1371 3977 L.
1473 3929 1859 3994 srusrasenrenriannna1L

512 4011 586 4064 iacile
598 4028 643 4076 pro
655 4011 808 4061 accusativo.
911 4025 941 4061 10
952 4013 1063 4077 spernet]
1075 4013 1192 4074 apperuit
1205 4013 1233 4062 L.
1339 4025 1366 4061 12
1379 4014 1408 4061 r'rr
1419 4014 1485 4074 eane]
1503 4029 1518 4061 a
1538 4029 1568 4062 ex
1588 4029 1606 4061 rr
1624 4021 1690 4078 post.
1705 4031 1818 4066 meorr.
1833 4017 1859 4065 L.

510 4095 608 4161 inquit]
619 4097 719 4158 inquid.
783 4095 908 4160 praestat]
920 4104 983 4144 alex
996 4112 1023 4142 as
1035 4110 1098 4144 corr.
1116 4095 1143 4143 L.
1216 4108 1245 4155 14
1259 4095 1333 4157 Quis]
1348 4097 1401 4157 Qui
1413 4096 1435 4145 L
1445 4096 1494 4145 hoc
1504 4096 1570 4156 loco,
1584 4096 1705 4162 deinceps
1716 4113 1776 4148 vero
1791 4101 1858 4161 Quis.

449 4237 453 4246 Ι
510 4179 586 4240 milri]
600 4179 622 4228 L
634 4178 707 4236 inira,
721 4177 762 4228 hic
774 4187 857 4228 autem
871 4195 973 4228 enerrrm.
1076 4191 1103 4242 31
1119 4195 1155 4242 sq.
1170 4186 1297 4242 quanta...
1312 4179 1396 4239 tanea]
1410 4179 1439 4239 L,
1453 4195 1499 4242 pro
1510 4185 1665 4243 quantum...
1679 4183 1802 4230 rantum?

555 4343 576 4382 r.
590 4321 643 4393 esti
657 4324 747 4386 Rom.
765 4343 789 4396 7.
812 4344 855 4396 ¹4·
1213 4321 1362 4380 sustinent
1373 4323 1388 4377 '.

552 4424 577 4465 a.
594 4396 658 4484 tren]
677 4407 722 4464 Ps.
744 4409 807 4476 118,
831 4407 872 4464 18.
1257 4421 1300 4461 rr.
1316 4398 1399 4482 serit]
1416 4403 1462 4461 Pa.
1481 4419 1508 4478 7,
1529 4405 1571 4460 16.

552 4503 575 4561 7.
588 4484 1160 4566 sustinentr'malaest]HieroninAmos
1257 4504 1299 4559 13.
1323 4479 1443 4562 cadunt]
1460 4485 1517 4542 Mt.
1537 4503 1582 4561 15,
1603 4503 1644 4558 14.

509 4590 535 4645 3,
554 4590 571 4646 3
586 4589 652 4647 sqq.
671 4569 761 4627 ‘Non
779 4589 829 4645 per
844 4588 876 4628 se
892 4571 1003 4628 malum
1020 4579 1064 4628 est
1087 4567 1159 4644 (bel-
1255 4587 1300 4625 20.
1328 4568 1450 4625 Domine
1462 4561 1487 4646 l]
1504 4567 1550 4625 Ps.
1567 4586 1615 4643 43,
1634 4586 1679 4642 ²3·

508 4650 593 4729 lum),
610 4652 664 4713 sed
679 4651 793 4712 malum
819 4649 937 4711 videtur
962 4651 1007 4710 his
1023 4669 1088 4711 esse
1108 4649 1159 4726 qui
1253 4644 1457 4728 superiores]
1476 4651 1529 4708 Mt.
1547 4649 1574 4718 8,
1592 4665 1656 4724 25.-
