4092 5502
492 457 576 567 356
873 479 901 542 s.
927 477 1180 540 nsuaouvnu
1203 473 1467 537 pensaurum

492 703 601 784 ipsum
627 719 707 765 voce
737 719 885 767 consona
908 707 1118 784 concrepant.
1147 697 1192 764 Et
1207 696 1287 782 quid
1304 695 1442 761 dicunt?
1469 694 1608 762 Osanna
1634 692 1703 759 lilio
1728 691 1844 766 David.

492 807 686 872 benedictus
701 807 757 892 qui
777 808 868 873 venit
889 807 922 872 in
939 807 1074 873 nomine
1098 803 1244 882 Domini,
1259 821 1385 867 osanna
1401 801 1434 865 in
1451 801 1601 866 excelsis.
1617 800 1696 865 Tria
1711 799 1846 865 dieunt:

494 910 632 977 Osanna
653 911 718 976 filio
737 912 857 990 David,
872 913 936 978 hoc
962 913 1005 978 ad
1025 909 1244 992 incipientes:
1269 906 1469 972 Benedictus
1484 906 1540 990 qui
1556 907 1647 970 venit
1663 906 1696 968 in
1714 904 1845 968 nomine

494 1018 642 1096 Domini,
656 1019 719 1083 hoc
737 1019 779 1083 ad
796 1017 980 1102 perfectos:
997 1017 1134 1084 Osanna
1162 1014 1195 1078 in
1212 1011 1362 1090 excelsis,
1377 1010 1440 1075 hoc
1457 1010 1499 1075 ad
1515 1018 1702 1095 regnantes.

538 1120 649 1185 Nemo
665 1140 726 1184 nos
743 1129 837 1204 putet
853 1120 999 1186 dividere
1017 1120 1185 1204 Xpistum.
1203 1117 1280 1182 Hoc
1295 1116 1384 1180 enim
1400 1114 1509 1179 solent
1522 1115 1701 1179 aestimare
1724 1113 1847 1176 calum·
1879 1128 1891 1181 5

495 1227 647 1304 uiatores,
662 1227 752 1309 quod
770 1244 830 1289 nos
851 1226 883 1290 in
903 1226 1026 1310 Xpisto
1041 1227 1125 1292 duas
1141 1244 1299 1309 personas
1324 1223 1493 1302 faciamus,
1508 1223 1609 1288 alium
1626 1222 1805 1300 hominem,
1816 1229 1847 1286 et

494 1329 596 1394 alium
613 1329 734 1394 Deum.
750 1328 822 1392 Nos
844 1330 876 1392 in
902 1329 1067 1395 Trinitate
1082 1331 1247 1395 credimus
1262 1354 1269 1395 :
1285 1348 1351 1394 non
1379 1329 1544 1394 credimus
1560 1329 1593 1391 in
1619 1327 1849 1410 quaternitate,

495 1433 578 1497 duas
595 1434 628 1496 in
647 1432 770 1516 Xpisto
786 1452 858 1495 esse
875 1453 1041 1516 personas.
1065 1433 1101 1500 Si
1118 1435 1206 1498 enim
1225 1433 1366 1519 Xpistus
1382 1433 1466 1497 duas
1482 1451 1640 1516 personas
1667 1429 1778 1509 habet,
1793 1451 1848 1514 pa-

496 1537 573 1600 riter
588 1544 622 1599 et
639 1535 753 1613 Filius,
767 1537 799 1602 id
826 1546 877 1602 est
905 1538 1055 1621 Xpistus,
1069 1539 1197 1625 duplex
1213 1547 1283 1603 est:
1299 1557 1379 1620 ergo
1391 1547 1552 1620 ¹quattuor
1577 1553 1752 1618 personae
1765 1543 1849 1598 sunt.

497 1639 568 1702 Nos
584 1659 664 1721 ergo
687 1640 852 1705 credimus
874 1642 906 1705 in
926 1641 1058 1706 Patrem
1081 1653 1115 1708 et
1132 1643 1252 1708 Filium
1270 1650 1303 1705 et
1320 1640 1480 1724 Spiritum
1506 1649 1667 1704 sanctum.
1684 1639 1738 1703 De
1755 1638 1850 1702 Patre
1870 1653 1896 1689 ¹0

497 1752 529 1804 et
546 1741 672 1825 Spiritu
689 1743 779 1808 nulla
806 1744 973 1809 dubitatio
988 1755 1038 1811 est
1053 1770 1061 1811 ι
1077 1765 1144 1810 non
1167 1747 1255 1811 enim
1283 1747 1540 1829 adsumpserunt
1556 1764 1685 1828 corpus,
1700 1763 1767 1807 non
1795 1740 1851 1806 ad·

497 1855 709 1928 sumpserunt
725 1847 870 1931 aliquam
881 1849 1052 1914 vilitatem.
1070 1851 1169 1914 Nunc
1185 1869 1263 1914 vero
1283 1850 1326 1913 de
1343 1851 1466 1933 Xpisto
1480 1848 1622 1914 dicimus
1640 1847 1715 1912 Deo
1731 1856 1852 1924 nostro,

499 1947 566 2012 filio
583 1948 646 2013 Dei
662 1959 697 2014 et
712 1949 780 2016 lilio
805 1952 960 2030 hominis,
975 1954 1017 2018 de
1033 1973 1100 2018 uno
1123 1951 1191 2017 filio
1208 1952 1282 2019 Dei.
1300 1954 1377 2036 lpse
1393 1954 1457 2018 Dei
1474 1951 1569 2031 filius,
1583 1962 1618 2019 et
1634 1950 1720 2016 filius
1747 1949 1851 2016 homi·

500 2053 558 2118 uis.
584 2051 756 2138 Quidquid
782 2075 940 2138 magnum
966 2067 1016 2123 est
1048 2057 1131 2122 refer
1146 2058 1189 2122 ad
1214 2057 1318 2122 lilium
1335 2059 1399 2122 Dei
1415 2057 1599 2141 :quidquid
1627 2075 1766 2139 parvum
1795 2063 1852 2130 est,

498 2155 582 2218 refer
597 2155 639 2218 ad
667 2155 771 2221 lilium
798 2156 942 2223 hominis
958 2183 964 2223 :
981 2172 1014 2224 et
1030 2171 1142 2227 tamen
1167 2183 1252 2226 unus
1268 2161 1354 2226 lilius
1369 2163 1435 2227 Dei
1451 2173 1510 2228 est.
1528 2162 1605 2227 Hoc
1620 2181 1687 2245 qua
1713 2161 1851 2224 necessi·
1870 2171 1896 2224 ¹5

500 2269 569 2323 tate
595 2260 775 2343 conpulsus
799 2282 872 2326 sum
889 2263 1024 2328 dicere?
1048 2265 1218 2350 Quoniam
1241 2266 1352 2331 audivi
1379 2266 1544 2350 quosdam
1571 2263 1775 2340 calumniari,
1796 2263 1851 2346 qui

501 2363 637 2427 forsitan
654 2363 779 2428 habent
795 2367 941 2432 animam
970 2369 1144 2435 arrianam.
1161 2370 1329 2456 Quoniam
1352 2379 1384 2434 et
1402 2370 1553 2433 iniuriam
1570 2367 1788 2432 humanitatis
1811 2367 1851 2430 ad

503 2466 611 2530 Deum
629 2466 748 2533 referre
771 2470 872 2550 nolui,
887 2492 953 2537 non
978 2473 1091 2538 dlvido
1108 2475 1277 2559 Xpistum.
1296 2475 1373 2556 Ipse
1387 2472 1476 2537 enim
1494 2482 1527 2536 et
1543 2472 1576 2536 in
1601 2469 1732 2534 insemo
1746 2477 1804 2546 est,
1820 2475 1852 2532 et

502 2570 535 2633 in
552 2570 644 2635 caelo
660 2581 732 2638 est:
756 2593 823 2639 uno
838 2585 939 2659 atquc
957 2578 1076 2643 eodem
1099 2588 1249 2662 tempore
1271 2589 1304 2644 et
1320 2577 1492 2643 descendit
1508 2576 1550 2641 ad
1576 2574 1707 2652 inferos,
1722 2584 1756 2640 et
1778 2591 1851 2638 cum

503 2675 631 2740 latrone
646 2675 782 2742 intravit
797 2679 830 2743 in
856 2680 1056 2764 paradisum.
1072 2682 1196 2749 Omnia
1218 2683 1384 2748 elementa
1399 2690 1491 2746 tenet
1507 2680 1541 2744 in
1568 2677 1695 2763 pugillo
1721 2696 1791 2742 suo.
1816 2675 1850 2743 Si
1869 2694 1898 2731 20

503 2786 614 2843 autem
635 2779 668 2843 in
686 2781 814 2865 pugillo
829 2783 916 2848 illius
932 2795 1011 2850 sunt
1025 2811 1032 2851 :
1047 2785 1104 2850 ubi
1121 2807 1186 2851 non
1203 2795 1263 2866 est,
1278 2786 1335 2871 qui
1351 2785 1463 2850 omnia
1479 2790 1596 2848 tenet?
1893 2779 1896 2790 '

548 2883 643 2949 Haec
668 2887 874 2954 orationibus
910 2891 1035 2969 vestris,
1062 2901 1099 2956 ut
1124 2891 1302 2974 potuimus,
1328 2891 1551 2956 disseruimus.
1578 2888 1717 2955 Osanna
1741 2895 1851 2951 autem

502 2987 613 3054 sciatis
629 3009 710 3069 esse,
724 2993 814 3075 quod
831 3013 949 3076 graece
964 2995 1105 3060 dicimus
1121 2995 1222 3060 σῶσον
1237 2991 1284 3074 δή.
1301 2994 1400 3079 Quod
1417 2993 1505 3059 enim
1523 2992 1643 3057 dicitur
1657 2991 1691 3055 in
1707 2990 1852 3056 editione

505 3099 727 3184 Septuaginta
758 3103 783 3167 ὠ
814 3101 897 3195 κύριε
929 3104 1030 3170 σῶσον
1059 3103 1098 3185 δή
1129 3105 1161 3172 in
1194 3104 1337 3170 hebraeo
1367 3105 1509 3171 habetur
1540 3121 1574 3194 κξ
1594 3105 1698 3194 spreta
1719 3105 1783 3196 nlo}
1800 3117 1856 3191 nsit,

505 3211 567 3274 hoc
582 3221 641 3288 cst,
658 3211 804 3276 Domine
820 3211 948 3278 salvum
966 3209 1016 3278 fac
1032 3214 1178 3281 obsecro.
1189 3213 1251 3282 Cui
1264 3216 1307 3281 sit
1322 3215 1426 3301 gloria
1443 3216 1475 3281 in
1492 3217 1624 3281 saecula
1640 3216 1855 3281 saeculorum.
1873 3228 1900 3280 25

507 3315 627 3379 Amen.

912 3485 992 3590 [IN
1027 3491 1181 3566 MARC
1210 3491 1280 3576 xl,
1315 3491 1452 3590 11·14.]

550 3725 598 3789 Et
613 3723 755 3788 intravit
769 3723 932 3788 Dominus
947 3725 1037 3790 Iesus
1063 3728 1102 3792 H
1103 3727 1322 3810 ierosolymam
1339 3728 1374 3792 in
1390 3729 1564 3811 ternplum:
1583 3740 1615 3793 et
1628 3727 1858 3812 circumspectis

507 3829 664 3907 cornibus,
679 3849 751 3892 cum
769 3828 836 3892 inm
857 3841 987 3911 vespera
1009 3842 1089 3895 esset
1110 3831 1198 3910 hora,
1212 3832 1316 3897 exr'vit
1331 3833 1364 3896 in
1381 3833 1577 3898 Betlranr'am
1592 3855 1664 3898 cum
1686 3831 1857 3896 detodecim.

510 3933 698 4015 Ingreditur
729 3933 896 3996 Dominus
918 3932 1188 4018 Hierosolymam
1206 3937 1238 3999 in
1256 3937 1426 4020 templum.
1456 3938 1667 4020 Ingreditur:
1694 3937 1857 4019 ingressus
1875 3953 1903 4005 30

509 4040 588 4123 quid
605 4040 711 4104 iacit?
729 4039 985 4122 Circumspectis
1001 4043 1164 4108 omnibus.
1178 4044 1368 4126 Quaerebat
1385 4045 1417 4108 in
1435 4042 1562 4125 templo
1578 4043 1790 4117 Iudaeorum,
1804 4039 1857 4102 ubi

509 4156 610 4230 caput
637 4148 741 4230 possit
780 4145 947 4223 reclinare,
970 4157 1003 4210 et
1032 4166 1096 4210 non
1129 4148 1328 4213 inveniebat.
1355 4149 1398 4212 Et
1425 4145 1673 4227 circumspectis
1697 4143 1858 4208 omnibus.

543 4347 557 4396 7
569 4335 632 4402 Nos]
643 4335 730 4400 scripsi
742 4353 748 4390 r
761 4351 810 4384 non
822 4351 850 4402 χ.
865 4333 904 4384 Cl.
920 4333 1011 4393 Morel,
1022 4335 1070 4383 col.
1084 4334 1146 4395 1084
1158 4351 1194 4399 sq.
1296 4335 1427 4399 Spars'ter]
1438 4332 1526 4398 scripsi
1538 4348 1568 4382 ex
1580 4331 1723 4381 coniectura
1734 4349 1740 4390 ;
1748 4337 1822 4394 parer
1832 4345 1857 4397 χ.

511 4431 541 4467 22
556 4415 670 4477 Osanna]
684 4417 854 4466 Herdoni-na
866 4431 894 4484 χ.
995 4427 1027 4476 24
1039 4417 1106 4489 ⁸33]
1119 4416 1205 4480 scripsi
1217 4435 1224 4476 ;
1236 4433 1285 4466 om.
1301 4433 1328 4484 χ.
1343 4445 1374 4453 -
1388 4415 1494 4465 llieron.
1508 4431 1548 4480 ep.
1569 4427 1609 4474 20,
1622 4429 1648 4462 n.
1663 4426 1677 4476 3
1697 4411 1743 4462 ‘in
1755 4413 1861 4462 hebraeo

510 4499 601 4564 legitur
612 4511 693 4549 suns
705 4511 814 4548 suorum
828 4509 953 4548 osmuns
967 4495 980 4546 '.
1083 4509 1113 4559 ²7
1125 4499 1241 4548 Homr'lr'a
1251 4499 1393 4547 duodecima
1404 4513 1431 4564 χ.
1534 4509 1564 4560 32
1571 4495 1660 4560 pessit]
1672 4495 1706 4544 ira
1719 4510 1748 4562 χ.

554 4685 568 4722 e
574 4683 599 4742 5.
612 4661 732 4805 obsprrn]
758 4663 803 4724 Cl.
820 4681 865 4742 ep.
893 4683 929 4721 2ο
945 4662 983 4722 ad
1000 4663 1182 4742 Damasum
1206 4684 1316 4726 comm.
1333 4663 1362 4725 in
1379 4663 1486 4726 Matth.
1505 4683 1550 4735 21,
1564 4683 1582 4740 9
1596 4685 1603 4736 ;
1627 4659 1860 4723 commentariol.

511 4766 551 4828 ps.
574 4765 626 4826 ¹¹7
644 4765 698 4808 ec.
