4202 5492
473 389 529 472 80
853 419 882 478 s.
906 419 1159 482 martenum
1182 417 1446 480 pensaurum

474 634 592 699 misisti
607 643 783 713 oratorem,
800 657 866 701 non
885 637 1003 701 misisti
1019 635 1256 719 philosophum
1272 660 1280 701 :
1296 637 1412 701 misisti
1426 639 1597 704 hominem
1615 627 1829 718 rusticanum,

472 737 642 802 homiuem
659 739 867 821 piscatorem.
887 740 956 805 Iste
972 740 1125 823 piscator,
1140 741 1203 804 iste
1220 740 1408 804 rusticanus
1434 743 1477 804 de
1502 741 1739 827 Hierosolyma
1755 768 1827 829 per-

473 843 560 905 rexit
577 843 720 906 Romam
737 854 793 907 :et
810 845 995 908 rusticanus
1010 845 1098 926 cepit
1122 845 1276 920 Romam,
1289 864 1388 925 quam
1406 844 1601 928 eloquentes
1617 869 1736 932 capere
1760 872 1825 915 non

475 956 662 1028 potuerunt.
680 947 824 1024 Rursum
851 949 910 1011 ivit
937 947 1056 1011 Paulus
1084 946 1264 1031 apostolus,
1281 948 1323 1011 de
1353 949 1596 1033 Hierosolymis
1622 954 1826 1035 praedicavit

475 1070 578 1132 usque
596 1050 777 1133 illyricum,
792 1063 824 1115 et
842 1053 1046 1135 praedicavit
1062 1052 1118 1115 ubi
1136 1072 1200 1115 non
1219 1061 1289 1116 erat
1305 1046 1534 1136 praedicatum
1549 1056 1769 1138 evangelium,
1785 1079 1826 1121 ne
1862 1083 1876 1137 5

474 1161 573 1237 super
588 1153 733 1218 alienum
759 1154 1015 1221 fundamentum
1040 1164 1179 1240 poneret
1205 1154 1401 1220 aedificium.
1421 1156 1553 1222 Deinde
1573 1159 1760 1243 dicitquod
1785 1163 1826 1224 de

475 1259 554 1323 urbe
572 1259 682 1322 Roma
710 1258 782 1324 ierit
813 1262 856 1325 ad
886 1260 1096 1344 Hispaniam.
1112 1257 1234 1324 Videt'e
1260 1260 1399 1324 Paulum
1425 1271 1680 1343 persecutorem,
1706 1266 1761 1348 qui
1792 1266 1825 1329 in

478 1365 601 1428 iudaea
621 1362 726 1432 suerat
742 1374 942 1451 persecutor,
958 1364 1175 1448 praedicatio
1193 1363 1356 1447 gentibus.
1374 1365 1443 1430 Ubi
1467 1376 1545 1430 sunt
1561 1368 1616 1451 qui
1633 1371 1827 1451 praedicant

474 1469 709 1535 Alexandrum
736 1483 895 1554 magnum
923 1468 1143 1534 Macedonem
1171 1469 1415 1549 imperatorem,
1438 1472 1527 1554 quod
1554 1471 1586 1535 in
1603 1471 1695 1536 brevi
1719 1475 1827 1556 spatio

474 1574 587 1638 vicerit
604 1581 714 1638 tantas
736 1578 879 1658 gentes?
899 1573 1029 1637 Habuit
1053 1573 1247 1650 exercitum,
1262 1572 1379 1636 habuit
1405 1584 1438 1638 et
1464 1576 1616 1658 ingentes
1633 1577 1772 1643 turbas:
1794 1589 1828 1643 et
1849 1593 1884 1646 ιοΙ

475 1700 541 1743 non
570 1678 786 1762 talealiquid
813 1679 931 1762 potuit,
947 1678 1004 1741 sed
1023 1677 1190 1740 modicum
1208 1675 1378 1760 quiddam.
1399 1678 1466 1742 lste
1482 1700 1560 1743 vero
1578 1680 1710 1760 Paulus,
1725 1703 1826 1765 quon·

474 1786 551 1849 dam
569 1792 768 1866 persecutor,
791 1783 846 1866 qui
873 1782 1006 1846 dicebat
1021 1787 1028 1813 ‘
1046 1781 1119 1845 Etsi
1151 1782 1310 1863 inperitus
1332 1801 1493 1859 sermone,
1511 1803 1577 1848 non
1595 1793 1707 1849 tamen
1724 1787 1826 1850 scien-

474 1889 520 1951 tia
532 1888 550 1965 ',
564 1887 623 1970 qui
650 1887 864 1950 soloecismos
880 1886 960 1950 iacit
983 1887 1015 1949 in
1047 1885 1224 1968 loquendo,
1250 1905 1381 1949 crucem
1406 1885 1519 1969 Xpisti
1543 1898 1664 1969 portat,
1677 1901 1710 1954 et
1735 1873 1828 1972 quasi

476 1992 687 2075 triumphans
712 2011 829 2056 omnes
855 1991 954 2072 capit.
970 1989 1096 2054 Totum
1113 1989 1228 2053 orbem
1254 1989 1386 2072 subegit
1410 1990 1454 2054 ab
1469 2009 1596 2055 oceano
1612 2013 1717 2077 usque
1740 2013 1829 2058 mare

478 2098 640 2165 Rubrum.
1245 2141 1248 2152 ·
1851 2131 1880 2184 ¹5

417 2199 424 2218 ⁰
521 2205 621 2267 Dicat
637 2202 780 2285 aliquis:
799 2202 874 2265 H'oc
891 2209 999 2265 totum
1017 2199 1097 2262 lucri
1113 2199 1214 2262 causa
1229 2198 1384 2262 lecerunt.
1400 2201 1473 2262 Hoc
1484 2199 1573 2262 enim
1587 2200 1668 2264 dicit
1682 2201 1828 2285 Porphy-

477 2311 566 2374 rius:
586 2306 751 2370 Homines
768 2305 924 2370 rusticani
951 2314 985 2367 et
1011 2323 1183 2386 pauperes,
1198 2302 1356 2386 quoniam
1384 2304 1463 2367 nihil
1489 2304 1666 2382 habebant,
1693 2307 1829 2388 magicis

476 2411 605 2478 artibus
635 2411 763 2492 operati
794 2417 872 2472 sunt
901 2407 1067 2491 quaedam
1095 2406 1200 2489 signa.
1232 2407 1308 2470 Non
1341 2417 1391 2470 est
1421 2418 1533 2472 autem
1564 2418 1677 2472 autem
1703 2411 1829 2491 grande

476 2517 584 2581 iacere
606 2514 711 2596 signa.
737 2512 826 2576 Nam
852 2513 999 2576 iecerunt
1022 2512 1129 2593 signa.
1145 2521 1179 2574 et
1195 2511 1226 2573 in
1246 2511 1405 2594 Aegypto
1429 2510 1517 2590 magi
1537 2517 1653 2573 contra
1678 2508 1827 2594 Moysen.

477 2622 570 2686 Fecit
595 2628 629 2682 et
659 2617 870 2700 Apollonius,
900 2613 977 2677 lecit
1015 2625 1048 2678 et
1086 2612 1276 2694 Apuleius:
1307 2625 1341 2677 et
1376 2614 1505 2678 infinita
1543 2615 1639 2696 signa
1672 2611 1828 2680 iecerunt.
1849 2646 1881 2682 20

475 2726 633 2792 Concedo
671 2721 740 2800 tibi,
772 2719 944 2803 Porphyri,
974 2718 1113 2800 magicis
1142 2718 1269 2781 artibus
1294 2718 1389 2800 signa
1426 2717 1584 2796 fecerunt,
1622 2729 1659 2783 ut
1695 2720 1827 2785 divitias

477 2830 666 2913 acciperent
693 2847 712 2890 a
738 2825 899 2889 divitibus
924 2821 1135 2899 mulierculis,
1149 2841 1233 2905 quas
1250 2823 1452 2888 induxerant
1467 2849 1475 2888 ι
1489 2825 1553 2888 hoc
1581 2825 1669 2888 enim
1685 2834 1721 2888 tu
1738 2825 1829 2888 dicis.

478 2934 590 3018 Quare
612 2930 733 2996 mortui
760 2935 863 2993 sunt?
886 2943 987 3012 quare
1011 2924 1161 2991 crucifixi
1188 2931 1292 2990 sunt?
1321 2928 1483 2992 Fecerunt
1508 2928 1621 2993 etalii
1646 2931 1740 3012 signa
1760 2949 1829 2992 ma-

474 3039 556 3122 gicis
586 3036 734 3101 artibus:
758 3036 816 3099 sed
848 3053 908 3116 pro
935 3033 1069 3096 homine
1106 3039 1238 3094 mortuo
1259 3051 1325 3095 non
1351 3042 1429 3096 sunt
1456 3035 1586 3110 mortui,
1611 3053 1672 3116 pro
1692 3033 1829 3096 homine

474 3140 642 3206 crucifixo.
659 3139 777 3204 Sciunt
800 3138 854 3201 isti
870 3136 1039 3201 hominem
1066 3155 1137 3198 esse
1163 3145 1340 3212 mortuum,
1356 3145 1389 3200 et
1415 3137 1600 3201 moriuntur
1625 3138 1696 3201 sine
1721 3157 1827 3200 causa.
1848 3166 1878 3218 25

476 3247 573 3310 Felix
590 3265 670 3328 ergo
687 3252 800 3308 nostra
827 3241 972 3317 victoria,
987 3260 1073 3324 quae
1100 3240 1316 3322 insanguine
1338 3241 1566 3322 apostolorum
1592 3243 1746 3306 dedicata
1770 3252 1827 3305 est.

477 3351 575 3415 Fides
592 3358 705 3413 nostra
729 3369 794 3410 uon
808 3348 976 3430 probatur,
986 3345 1048 3408 nisi
1061 3364 1118 3428 per
1132 3345 1262 3407 illorum
1276 3345 1484 3427 sanguinem.
1497 3345 1739 3410 Benedicamus
1749 3368 1828 3430 ergo

477 3455 600 3530 Deum,
614 3453 667 3516 cui
683 3461 733 3516 est
749 3451 855 3533 gloria
867 3452 899 3512 in
916 3449 1048 3512 saecula
1064 3447 1280 3512 saeculorum.
1296 3447 1417 3515 Amen.

506 3656 520 3707 7
533 3643 607 3704 ierit]
620 3643 663 3692 AS
676 3659 682 3699 ς
702 3643 749 3690 iret
762 3637 795 3708 β;
813 3640 899 3688 r'tnrns
909 3637 943 3684 su
954 3635 1017 3694 GP;
1035 3635 1132 3683 miserit
1144 3634 1174 3683 C.
1248 3635 1413 3700 Hispmn'am]
1425 3637 1548 3700 Spaniam
1560 3636 1593 3696 G,
1606 3638 1650 3702 qui
1661 3639 1762 3704 insuper
1772 3656 1828 3690 cum

474 3731 491 3780 S
503 3727 592 3778 addit:
605 3732 629 3774 el
639 3726 663 3774 n'
674 3739 723 3773 non
735 3729 841 3788 corpore,
853 3719 967 3768 doctrina
973 3718 1099 3781 pervenit.
1175 3729 1191 3777 9
1204 3717 1371 3778 illuccdonern]
1383 3719 1403 3767 C
1407 3719 1445 3768 RS
1456 3736 1464 3778 ;
1481 3719 1657 3768 Machaonem
1669 3720 1718 3770 AG
1729 3740 1736 3781 ;
1749 3721 1829 3770 Mace-

472 3813 564 3860 donum
579 3808 602 3876 β,
709 3819 734 3856 11
749 3799 1085 3870 quondatn]qnonrmeG.
1189 3799 1377 3862 raprrsccntor]
1390 3799 1454 3866 liCG
1467 3801 1526 3850 add.
1532 3800 1599 3864 suit.
1695 3803 1829 3867 inperitus]

474 3893 511 3963 βΡ
532 3909 586 3957 sup.
601 3890 644 3940 lin.
659 3889 718 3939 edd.
740 3903 806 3936 snrn.
910 3896 939 3942 ¹4
956 3881 1064 3944 subegit]
1083 3879 1172 3929 subr'cr't
1190 3882 1245 3931 AC.
1351 3882 1438 3947 usque]
1450 3883 1567 3947 usquein
1579 3881 1635 3948 βΡ;
1653 3900 1731 3948 usque
1749 3885 1784 3933 od
1801 3887 1826 3936 S.

475 3990 507 4026 20
519 3973 654 4040 Apuleius]
665 3971 799 4036 Apnllrr'us
812 3970 829 4019 S
842 3986 849 4028 ;
861 3966 947 4030 Apelle
959 3965 1013 4013 eins
1022 3964 1055 4013 G.
1122 3971 1146 4011 el
1157 3962 1273 4028 infinita]
1287 3963 1321 4032 βὸ
1334 3981 1384 4014 om.
1394 3973 1434 4024 ct;
1452 3965 1553 4030 infiniti
1565 3964 1590 4033 β.
1658 3978 1689 4031 25
1701 3967 1829 4033 crucifixo]

475 4059 512 4128 pt>
524 4071 540 4108 2
553 4074 585 4107 m.
600 4057 659 4105 add.
674 4069 724 4103 non
735 4057 797 4102 sunt
806 4050 932 4115 crucifici.
1035 4045 1329 4111 28cuiesrgnria10m.
1343 4048 1397 4098 GP.

514 4216 540 4273 6.
556 4203 728 4288 aedifin'nm]
745 4207 833 4268 Rom.
852 4225 896 4285 15,
915 4227 961 4266 20.
1175 4202 1825 4282 liumdeHierosolymisusqueadIllyricum,

516 4314 540 4371 7.
558 4285 752 4368 Hispaniam]
766 4285 842 4350 lbid.
861 4311 906 4362 24.
923 4292 969 4348 28.
1175 4296 1204 4346 et
1219 4284 1389 4347 aedificaret
1412 4306 1472 4346 non
1488 4305 1576 4364 super
1590 4285 1711 4347 alterius
1726 4289 1828 4348 lunda·

518 4397 559 4434 12.
576 4369 706 4451 scientia]
721 4391 735 4429 a
753 4371 821 4431 Cor.
842 4393 885 4446 ιι,
902 4373 929 4429 6.
1176 4377 1319 4440 mentum,
1335 4366 1387 4428 ubi
1412 4368 1470 4429 iam
1496 4371 1590 4429 iuerat
1614 4367 1826 4444 praedicatum,

515 4478 558 4531 14.
583 4457 620 4515 ab
638 4473 736 4514 oceano
765 4471 850 4531 usqne
871 4473 952 4511 num
970 4447 1120 4530 Rubrum]
1174 4451 1228 4510 sed
1250 4467 1345 4526 usque
1366 4452 1405 4510 ad
1421 4450 1584 4528 Hispanias
1605 4451 1750 4524 tenderet,
1766 4462 1827 4513 eta

474 4539 598 4600 Hieron.
629 4537 659 4597 in
689 4537 783 4594 Amos
812 4553 838 4613 5,
869 4539 887 4594 8
912 4553 956 4610 sq.
978 4537 986 4566 ⁸
1011 4535 1122 4592 Paulus
1174 4532 1246 4591 mari
1263 4531 1376 4602 Rubro,
1390 4533 1483 4592 immo
1498 4533 1535 4593 ab
1549 4551 1665 4593 oceano
1680 4537 1825 4610 usquead

470 4622 660 4698 apostolus...
692 4617 803 4677 effusus
827 4629 871 4677 est
900 4635 988 4694 super
1015 4614 1122 4674 taciem
1174 4632 1320 4674 oceanum
1335 4616 1556 4676 curreret'etc.

471 4704 625 4765 universae
640 4714 744 4771 terrae,
756 4709 788 4758 ut
803 4698 986 4777 praedicaret
1000 4713 1122 4773 evange·
