4060 5498
500 386 576 468 108
860 403 888 460 s.
921 403 1175 462 Hmaouvmr
1207 405 1474 464 vassavrmtt

495 602 625 685 Quibus
654 601 753 666 dictis
779 603 918 665 docetur
944 603 1120 684 cupiditati
1151 623 1232 667 suae
1263 605 1400 668 modurn
1439 627 1571 686 ponere,
1598 616 1631 671 et
1665 607 1846 688 fragilitatis

494 708 647 791 propriae
671 726 769 770 nosse
791 725 991 770 mensuram.
1018 706 1084 770 Sed
1102 717 1135 769 et
1156 707 1322 771 lohannes
1338 709 1463 773 clamat
1478 735 1485 774 :
1502 717 1508 742 ‘
1526 711 1637 774 Deum
1657 731 1758 775 nemo
1773 712 1848 774 vidit

495 830 676 892 umquam;
705 810 909 891 Unigenitus
926 810 1029 886 Deus,
1048 811 1104 891 qui
1124 819 1175 873 est
1191 811 1223 873 in
1242 811 1316 874 sinu
1336 813 1451 890 Patris,
1473 815 1544 896 ipse
1560 814 1736 879 narravit'
1754 815 1848 880 Cuius

495 915 683 978 sententiae
709 913 861 976 definitio
891 934 956 978 non
983 913 1137 977 homines
1163 924 1304 991 tantum,
1321 918 1379 978 sed
1397 936 1515 980 omnes
1532 918 1748 982 rationabiles
1768 939 1847 982 crea·

495 1029 587 1083 turas
603 1027 637 1082 et
663 1019 820 1101 quicquid
850 1028 946 1081 extra
971 1017 1081 1081 Deum
1107 1029 1156 1081 est
1177 1020 1276 1082 docet
1303 1020 1413 1083 Deum
1430 1022 1543 1084 videre
1559 1041 1626 1084 non
1644 1043 1743 1104 posse
1759 1025 1848 1085 iuxta
1883 1045 1896 1096 5

496 1125 529 1186 id
555 1124 646 1206 quod
674 1123 776 1197 Deus,
801 1123 859 1185 sed
888 1123 984 1194 iuxta
1009 1122 1039 1184 id
1069 1124 1158 1205 quod
1182 1142 1219 1184 se
1239 1125 1400 1187 creaturis
1416 1125 1485 1187 suis
1501 1126 1682 1206 dignanter
1697 1127 1848 1190 ostendit.

497 1227 592 1310 Quas
617 1228 662 1291 ob
687 1247 805 1290 causas
832 1236 866 1289 et
891 1236 1026 1290 sanctus
1044 1225 1167 1289 Paulus
1183 1228 1229 1289 ait
1247 1250 1254 1289 ε
1270 1227 1376 1309 ‘Regi
1393 1238 1505 1292 autem
1524 1230 1731 1293 saeculorum
1750 1231 1847 1294 incor-

497 1332 646 1414 ruptibili
671 1330 830 1395 invisibili
854 1330 918 1394 soli
943 1331 1018 1394 Deo
1042 1331 1150 1394 honor
1173 1340 1206 1393 et
1227 1331 1367 1412 gloria'
1392 1331 1539 1414 Quando
1555 1334 1636 1396 dicit
1652 1334 1848 1397 invisibilem

497 1438 620 1514 Deum,
636 1456 703 1499 non
732 1435 807 1498 aliis
831 1435 1000 1498 visibilem
1025 1444 1058 1497 et
1082 1435 1156 1498 aliis
1181 1435 1382 1499 invisibilem
1407 1455 1480 1498 esse
1496 1437 1682 1519 significat:
1698 1439 1847 1520 quicquid

497 1543 586 1604 enirn
603 1540 770 1603 invisibile
787 1547 846 1615 est,
862 1559 881 1601 a
899 1538 992 1601 nullo
1008 1539 1122 1616 videri,
1135 1541 1193 1602 sed
1211 1539 1380 1602 invisibile
1392 1550 1443 1602 est
1455 1540 1621 1619 omnibus,
1633 1551 1670 1604 ut
1682 1542 1849 1604 invisibilis
1871 1565 1899 1600 10

498 1645 563 1708 Dei
581 1652 700 1707 natura
715 1652 871 1708 servetur.
889 1643 951 1708 Cui
968 1645 1079 1707 sensui
1093 1653 1126 1708 et
1139 1642 1221 1706 illud
1234 1644 1467 1706 testimonium
1480 1646 1633 1726 congruit
1650 1651 1673 1707 :‘
1688 1645 1754 1726 Qui
1767 1646 1851 1708 solus

498 1748 600 1811 habet
631 1747 919 1822 inmortalitatem,
944 1757 978 1810 et
1006 1746 1114 1810 lucem
1142 1747 1275 1810 habitat
1303 1748 1593 1825 inaccessibilem
1620 1768 1720 1831 quem
1747 1749 1851 1811 nullus

498 1852 675 1915 hominum
694 1852 778 1914 vidit
795 1870 966 1932 umquam,
983 1871 1043 1913 nec
1060 1851 1174 1913 videre
1190 1859 1303 1933 potest
1316 1851 1333 1915 ¹.
1349 1851 1500 1915 Verbum
1528 1851 1759 1915 inaccessibile
1783 1850 1817 1932 [...
1829 1849 1850 1932 .]

501 1955 593 2036 Ergo
609 1953 774 2037 Seraphin
792 1973 887 2016 suam
904 1954 1101 2036 operiebant
1119 1953 1248 2030 faciem,
1264 1975 1331 2018 non
1358 1954 1446 2020 Dei:
1470 1956 1549 2037 quia
1578 1955 1670 2018 nulla
1696 1965 1854 2029 creatura,

500 2062 570 2122 sive
595 2059 775 2122 visibilium
801 2057 870 2120 sive
886 2057 1116 2135 invisibilium,
1131 2057 1280 2121 divinam
1298 2067 1411 2139 potest
1426 2059 1711 2140 comprehendere
1729 2057 1852 2140 magni·
1874 2081 1899 2132 ις

500 2165 663 2227 tudinem.

545 2267 585 2329 In
603 2265 885 2348 consequentibus
902 2285 1035 2347 quoque
1052 2285 1117 2328 non
1135 2265 1216 2328 utile
1239 2266 1385 2329 adserit:
1411 2268 1508 2330 ‘Duo
1537 2264 1701 2347 Seraphin
1731 2265 1854 2346 operie-

501 2372 583 2434 bant
600 2370 664 2433 Dei
682 2371 793 2452 pedes.
806 2369 812 2394 ¹
826 2368 861 2432 Si
875 2370 963 2432 enim
978 2369 1097 2432 faciem
1111 2370 1198 2432 illius
1210 2380 1244 2433 et
1257 2370 1360 2452 pedes
1375 2371 1542 2452 Seraphin
1555 2370 1721 2451 operiunt,
1732 2369 1855 2434 maiora

536 2559 565 2595 ιο
575 2543 668 2604 uideri]
680 2561 696 2595 α
707 2545 773 2595 inter
784 2545 889 2596 uncinos
900 2546 983 2611 suppl.
997 2552 1082 2610 potest.
1187 2559 1212 2595 tt
1229 2547 1282 2595 Cui
1290 2548 1386 2607 sensus]
1398 2563 1414 2596 α
1424 2564 1432 2606 ;
1444 2547 1486 2594 cui
1495 2561 1571 2594 sensu
1580 2545 1611 2596 C.
1715 2558 1743 2594 12
1752 2543 1856 2605 dalilae]

499 2630 580 2678 abital
596 2629 624 2680 C.
729 2642 757 2692 13
780 2629 886 2677 Verbum
903 2627 1111 2690 inaccessibile...]
1134 2629 1227 2693 Aliqua
1244 2629 1285 2678 hic
1296 2629 1433 2679 desiderari
1445 2629 1565 2694 suspicor,
1582 2628 1618 2678 uri
1632 2627 1745 2692 prolecto
1757 2629 1855 2678 deside·

500 2720 587 2762 rantur
599 2711 672 2772 inira,
685 2711 728 2762 ubi
742 2712 791 2760 ‘de
802 2711 966 2761 tabernaculo
978 2711 1003 2760 in
1016 2719 1042 2774 ty
1045 2749 1104 2761 ......
1119 2711 1213 2760 iactum
1225 2720 1278 2760 erat
1288 2709 1302 2760 ’.

544 2866 570 2922 3.
597 2841 750 2924 narravit]
778 2847 821 2904 Io.
853 2865 876 2917 r,
912 2847 954 2903 18.
980 2845 1154 2919 Utrumque
1206 2845 1251 2906 Cf.
1272 2843 1398 2904 Hieron.
1416 2863 1462 2919 ep.
1483 2847 1529 2913 18,
1547 2863 1574 2902 n.
1594 2859 1651 2918 17:
1682 2841 1856 2919 ‘Siquidem

502 2929 603 2988 locum
619 2927 649 2985 in
665 2925 893 2987 Commentario
907 2945 1031 3003 quoque
1058 2927 1154 2986 isaiae
1206 2925 1269 3004 ipse
1285 2929 1366 2985 Deus
1379 2925 1535 2984 invisibilis
1545 2937 1574 2984 et
1586 2924 1858 2999 incurruptibilis...'

504 3012 531 3082 6,
561 3029 572 3065 1
601 3009 734 3066 adlatum
762 3017 845 3066 notat
875 3007 1031 3068 Ameilius.
1063 3007 1155 3082 Quod
1252 3027 1294 3083 13.
1304 3004 1413 3086 potest]
1433 3027 1443 3063 r
1461 3006 1539 3065 Tim.
1564 3006 1858 3078 6‚16.Reierendus

504 3091 583 3150 idem
600 3088 710 3148 accidit
734 3088 763 3146 in
781 3089 911 3165 Dialogo
934 3091 1153 3165 contraPelag.
1207 3087 1326 3148 animus
1350 3091 1388 3147 ad
1417 3087 1533 3165 Dialog.
1560 3107 1584 3146 c.
1616 3088 1713 3163 Pelag.
1743 3087 1803 3158 ΙΙΙ,
1825 3107 1856 3144 12

505 3173 565 3241 ΙΙΙ,
584 3191 618 3228 12
634 3193 640 3229 :
654 3174 661 3201 ‘
673 3169 767 3229 Audit
791 3168 943 3247 (Moyses)
968 3190 985 3228 a
1012 3170 1154 3242 Domino,
1208 3170 1258 3229 ubi
1275 3170 1351 3231 inter
1365 3169 1503 3245 exempla
1515 3189 1551 3228 ex
1562 3169 1670 3230 Exodo
1681 3181 1712 3228 et
1723 3169 1858 3228 Iohanne

505 3251 1155 3327 slbnpotesvr‘deresaer'emmeam,monentia
1207 3251 1344 3328 superius
1368 3250 1427 3309 iam
1453 3250 1585 3310 exhibita
1609 3251 1668 3308 hoc
1693 3269 1817 3326 quoque
1831 3253 1857 3308 S.

504 3333 612 3392 vaiebit
624 3334 706 3390 homo
717 3331 819 3402 faciem
835 3353 935 3404 meam,
949 3341 977 3391 et
989 3334 1100 3392 vr'vet...
1117 3334 1155 3391 Et
1208 3336 1295 3392 Pater
1308 3345 1526 3392 commemorat
1540 3354 1547 3391 ε
1571 3331 1683 3391 ‘Unde
1698 3342 1728 3391 et
1742 3343 1859 3409 aposto

506 3415 658 3474 lohannes
679 3413 860 3488 evangelista
881 3433 963 3473 sacra
979 3433 1053 3475 voce
1067 3426 1156 3475 testa·
1207 3416 1253 3474 lus
1277 3413 1457 3474 invisibilem
1483 3413 1582 3472 solum
1614 3413 1724 3484 Deum,
1750 3415 1803 3490 qui
1832 3423 1859 3472 et

505 3509 560 3567 tur,
577 3496 691 3567 dicens,
708 3495 806 3553 Deum
821 3514 901 3554 nemo
914 3497 991 3555 vidi!
1003 3516 1156 3572 uinquam,¹
1207 3499 1306 3556 lucem
1323 3494 1439 3556 habitat
1455 3492 1708 3565 inaccessibilem,
1723 3507 1753 3554 et
1769 3513 1858 3572 quem

511 3579 684 3653 Unrgcnr'tus
698 3579 794 3636 lulius
808 3579 912 3652 quiesi
924 3580 955 3636 r'n
969 3579 1037 3636 sinu
1052 3581 1156 3638 Patris
1207 3579 1308 3637 nullus
1333 3577 1490 3636 hominurn
1514 3575 1630 3648 viderit,
1647 3594 1745 3652 neque
1768 3575 1859 3654 possit

504 3663 562 3738 ipse
576 3660 741 3720 narrauit&
757 3659 848 3734 Quod
865 3670 965 3718 autem
982 3660 1030 3718 hic
1050 3659 1155 3736 legitur
1206 3660 1318 3730 videre,
1335 3659 1496 3736 appellat.’

511 3743 685 3817 Unigenilus
695 3743 787 3814 Deus,
800 3758 861 3798 non
873 3739 978 3811 Mlius,
989 3739 1019 3800 id
1030 3741 1154 3816 quidem
1251 3761 1293 3814 14.
1307 3760 1365 3799 noe
1377 3736 1449 3820 Der]
1460 3739 1552 3814 Quod
1563 3757 1644 3798 nunc
1655 3737 1749 3798 nimio
1760 3739 1860 3799 studio

505 3823 629 3883 minime
645 3823 876 3899 neglegendum,
891 3821 1064 3899 praesertim
1085 3841 1153 3880 cum
1207 3822 1378 3882 concitatus
1403 3822 1548 3879 infitiatur
1571 3832 1682 3893 orator,
1697 3840 1780 3880 anno
1806 3823 1856 3896 38¹

505 3905 643 3964 absolute
678 3905 786 3963 dixerit
821 3902 1044 3963 recentissimus
1077 3905 1156 3964 Novi
1209 3903 1238 3964 in
1251 3923 1297 3979 ep.
1326 3903 1455 3962 18haud
1470 3913 1649 3961 cunctanter
1664 3903 1860 3978 probaverat;

506 3985 694 4047 Testamenti
723 3983 805 4045 latini
835 3984 933 4044 editor
964 3986 1007 4043 lo.
1039 3986 1157 4045 Words·
1210 3985 1343 4062 itemque
1368 4002 1449 4043 anno
1475 4003 1532 4059 39²
1550 3982 1579 4041 in
1595 3985 1767 4044 Comment
1787 3985 1860 4045 Aba·

506 4069 607 4139 worth,
626 4087 651 4142 p.
676 4085 745 4144 509,
761 4067 946 4142 ‘unr‘gem'lus
968 4067 1051 4124 Deus
1076 4067 1157 4143 apud
1209 4087 1266 4126 cuc
1277 4086 1323 4143 3,1
1335 4077 1437 4143 aperte
1446 4064 1672 4124 describit‘duo
1684 4065 1858 4140 Seraphin...

508 4149 631 4209 Latinos
653 4165 808 4217 uusousiu
830 4167 972 4224 apparere
998 4147 1054 4207 nisi
1075 4151 1157 4224 apud
1210 4149 1239 4207 in
1257 4149 1334 4208 Isaia
1348 4147 1478 4207 velantia
1492 4159 1582 4223 caput
1597 4156 1627 4206 et
1642 4147 1736 4224 pedes
1761 4147 1860 4208 Domi-

507 4234 586 4292 Iren.
604 4251 630 4307 p.
650 4251 664 4288 2
670 4233 707 4307 56
720 4233 735 4288 ⁹.
753 4232 789 4289 ln
804 4229 916 4306 graecis
930 4248 999 4289 vero
1010 4235 1158 4310 exempla·
1210 4231 1240 4288 ni
1250 4233 1264 4290 ’.
1284 4233 1416 4290 Demum
1431 4246 1478 4287 an.
1491 4228 1560 4286 circ.
1573 4247 1633 4300 4¹0
1646 4227 1675 4288 in
1687 4229 1859 4291 Comment.

507 4314 587 4373 ribus
616 4311 769 4388 praedicta
798 4309 888 4371 lectio
923 4321 1036 4371 tantam
1067 4313 1157 4373 habet
1211 4309 1577 4382 Isaiae6,2animoiam
1596 4309 1733 4385 aequiori
1756 4324 1859 4370 utram·

506 4393 722 4465 auctoritatem,
738 4405 768 4452 ut
780 4411 846 4453 earn
859 4392 889 4451 in
902 4403 1015 4453 textum
1026 4393 1158 4472 recipere
1210 4413 1270 4470 que
1299 4391 1578 4470 interpretationem
1610 4391 1708 4450 ‘iuxta
1740 4391 1859 4453 hebraei

507 4480 652 4536 Westcott
668 4486 697 4535 et
715 4477 794 4534 Hort
810 4494 871 4534 non
887 4474 1099 4536 dubitaverint.
1211 4475 1356 4534 sermonis
1371 4473 1615 4550 ambiguitatem'
1630 4471 1754 4533 admitti
1777 4493 1859 4551 posse

550 4577 573 4630 7.
609 4557 823 4634 r'ncorruptibr'lr'
856 4553 1012 4636 invr'sr'br'lr']
1039 4577 1049 4615 r
1076 4557 1155 4616 Tim.
1210 4557 1366 4616 concedet.

511 4659 534 4712 Ι,
562 4657 594 4714 ¹7
612 4639 682 4700 item
707 4659 743 4699 ex
767 4657 877 4716 graeco
899 4639 1026 4713 ἀφθάρτῳ
1039 4640 1155 4711 depicto.
