4062 5504
471 403 879 465 EXPOSITIUNCULAE
903 405 947 463 1u
972 405 1269 466 uvnnoumun.
1481 388 1555 494 137

809 619 886 668 cAl’.
911 619 956 668 Vl.

239 727 329 790 Esto
354 726 511 808 benignus
537 724 729 789 adversario
753 735 807 788 tuo
832 727 903 802 cito,
917 727 998 788 dum
1023 747 1056 789 es
1079 748 1151 790 cum
1180 726 1235 789 illo
1259 725 1294 787 in
1322 725 1388 801 oia,
1405 745 1444 786 ne
1466 724 1558 803 forte

191 829 414 894 adversarius
430 828 542 891 tradat
558 838 588 890 te
603 827 714 902 iudici,
730 838 761 890 rt
775 829 874 891 iader
888 829 1061 906 ministris,
1076 839 1107 894 et
1123 831 1157 893 in
1172 850 1295 893 carcere
1315 828 1464 892 mittaris

718 960 1034 1014 INTERPRETATIO.

157 1102 172 1152 5
240 1073 468 1138 Adversarius
495 1070 586 1152 quod
613 1071 706 1148 dicit,
731 1068 934 1134 exteriorem
974 1071 1141 1134 hominem
1170 1071 1389 1147 demonstrat,
1416 1072 1480 1134 hoc
1508 1081 1559 1134 est

192 1179 380 1254 carnalem,
401 1195 477 1239 cum
507 1194 575 1257 quo
600 1176 661 1237 iter
689 1173 829 1238 latinius
866 1174 931 1237 Via
957 1173 1069 1239 autem
1096 1176 1275 1238 transitum
1310 1174 1434 1238 saeculi
1461 1174 1559 1237 huius

192 1285 421 1346 demonstrat.
440 1279 529 1344 Huic
545 1298 625 1361 ergo
640 1277 832 1342 adversario
848 1278 984 1360 benigni
1000 1279 1114 1354 simus,
1129 1279 1193 1341 hoc
1209 1288 1269 1356 est,
1284 1280 1369 1342 casti
1401 1298 1476 1342 curn
1501 1277 1560 1341 illo

192 1385 362 1460 vivamus,
378 1405 419 1447 ne
435 1380 590 1446 admissis
606 1381 742 1446 inlicitis
759 1381 871 1445 tradat
887 1401 948 1444 nos
960 1383 1143 1459 iudici‚hoc
1155 1393 1206 1446 est
1218 1382 1354 1447 Christo
1366 1405 1373 1461 ;
1386 1393 1419 1446 et
1446 1383 1558 1456 iudex,

193 1489 329 1572 inquid,
347 1487 515 1562 ministris,
532 1486 564 1549 id
592 1495 644 1550 est
670 1483 811 1567 angelis,
826 1496 858 1550 et
883 1486 994 1568 angeli
1020 1488 1052 1549 in
1070 1507 1236 1551 carcerem
1254 1508 1315 1550 nos
1332 1487 1560 1563 tradant‚¹hoc

147 1624 176 1659 10
194 1604 248 1660 est
265 1596 302 1658 in
320 1593 518 1676 gehennam.

799 1708 876 1759 cnr.
905 1709 967 1758 vn.

241 1818 388 1896 Nesciat,
405 1815 531 1900 inquid,
544 1815 683 1878 sinistro
699 1789 762 1880 trra·
783 1815 867 1897 quid
880 1815 993 1896 saciat
1018 1816 1149 1880 dextera
1165 1826 1233 1894 tua,
1253 1827 1291 1880 ut
1315 1816 1361 1880 sit
1389 1815 1561 1884 elemosina

196 1932 259 1986 trra
277 1925 313 1986 in
328 1920 520 1986 abscondito.

722 2038 1037 2089 INTERPRETATIO.

150 2181 177 2230 ¹5
244 2149 401 2211 Dextera
427 2168 489 2211 nos
515 2167 639 2223 sumus,
656 2149 734 2230 quia
763 2147 933 2212 Christum
962 2147 1114 2225 colimus,
1139 2149 1197 2231 qui
1222 2148 1255 2210 in
1283 2147 1425 2210 dextera
1453 2148 1560 2212 Patris

195 2251 306 2315 sedet.
318 2251 461 2316 Sinistra
473 2262 585 2316 autem
598 2251 714 2316 ludaei
727 2258 806 2315 sunt
818 2261 920 2333 atque
936 2251 1103 2316 haeretici.
1115 2251 1260 2314 Proinde
1272 2253 1400 2315 nesciat
1420 2253 1562 2328 sinistra,

196 2355 282 2436 quid
302 2374 379 2435 pars
394 2354 496 2419 saciat
515 2356 664 2419 dextera

769 2454 885 2505 CAPIT.
909 2455 987 2504 Vlll.

243 2559 360 2624 Nolite
386 2561 476 2625 vobis
498 2563 629 2626 condere
654 2561 822 2626 thesauros
846 2572 1100 2644 superterram,
1127 2563 1185 2626 nbi
1218 2562 1306 2625 tinea
1330 2573 1362 2625 et
1384 2571 1564 2626 comestura

150 2689 180 2724 20
197 2664 433 2743 exterminant,
447 2674 479 2728 et
492 2666 655 2748 ubifures
668 2667 827 2750 effodiunt
840 2677 871 2729 ot
876 2667 1053 2746 furantur,
1077 2666 1308 2730 Thesauriaate
1342 2674 1450 2728 autern
1477 2664 1565 2729 volis

199 2768 372 2834 thesauros
387 2771 421 2834 in
437 2770 528 2848 caela,
543 2771 706 2851 ubifures
721 2791 784 2834 non
800 2769 960 2854 effodiunt
975 2772 1260 2851 nequesurantur,
1276 2779 1309 2833 et
1326 2778 1446 2834 cetera.

736 2904 1050 2955 INTERPRETATIO.

247 3011 355 3075 Terra
378 3029 480 3092 quam
505 3011 596 3087 dicit,
610 3011 838 3076 habitaculum
866 3012 1013 3095 corporis
1039 3011 1144 3075 nostri
1168 3010 1343 3094 significat.
1371 3009 1564 3074 Thesaurus

201 3134 285 3178 vero
301 3112 383 3177 fides
399 3123 459 3177 est.
476 3113 577 3196 Quod
594 3135 674 3197 ergo
690 3117 779 3192 dicit,
796 3115 912 3180 Nolite
928 3116 1022 3180 vobis
1039 3117 1182 3181 condere
1198 3116 1372 3180 thesauros
1409 3113 1442 3176 in
1469 3124 1565 3189 terra,

154 3240 182 3291 ²5
203 3219 268 3282 hoc
287 3227 347 3294 est,
363 3217 467 3282 nolite
483 3219 707 3282 thesaurizare
723 3219 754 3282 in
772 3239 892 3298 carne;
914 3219 969 3283 ubi
986 3220 1085 3294 tinea,
1104 3220 1222 3302 inquit,
1238 3218 1271 3303 [f.
1293 3219 1382 3301 130v]
1409 3219 1566 3296 comedit,

204 3323 268 3386 hoc
297 3331 355 3398 est,
372 3321 511 3385 avaritia
537 3324 607 3386 sive
631 3322 755 3400 libido;
782 3333 815 3385 et
842 3323 929 3387 iures
954 3321 1128 3398 effodiunt,
1144 3325 1208 3388 hoe
1235 3333 1285 3387 est
1312 3324 1476 3401 diabolus,
1507 3321 1564 3406 qui

205 3425 308 3491 fidem
326 3425 461 3490 iuratur.
477 3426 543 3491 Sed
561 3427 706 3504 condite,
722 3427 840 3508 inquit,
856 3427 1029 3492 thesauros
1053 3429 1087 3491 in
1112 3427 1214 3504 caelo,
1230 3429 1293 3492 hoc
1310 3439 1360 3492 est
1376 3428 1410 3492 in
1438 3427 1565 3510 spiritu,

205 3534 262 3614 qui
280 3530 412 3594 caelum
429 3529 635 3610 intelligitur.
650 3529 738 3611 ‘Qui
755 3530 971 3612 seminaverit
987 3532 1018 3594 io
1037 3551 1145 3608 carne,
1162 3532 1205 3594 de
1228 3552 1328 3596 carne
1355 3541 1459 3596 metet
1495 3551 1566 3594 cor-

206 3637 419 3718 ruptionem
444 3635 499 3716 qui
526 3642 638 3698 autem
663 3636 879 3700 seminaverit
904 3637 938 3700 iu
966 3636 1094 3720 spiritu,
1109 3639 1150 3702 de
1176 3637 1293 3719 spiritu
1321 3649 1424 3702 metet
1463 3638 1566 3701 vitam

158 3757 189 3808 30
207 3750 380 3804 aeternam
403 3740 409 3765 ¹

813 3842 889 3892 cnr.
913 3841 1006 3892 V1111.

254 3947 324 4028 Qui
337 3947 426 4011 vides
433 3947 598 4026 festucam
615 3947 650 4010 in
665 3947 752 4011 ocrrlo
758 3948 890 4027 fratris
906 3949 964 4025 tui,
980 3947 1103 4012 trabem
1117 3957 1226 4012 autem
1255 3947 1290 4014 in
1316 3950 1402 4014 oculo
1426 3963 1479 4014 tuo
1507 3972 1569 4013 non

208 4052 392 4116 consideras
407 4053 427 4114 t

242 4187 451 4252 §Adversariud
463 4188 486 4237 G
499 4204 506 4246 ;
518 4188 703 4237 Adversarium
717 4204 744 4250 μ.
858 4187 918 4236 8ne
933 4187 1051 4236 admissis
1068 4189 1186 4251 inlicitis]
1209 4189 1232 4239 G
1245 4207 1252 4247 ;
1276 4207 1306 4238 ne
1321 4189 1390 4254 sorte
1411 4189 1439 4237 ob
1460 4189 1570 4239 admissa

211 4271 302 4321 illicita
314 4288 343 4335 μ.
444 4282 475 4334 23
493 4271 581 4335 Terra]
593 4270 634 4329 G;
650 4271 755 4318 Terram
769 4287 796 4332 μ.
909 4269 940 4318 28
951 4270 1118 4334 intelligitur]
1132 4273 1236 4334 uinser.
1251 4273 1316 4320 sicut
1333 4271 1455 4335 apostolus
1472 4273 1571 4321 Paulus

210 4351 288 4404 datr.
1496 4355 1497 4360 ’

254 4487 278 4544 3.
297 4465 438 4550 mittaris]
458 4470 511 4527 Mt.
530 4486 556 4544 5.
575 4489 589 4526 2
595 4485 620 4544 5.
961 4488 1007 4541 30.
1024 4465 1185 4548 aeternam]
1202 4469 1266 4528 Gal.
1284 4471 1311 4539 6,
1328 4470 1355 4526 8.

259 4572 267 4605 ι
276 4568 301 4623 3.
317 4547 492 4629 abscondito]
510 4551 565 4608 Mt.
584 4553 611 4616 6,
629 4570 646 4623 3
662 4568 707 4623 sq.
962 4567 979 4623 3
984 4569 1008 4624 3.
1025 4549 1186 4608 consideras
1198 4546 1223 4630 l]
1240 4551 1295 4608 Mt.
1314 4567 1341 4623 7,
1359 4571 1385 4625 3.

258 4648 302 4686 21.
312 4625 476 4710 furantur]
496 4632 551 4688 Mt.
566 4633 594 4701 6,
615 4649 651 4704 19
666 4647 710 4705 sq.
801 4653 803 4658 ·
1287 4645 1289 4648 ·
1388 4661 1389 4666 ,

212 4745 214 4750 ’
240 4745 600 4800 Attalenretrahant111.³¹
