4158 5492
447 385 496 466 1'8
821 409 849 469 s
875 409 1129 470 armorum
1153 407 1416 469 russurrnnr

443 623 631 688 istiusmodi
648 648 655 688 ε
673 623 832 688 Psalmur
847 623 972 702 David,
987 645 1080 706 quem
1100 624 1247 689 cantavit
1265 623 1407 689 Domino
1416 635 1477 708 pro
1491 622 1597 689 verbis
1614 621 1718 690 Chusr'
1725 621 1800 706 filii

444 727 575 794 Iemim‘.
600 727 724 793 Videte
740 731 906 812 mysteria.
930 729 1022 814 Ergo
1037 733 1100 796 ista
1128 732 1200 796 sine
1226 751 1326 796 causa
1349 731 1471 815 scripta
1496 719 1597 794 suntt'
1624 729 1663 794 ln
1680 729 1799 812 quinto

448 832 578 911 dicitur,
610 833 673 898 Pro
700 853 739 896 ea
766 854 852 917 quae
878 834 1097 900 hereditatem
1125 836 1360 918 consequitur;
1386 835 1418 898 in
1449 842 1549 899 sexto
1575 834 1705 911 dicitur,
1734 833 1799 896 Pro
1851 831 1856 841 '

445 946 587 1015 octavu
607 939 640 1001 in
663 937 808 1019 septimo
829 937 959 1016 dicitur,
987 939 1051 1004 Pro
1075 938 1185 1004 verbis
1210 937 1313 1003 Chusi
1340 935 1397 1002 filii
1427 937 1553 1022 lemini.
1569 936 1702 1002 Videtis
1717 955 1797 1018 ergo

442 1051 568 1126 quanta
584 1044 649 1106 sint
665 1053 826 1108 contexta
843 1044 1009 1126 mysteria.
1830 1055 1845 1109 ⁵

486 1149 493 1176 ¹
511 1145 574 1210 Pro
590 1162 731 1227 eaquae
755 1144 974 1209 hereditatem
992 1142 1206 1226 consequitur
1220 1143 1228 1170 ¹
1244 1143 1322 1226 quia
1347 1143 1379 1207 in
1396 1143 1514 1228 quinto
1536 1143 1668 1227 psalmo
1683 1143 1795 1226 dispu-

443 1247 597 1324 tavimus,
619 1247 876 1330 interpretantes
899 1267 942 1311 ex
959 1267 1101 1330 persona
1116 1246 1275 1311 ecclesiae
1299 1247 1464 1330 psalmum
1487 1246 1590 1312 fuisse
1615 1256 1797 1324 cantatum,

444 1370 530 1434 quae
549 1349 768 1416 hereditatem
790 1351 902 1434 Xpisti
918 1358 1098 1415 consecuta
1114 1360 1173 1415 est.
1191 1350 1318 1416 Sextus
1334 1370 1415 1415 vero
1430 1351 1562 1435 proprie
1577 1352 1620 1417 ad
1637 1372 1796 1416 resurrec-

443 1455 569 1519 tionem
587 1455 726 1520 Domini
743 1455 895 1540 pertinet,
906 1475 992 1538 quae
1007 1455 1079 1519 dies
1095 1463 1214 1518 octava
1230 1464 1290 1520 est.
1307 1455 1378 1519 Nos
1394 1455 1483 1520 enim
1500 1464 1534 1520 et
1549 1455 1639 1520 diem
1655 1455 1797 1538 primam

443 1559 615 1638 habemus,
637 1569 671 1623 et
695 1560 784 1624 diem
812 1569 975 1625 octavam.
993 1559 1066 1624 Nos
1091 1561 1179 1624 enim
1204 1559 1237 1623 in
1265 1560 1319 1624 die
1345 1570 1465 1624 octava
1492 1561 1681 1644 accepimus
1698 1580 1800 1644 regna
1820 1579 1851 1618 ιο

443 1661 620 1729 caelorum.
636 1662 768 1730 Octava
782 1663 854 1728 dies
870 1673 947 1747 post
962 1663 1149 1741 sabbatum,
1162 1661 1270 1746 prima
1285 1664 1318 1728 in
1334 1663 1507 1747 principio.
1524 1665 1680 1747 Longum
1698 1675 1758 1742 est,
1773 1664 1799 1726 si

444 1786 531 1830 nunc
548 1767 751 1833 voluerimus
762 1769 872 1832 dicere
887 1768 1113 1834 deoctonario
1129 1787 1268 1833 numero
1280 1792 1287 1832 :
1300 1768 1471 1851 quomodo
1482 1777 1560 1834 octo
1575 1768 1801 1834 beatitudines

444 1870 511 1935 sint
527 1870 559 1935 in
578 1871 753 1938 Matthaeo
768 1895 775 1936 :
791 1873 961 1955 quomodo
978 1872 1010 1936 in
1021 1873 1203 1936 centesimo
1220 1873 1486 1938 octavodecimo
1502 1870 1634 1954 psalmo
1650 1870 1801 1954 singulae

444 1974 574 2040 litterae
585 1985 724 2041 octonos
736 1996 848 2042 versos
857 1975 1004 2041 habeant
1016 2000 1024 2041 :
1035 1977 1208 2060 quomodo
1217 1974 1408 2059 quindecim
1419 1976 1538 2060 psalmi
1549 1978 1615 2042 sint
1627 1977 1802 2060 graduum,

446 2081 618 2163 quomodo
645 2091 773 2165 septem
798 2089 831 2146 et
852 2089 929 2146 octo
955 2081 1044 2146 sint:
1071 2081 1243 2164 quomodo
1262 2091 1295 2145 et
1321 2077 1539 2146 Ecclesiastes
1566 2081 1657 2146 dicat
1680 2085 1687 2114 ‘
1711 2082 1801 2147 Date
1822 2098 1851 2152 15

445 2195 575 2267 partem
603 2194 743 2268 septem,
767 2193 801 2250 et
826 2184 904 2250 date
932 2193 1061 2269 partem
1088 2193 1166 2250 octo
1193 2184 1223 2249 ¹:
1249 2186 1422 2267 quomodo
1445 2184 1615 2252 orientalis
1647 2195 1744 2270 porta
1767 2186 1801 2251 in

447 2287 609 2353 iezechiel
635 2288 759 2355 habeat
785 2299 914 2372 septem
940 2289 1063 2372 gradus
1090 2299 1124 2355 et
1154 2298 1232 2354 octo
1257 2290 1387 2373 gradus.
1417 2289 1575 2374 Longum
1601 2300 1652 2356 est
1683 2291 1803 2368 dicere,

446 2394 617 2476 quomodo
634 2403 667 2458 et
691 2404 829 2458 octavus
856 2403 907 2459 est
929 2397 972 2458 de
997 2392 1072 2459 filiis
1091 2393 1156 2458 lsai
1184 2393 1305 2471 David,
1320 2392 1376 2477 qui
1401 2395 1530 2480 accepit
1557 2415 1706 2479 regnum.
1725 2396 1802 2461 Hoc

446 2506 497 2562 est
513 2499 603 2581 quod
628 2518 715 2563 nunc
731 2498 860 2576 dicitur,
882 2498 946 2562 Pro
961 2506 1081 2562 octava
1096 2523 1103 2563 ι
1118 2499 1151 2561 in
1168 2508 1288 2564 octava
1303 2499 1392 2564 enim
1419 2519 1481 2566 nos
1496 2501 1685 2583 accepimus
1701 2520 1804 2583 regna

438 2601 624 2682 caelorum.
648 2603 750 2667 Unde
774 2603 877 2667 dicit:
903 2607 911 2634 ‘
934 2603 1081 2666 Domine
1097 2622 1139 2666 ne
1155 2603 1187 2666 in
1205 2601 1314 2667 lurore
1339 2612 1399 2669 tuo
1420 2623 1542 2687 arguas
1563 2623 1626 2682 me,
1645 2623 1753 2686 neque
1769 2604 1802 2667 in
1822 2622 1856 2659 20

447 2705 495 2770 ira
510 2714 569 2770 tua
584 2706 743 2788 corripias
759 2727 813 2771 me
825 2707 840 2771 ’.
858 2707 925 2774 Sed
936 2708 1096 2790 quoniam
1108 2708 1151 2772 de
1161 2707 1293 2772 duobus
1309 2707 1446 2792 psalmis
1462 2705 1805 2791 pariterinterpretari

446 2828 513 2873 non
531 2829 718 2891 possumus,
734 2809 855 2875 sufficit
873 2810 968 2875 nobis
979 2811 1021 2874 de
1038 2813 1126 2876 sexti
1143 2811 1264 2894 psalmi
1280 2810 1379 2876 titulo
1391 2811 1588 2894 disputasse.

491 2913 590 2977 Nunc
607 2914 778 2978 veniamus
794 2915 837 2978 ad
849 2915 983 2998 septimi
994 2916 1181 2992 exordium,
1198 2915 1287 2999 quod
1302 2916 1350 2980 ita
1365 2914 1496 2999 incipit:
1511 2913 1805 2990 PsalmusDavid,

445 3037 539 3098 quem
554 3017 702 3082 cantavit
716 3018 857 3082 Domino
864 3029 927 3100 pro
950 3018 1057 3084 verbis
1071 3018 1256 3103 Chusifilii
1268 3017 1399 3084 Icmini.
1421 3016 1548 3082 Multos
1572 3018 1653 3097 scio,
1667 3027 1700 3082 et
1716 3027 1805 3084 certe

447 3120 689 3185 eruditissimos
713 3122 809 3200 viros,
834 3122 922 3186 hunc
939 3123 1072 3188 titulum
1099 3123 1146 3188 ita
1170 3123 1406 3207 interpretatos
1431 3121 1541 3188 fuisse.
1560 3122 1621 3202 Eo,
1642 3123 1806 3205 inquiunt,
1823 3143 1855 3196 ²5

447 3231 598 3306 ternpore
613 3243 680 3306 quo
697 3226 841 3290 surrexit
865 3225 1054 3290 Abessalon
1071 3236 1187 3291 contra
1204 3226 1314 3291 David
1333 3236 1461 3310 patrem
1478 3240 1574 3290 suum
1588 3225 1729 3309 (quaeso
1745 3246 1804 3292 vos

448 3337 485 3391 ut
500 3327 682 3410 patientius
706 3328 871 3393 audiatis:
899 3331 1079 3413 scripturas
1095 3331 1183 3395 enirn
1206 3329 1414 3413 interpretari
1431 3329 1595 3406 volumus,
1611 3349 1677 3393 non
1695 3329 1804 3394 decla·

483 3570 513 3608 ιο
523 3555 575 3607 Nos
586 3557 655 3606 eninr
667 3584 698 3594 -
710 3557 844 3620 caelorum]
860 3573 911 3607 orn.
926 3556 979 3618 GS,
998 3557 1056 3606 cod.
1070 3557 1151 3607 Duae.
1166 3569 1221 3606 220.
1343 3553 1469 3618 t4versos]
1486 3553 1539 3614 GS,
1553 3554 1600 3606 Ac
1616 3567 1625 3604 1
1646 3571 1678 3606 rn.
1692 3573 1700 3616 ;
1719 3572 1805 3606 uersus

448 3639 515 3704 pAC
527 3655 583 3704 sup.
597 3638 641 3689 lin.
760 3638 902 3705 rygradus]
913 3647 970 3704 post
981 3645 1030 3688 octo
1039 3639 1065 3699 S,
1085 3638 1141 3689 cod.
1157 3639 1251 3696 Duac.;
1264 3652 1314 3688 non
1326 3645 1405 3706 repet.
1421 3635 1522 3702 unco.
1625 3637 1654 3687 18
1665 3638 1731 3700 lsai]
1740 3639 1805 3688 Iesse

446 3720 503 3771 cod.
516 3721 596 3770 Duae.
689 3720 800 3784 aodtcr‘r]
811 3721 885 3785 ptGS,
895 3720 952 3771 cod.
968 3721 1048 3770 Duae.
1061 3720 1175 3781 ;dr'cr'tur
1183 3719 1213 3770 C.
1299 3713 1519 3784 25inqur'unt]S;
1537 3718 1623 3784 inquit
1632 3719 1690 3784 μΑ;
1709 3719 1805 3784 r'rrqm‘d

447 3802 502 3854 CG.
518 3803 625 3853 Formae
637 3797 701 3873 φησί
712 3811 737 3854 et
750 3798 812 3873 φασί
823 3803 1031 3878 εἰωὶΙΙίιηαοειῳῑ
1043 3802 1108 3854 inter
1118 3817 1153 3853 se,

493 3999 536 4056 16.
552 3992 622 4076 octo]
638 3995 737 4057 Eccle.
758 4017 802 4072 rr,
821 4019 846 4058 2.
1195 4013 1240 4070 27·
1263 4013 1320 4054 non
1333 3993 1504 4077 declamare]
1521 3998 1607 4058 Idem
1633 3997 1805 4076 saepissime

493 4095 537 4152 17·
549 4074 674 4158 gradus]
690 4079 797 4140 Ezech.
810 4099 858 4153 40,
876 4097 922 4137 aa.
939 4078 1000 4155 31?
1152 4087 1292 4136 tractator
1314 4075 1389 4137 inira
1412 4079 1573 4155 profitetur,
1590 4097 1681 4157 pravo
1705 4079 1804 4157 generi

491 4175 537 4218 21.
553 4160 693 4238 corripias
707 4157 771 4241 me]
788 4163 834 4221 Ps.
852 4163 880 4234 6,
898 4180 923 4218 2.
1152 4157 1282 4232 dicendi,
1298 4159 1382 4234 quod
1393 4159 1602 4220 ecclesiasticis
1611 4161 1727 4222 exedris
1742 4179 1803 4238 pas-

492 4259 536 4314 24·
551 4241 666 4301 Multos
683 4244 739 4303 scri>
753 4240 814 4324 etc]
825 4245 903 4302 Tam
921 4239 1007 4299 multi
1021 4248 1098 4311 sunt,
1151 4239 1207 4298 sim
1218 4237 1422 4313 invehebatur,
1439 4240 1645 4319 proculdubio
1659 4243 1802 4303 alludens

449 4334 482 4383 ut
498 4341 587 4383 nemo
612 4323 672 4384 scre
686 4322 762 4385 inter
777 4324 916 4402 antiquos
936 4321 1020 4381 aliter
1038 4339 1101 4382 sen·
1154 4321 1190 4380 ci.
1205 4319 1330 4381 Hieron.
1342 4320 1372 4382 in
1385 4323 1500 4384 Eccles.
1510 4342 1535 4383 c.
1550 4323 1634 4402 9(M.
1649 4342 1695 4401 23,
1706 4321 1803 4402 1145).

449 4403 522 4464 sisse
557 4404 693 4466 videatur
727 4419 843 4483 praeter
880 4403 1101 4480 Hieronymum
1155 4401 1278 4462 Interim
1307 4421 1344 4464 ex
1374 4403 1420 4464 his
1445 4403 1541 4465 verbis
1574 4404 1646 4465 milri
1677 4404 1803 4477 subolet,

449 4485 547 4564 ipsum
569 4498 598 4547 et
613 4486 677 4547 eius
698 4489 853 4565 quondam
880 4496 1101 4563 praeceptorem
1155 4483 1334 4560 Hieronymi
1358 4483 1513 4563 discipulis
1537 4503 1633 4562 aeque
1657 4500 1690 4548 ut
1718 4485 1804 4546 nobis

450 4567 614 4644 Didymum
627 4569 862 4630 Alexandrinum
876 4567 993 4644 (Migne
1004 4568 1035 4626 P.
1049 4567 1100 4626 Gr.
1153 4564 1341 4643 displicuisse
1366 4577 1410 4640 tot
1430 4579 1460 4628 et
1485 4579 1545 4627 tam
1566 4567 1671 4646 frigida
1685 4567 1716 4628 in
1732 4568 1804 4646 psal·

450 4669 497 4726 39,
519 4650 615 4729 1179).
1154 4665 1271 4706 morum
1287 4645 1379 4708 titulis
1393 4647 1532 4710 arcessita
1543 4649 1687 4727 mysteria.
