4158 5492
229 453 350 540 eamn]
413 523 414 528 ,
569 459 940 522 conuuurnmom
968 459 1013 520 ru
1045 460 1243 523 essenos.

796 741 1011 825 CXVIII.

281 997 421 1081 Totus
443 1009 484 1080 et
506 996 575 1080 hic
595 998 789 1108 psalmus
819 1011 884 1080 est
906 997 1091 1107 scriptus
1113 995 1352 1078 secundum
1385 994 1579 1077 ordinem

228 1137 490 1220 litterarum:
517 1139 576 1220 ita
599 1150 645 1219 ut
666 1134 722 1219 ab
743 1164 829 1219 una
851 1137 990 1218 littera
1010 1147 1106 1219 octo
1126 1160 1278 1216 versus
1299 1132 1516 1243 incipiant,
1540 1146 1581 1216 et

228 1301 397 1357 rursum
420 1303 447 1357 a
467 1275 663 1386 sequenti
684 1287 781 1359 octo
800 1274 872 1358 alii
895 1273 1185 1384 conpleantur,
1209 1286 1250 1356 et
1271 1272 1351 1355 hoc
1384 1271 1583 1355 similiter

195 1413 277 1495 sad
300 1411 432 1494 finem
455 1438 594 1523 usque
616 1427 795 1497 texatur.
822 1413 1034 1524 Iosephus
1068 1423 1213 1495 autem
1249 1411 1374 1520 refert
1396 1411 1439 1492 in
1461 1407 1582 1493 libris

225 1561 471 1658 Ἀρχαιολογίας,
495 1548 609 1635 hunc
625 1551 841 1662 psalmum
858 1562 899 1635 et
918 1549 1245 1634 Deuteronomii
1263 1549 1475 1632 canticum
1494 1575 1582 1631 uno

228 1703 366 1776 metro
402 1718 498 1774 esse
518 1691 791 1800 conpositum
810 1718 818 1775 :
840 1702 883 1774 et
902 1701 1024 1801 putat
1049 1687 1284 1800 elegiacum
1320 1698 1504 1770 metrum
1538 1689 1580 1770 in

227 1839 414 1940 utroque
435 1853 563 1939 posse
583 1827 856 1936 deprehendi,
880 1825 997 1939 quod
1019 1825 1179 1909 scilicet
1200 1824 1316 1935 prior
1334 1850 1486 1907 versus
1508 1850 1583 1906 sex

224 1967 411 2082 pedibus
431 1979 609 2070 constet,
646 1980 690 2052 et
724 1965 899 2050 inferior
920 1992 1008 2049 uno
1029 1963 1175 2047 minus
1197 1963 1240 2044 in
1264 1973 1581 2074 pentametrum

180 2137 208 2178 ιο
225 2106 414 2194 liniatur.

692 2275 697 2290 '
790 2259 1031 2342 CXVIIII.

287 2512 546 2624 Quindecim
578 2513 794 2625 graduum
827 2513 982 2624 psalmi
1024 2542 1098 2625 per
1118 2513 1331 2625 quosdam
1368 2516 1582 2626 proiectus

224 2681 308 2738 nos
326 2651 382 2736 ad
405 2680 577 2738 summa
601 2650 852 2764 perducunt,
877 2651 989 2734 utin
1013 2651 1192 2735 Domini
1219 2651 1341 2736 atriis
1362 2653 1581 2764 possimus
1707 2695 1712 2704 ·

223 2792 389 2878 dicere:
413 2799 422 2832 ‘
445 2794 558 2876 Ecce
589 2819 705 2878 nunc
734 2792 972 2878 benedicite
1009 2795 1263 2896 Dominum,
1287 2823 1438 2881 omnes
1468 2797 1580 2880 servi

181 2955 205 3008 ¹⁵
225 2931 425 3031 Domini,
449 2931 491 3012 in
512 2931 635 3015 atriis
662 2932 821 3016 domus
844 2933 926 3017 Dei
947 2933 1040 3017 eius
1062 2934 1081 3016 ’.
1109 2935 1168 3016 Et
1188 2935 1290 3046 quia
1309 2963 1335 3017 a
1367 2934 1582 3046 plerisque

221 3098 352 3182 super
387 3070 456 3154 his
491 3071 702 3154 latissime
736 3069 1006 3180 disputatum
1027 3083 1104 3166 est,
1127 3072 1311 3154 stultum
1347 3085 1412 3157 est
1449 3101 1579 3183 parva

220 3207 361 3292 dicere
380 3208 490 3291 velle
511 3236 588 3319 pro
609 3209 792 3321 magnis.
817 3208 909 3291 Aet
923 3208 1172 3306 Domitium,
1195 3237 1293 3293 curn
1328 3212 1576 3311 tribularer,

249 3419 402 3482 amrium]
420 3419 515 3478 Etru
548 3435 640 3469 ramis
656 3421 685 3470 C.
786 3412 1028 3488 δἈρχαιολογίας]
1045 3421 1085 3481 E,
1117 3423 1260 3486 apaniosiar
1277 3423 1306 3473 C.
1411 3437 1421 3473 r
1427 3435 1440 3489 5
1454 3425 1505 3474 Dei
1514 3425 1579 3487 etus]

220 3501 258 3552 Ita
268 3501 349 3553 codd.
362 3509 388 3552 et
401 3503 473 3553 Brev.

257 3689 285 3730 α.
315 3669 405 3728 Totus
427 3675 457 3728 et
476 3669 525 3728 hic
539 3669 675 3747 psalmus
701 3664 773 3749 etc]
802 3669 874 3728 Huc
926 3667 1055 3730 ronomii
1077 3667 1225 3730 canticum
1242 3669 1384 3747 scriptum
1399 3683 1443 3732 est
1458 3673 1473 3732 ².

218 3769 342 3829 quoque
364 3751 439 3811 reler
462 3750 619 3828 epistulam
642 3770 681 3828 30
696 3749 874 3826 Hieronymi
969 3769 1012 3823 14.
1042 3751 1115 3810 Ecce
1142 3770 1220 3812 nunc
1243 3749 1403 3834 benedicite]
1432 3755 1479 3813 Ps.
1513 3773 1577 3830 133.

218 3835 253 3893 ad
285 3833 410 3893 Paulam
436 3832 475 3893 de
497 3833 614 3910 psalmo
641 3848 765 3894 cxvrn:
789 3830 874 3892 cuius
925 3831 1037 3894 Confer
1054 3832 1178 3893 Hieron.
1195 3834 1336 3894 adversus
1352 3833 1542 3896 Iovinianum
1557 3837 1576 3895 l.

219 3935 301 3977 num.
320 3935 337 3975 a
353 3931 421 3974 curn
437 3914 520 3975 hisce
534 3910 796 3976 Commentariolis
814 3913 874 3974 lere
925 3933 953 3986 2,
969 3932 997 3974 n.
1015 3933 1053 3990 34
1067 3912 1186 3991 (Migne
1209 3934 1255 3991 23,
1279 3917 1367 3993 3⁴⁶)²
1392 3921 1400 3948 ⁴
1416 3915 1499 3992 Quid
1521 3915 1576 3976 sibi

219 4001 256 4059 ad
271 3995 397 4058 verbum
411 3995 560 4056 convenit.
924 3995 1029 4055 volunt
1042 3995 1073 4055 in
1088 3995 1289 4074 descriptIone
1303 3997 1407 4074 templi
1422 4009 1537 4074 septem
1549 4011 1578 4058 et

259 4095 287 4156 5.
310 4079 343 4140 itt
367 4073 682 4158 It'bn's'lpparntaplae]
707 4075 754 4135 lib
782 4077 824 4147 II,
846 4096 872 4137 c.
924 4089 994 4136 octo
1016 4077 1149 4154 gradus?
1167 4077 1259 4154 Quid
1285 4097 1409 4152 rursum,
1437 4081 1519 4155 quod
1546 4077 1576 4138 in

220 4177 284 4234 xvi,
300 4179 328 4219 n.
343 4179 378 4233 4;
392 4159 437 4218 IV
451 4174 508 4216 vm
524 4177 578 4232 44;
593 4159 654 4219 VII
669 4175 716 4216 xu
736 4177 762 4234 3.
780 4157 874 4218 Cuius
925 4157 1063 4234 psalterio
1078 4169 1144 4236 post
1159 4160 1307 4220 elementa
1322 4159 1476 4220 centesimi
1499 4172 1578 4221 octa-

219 4243 309 4303 rerba
339 4240 543 4318 Hieronymus
570 4257 693 4316 quoque
721 4237 873 4316 prescribit
924 4239 952 4299 vi
986 4238 1096 4300 decimi
1132 4239 1246 4317 psalmi,
1275 4241 1385 4320 quibus
1420 4241 1577 4320 mysticum

221 4322 249 4382 ln
274 4322 382 4385 eadem
401 4320 487 4398 epist.
502 4321 542 4381 ad
568 4322 690 4382 Paulam
714 4339 742 4381 n.
768 4339 795 4396 3,
822 4319 873 4380 ubi
923 4319 1076 4381 erudimur
1097 4321 1300 4399 alphabetum,
1328 4341 1379 4400 per
1404 4324 1577 4398 quindecim

220 4405 278 4465 ait:
295 4405 430 4465 ‘Verum
455 4402 550 4463 debes
572 4400 647 4464 scire
670 4401 701 4461 in
726 4399 873 4478 prioribus
922 4403 1030 4478 gradus
1045 4421 1140 4480 usque
1154 4405 1224 4463 illuc
1247 4403 1442 4480 pervenimus,
1459 4417 1490 4464 ut
1513 4423 1576 4480 pos·

222 4485 340 4562 psalmis
362 4484 487 4562 singulis
509 4483 612 4546 litteris
633 4483 765 4562 singulos
787 4481 873 4544 versi·
922 4483 1014 4543 simus
1028 4503 1135 4544 canere
1149 4508 1156 4545 r
1169 4485 1242 4544 Ecce
1255 4487 1492 4546 nuncbenedicite
1515 4487 1575 4546 Do-

222 4569 314 4642 culoa,
337 4565 391 4646 qui
412 4565 546 4626 trimetro
571 4563 700 4628 iambico
724 4575 873 4638 constant,
923 4566 1044 4638 minam,
1059 4569 1244 4626 ottinesserni
1257 4569 1400 4626 Domr'ni:
1419 4571 1476 4643 qui
1491 4567 1576 4626 statis

223 4667 284 4710 ease
297 4649 469 4710 subnexos:
484 4645 637 4710 inferiores
652 4664 721 4707 vero
736 4658 871 4707 tetrame-
923 4648 955 4706 in
974 4648 1057 4706 domo
1081 4649 1213 4722 Domini,
1229 4649 1262 4708 t'n
1285 4650 1372 4711 atriis
1396 4649 1496 4712 duritas
1518 4649 1580 4713 Dei

221 4740 264 4794 tro
283 4729 414 4802 iambico
435 4740 583 4802 constare,
609 4727 685 4794 sicut
709 4739 739 4789 et
761 4729 873 4791 Deute·
922 4731 1060 4794 nostrit’
