4062 5504
483 373 560 456 116
891 387 919 444 s,
954 387 1208 447 utnaouuur
1239 383 1505 444 caussarum

479 587 591 650 salvus
616 587 706 651 eris'
734 586 770 650 Si
795 586 866 650 sola
894 587 1060 670 Seraphin
1089 587 1270 668 prudenter
1294 585 1435 650 laudant
1451 596 1604 650 sanctum
1622 587 1744 664 Deum,
1762 608 1835 670 ergo

481 692 706 754 excluduntur
732 690 842 772 angeli
874 700 906 754 et
935 711 1051 754 omnes
1075 690 1290 754 rationabiles
1318 699 1489 754 creaturae
1505 701 1537 754 et
1554 693 1626 772 ipse
1642 693 1836 775 prophetae

481 795 674 858 laudatione
698 795 945 877 prudentique
971 796 1051 858 dicit
1083 795 1225 858 Sanctus
1247 793 1390 857 Sanctus
1412 793 1563 859 Sanctus.
1583 795 1687 858 Anna
1711 815 1837 878 quoque

481 920 557 963 cum
582 900 783 963 ablactasset
801 898 969 977 Samuhel,
989 900 1114 981 gratias
1142 898 1285 962 referens
1308 899 1392 972 Deo,
1407 899 1440 962 in
1458 898 1540 962 haec
1557 900 1658 962 verba
1675 900 1843 981 prorupit:

483 1008 490 1036 ‘
509 1005 650 1067 Laetata
666 1023 739 1066 sum
756 1004 789 1065 in
806 1003 943 1066 salutari
965 1013 1032 1080 tuo,
1048 1003 1126 1084 quia
1147 1023 1248 1066 nemo
1267 1012 1403 1064 sanctus
1419 1012 1456 1065 ut
1473 1002 1650 1080 Dominus,
1666 1013 1700 1067 et
1716 1011 1843 1066 nonest
1881 1023 1893 1073 ,ς

485 1117 621 1171 sanctus
646 1108 730 1170 sicut
755 1108 847 1169 Deus
870 1107 1012 1170 noster.'
1035 1107 1127 1188 Ergo
1147 1107 1230 1170 haec
1253 1106 1393 1188 loquens
1409 1107 1626 1189 inprudenter
1642 1107 1845 1189 loquebatur.

488 1212 554 1276 Sed
575 1221 608 1274 et
635 1211 753 1274 Esaias
769 1212 951 1274 adventum
969 1211 1107 1274 Domini
1125 1211 1158 1274 in
1180 1230 1314 1274 carnem
1335 1210 1577 1292 praenuntians
1593 1210 1707 1274 scribit
1723 1235 1730 1274 :
1746 1215 1754 1244 ‘
1769 1210 1846 1275 San·

486 1315 630 1379 ctihcate
657 1335 733 1377 eum
766 1316 822 1397 qui
866 1315 1077 1397 contempnit
1102 1355 1104 1360 -
1125 1314 1273 1376 animam
1309 1333 1416 1390 suam,
1446 1316 1502 1395 qui
1529 1314 1776 1378 abominationi
1801 1323 1849 1377 est

487 1419 643 1501 gentibus
654 1439 740 1502 quae
751 1418 899 1482 serviunt
910 1418 1143 1501 principibus'
1160 1418 1344 1500 Quomodo
1358 1437 1433 1480 eum
1452 1417 1588 1481 laudare
1603 1418 1767 1481 debemus
1783 1439 1850 1488 nos.

487 1524 606 1604 quiex
626 1521 941 1604 gentibussumus?
969 1522 1161 1604 prudenter,
1185 1542 1225 1584 an
1253 1521 1493 1602 inprudenter?
1509 1519 1544 1585 Si
1567 1523 1749 1602 prudenter
1775 1541 1848 1584 eum
1871 1545 1897 1579 ιο

488 1626 674 1702 laudamus,
690 1635 722 1689 et
747 1627 810 1706 ipsi
827 1645 942 1688 sumus
962 1625 1060 1689 laude
1081 1625 1239 1707 condigni
1258 1646 1266 1702 ;
1287 1625 1337 1687 sin
1355 1634 1467 1688 autem
1484 1625 1595 1702 stulte,
1610 1646 1690 1706 ergo
1707 1635 1742 1688 et
1758 1625 1851 1688 nobis

489 1731 630 1794 stultitia
648 1730 868 1812 coaptabitur.
886 1728 985 1811 Quod
1006 1738 1118 1793 autem
1136 1729 1225 1792 dixit
1245 1734 1251 1760 ¹
1265 1728 1331 1811 Qui
1344 1730 1554 1810 contempnit
1570 1731 1717 1792 animam
1731 1748 1822 1792 suam
1835 1727 1851 1790 ¹,

489 1855 550 1916 pro
566 1855 606 1896 eo
620 1834 709 1915 quod
722 1843 774 1898 est
788 1834 952 1910 humiliat,
962 1842 995 1897 et
1008 1834 1101 1916 parvi
1114 1834 1215 1909 ducit,
1230 1832 1392 1896 debemus
1408 1833 1568 1914 accipere,
1580 1841 1682 1914 atque
1692 1833 1852 1912 neglexit;

489 1939 580 2020 quod
606 1937 761 2002 Salvator
788 1937 866 2002 lecit
888 1939 1025 2002 dicens:
1048 1942 1056 1969 ‘
1075 1937 1173 2000 Nunc
1203 1937 1317 1999 anima
1337 1955 1412 2000 mea
1429 1936 1562 1999 turbata
1578 1937 1648 1999 est'
1664 1946 1699 2000 et
1714 1937 1852 2000 ‘Tristis

490 2053 541 2107 est
568 2042 680 2105 anima
710 2062 783 2105 mea
809 2062 913 2124 usque
935 2043 978 2104 ad
1003 2039 1175 2107 mortem'
1197 2039 1297 2122 Quod
1315 2041 1431 2122 utique
1451 2061 1511 2122 pro
1527 2041 1691 2122 assumpti
1707 2040 1853 2122 corporis
1874 2061 1898 2112 13

490 2147 679 2211 humilitate
689 2146 832 2210 dicebat.
845 2146 939 2208 Haec
953 2145 1030 2209 ideo
1042 2145 1200 2221 diximus,
1211 2151 1247 2207 ut
1262 2144 1467 2220 doceremus,
1481 2163 1547 2207 non
1558 2144 1667 2208 solum
1680 2143 1855 2226 Seraphin,

492 2251 551 2314 sed
577 2262 610 2315 et
635 2252 773 2333 angelos
801 2270 943 2333 quoque,
958 2259 991 2313 et
1024 2249 1106 2312 alias
1134 2246 1349 2312 rationabiles
1375 2256 1542 2311 creaturas
1566 2249 1675 2312 Deum
1700 2257 1853 2311 sanetum

493 2356 629 2420 laudare
645 2355 835 2436 prudenter.

538 2461 641 2523 Porro
673 2458 836 2540 Origenes
868 2459 910 2521 de
951 2456 1150 2521 caelestibus
1194 2459 1379 2541 disputans,
1410 2466 1443 2521 et
1473 2457 1634 2521 arbitrum
1666 2479 1702 2521 se
1733 2457 1856 2523 iaciens

494 2563 754 2644 uniuscuiusque
780 2562 979 2643 spiritalium
1008 2563 1206 2638 sanctitatis,
1237 2573 1271 2626 et
1307 2565 1349 2625 de
1382 2562 1546 2642 Seraphin
1574 2565 1751 2625 temeraria
1777 2584 1901 2626 voceao

495 2667 688 2750 pronuntiat
704 2690 710 2730 :
726 2671 733 2698 ⁸
751 2665 814 2728 His
831 2667 920 2728 enim
940 2665 1022 2727 nihil
1043 2668 1192 2728 sanctius
1212 2669 1367 2729 novimus
1380 2666 1466 2728 inter
1481 2685 1521 2728 ea
1536 2684 1623 2746 quae
1638 2667 1743 2730 sunt.'
1761 2669 1856 2731 Haec

494 2774 549 2836 ille
572 2772 654 2834 dicit
669 2792 677 2848 ;
694 2790 753 2833 nos
770 2777 883 2832 autem
901 2778 934 2832 et
956 2768 1133 2850 Seraphin,
1152 2779 1185 2833 et
1201 2769 1365 2845 Thronos,
1376 2778 1409 2832 et
1428 2769 1648 2852 Principatus‚
1660 2777 1692 2832 et
1707 2770 1856 2834 Potesta-

494 2887 554 2953 tes,
566 2885 599 2940 et
609 2877 770 2950 Virtutes,
786 2883 819 2937 et
836 2873 1105 2950 Dominationes,
1125 2894 1211 2955 quae
1232 2874 1328 2937 iuxta
1342 2873 1483 2936 Paulum
1501 2873 1691 2954 apostolum
1709 2876 1858 2937 serviunt

496 2982 580 3054 Deo,
595 2990 628 3043 et
656 2998 772 3042 omnes
800 2977 950 3058 Angelos
981 2987 1082 3058 atque
1113 2977 1347 3058 Archangelos
1372 2978 1428 3058 qui
1452 2996 1548 3039 suum
1573 2976 1724 3040 ordinem
1748 2998 1858 3041 serva-

497 3093 624 3162 verunt,
639 3093 774 3146 sanctos
791 3081 955 3156 novimus,
973 3081 1035 3143 Dei
1053 3080 1156 3143 solius
1177 3080 1429 3162 intellegentiae
1448 3081 1683 3162 relinquentes,
1699 3083 1775 3164 quis
1789 3103 1858 3165 quo
1875 3104 1902 3156 ²5
1996 3107 1997 3124 ¹

530 3253 661 3314 7Esur'as]
673 3252 770 3313 Esayur
782 3251 828 3300 Cu.
934 3249 962 3299 18
973 3249 1112 3310 arbitrum]
1123 3249 1263 3300 arbitrem
1279 3251 1308 3300 C.
1410 3262 1443 3299 20
1454 3249 1571 3299 novimus
1582 3251 1766 3316 intueaqm
1784 3261 1854 3302 runt.

497 3336 567 3384 Haec
579 3333 621 3382 ille
632 3333 705 3394 dicit]
717 3332 737 3382 C
750 3332 844 3396 optime
855 3350 862 3392 3
874 3349 890 3382 α
902 3333 1010 3383 correxit
1022 3335 1147 3382 novimus.
1162 3335 1263 3383 Interea
1274 3333 1333 3382 haec
1344 3340 1405 3382 suut
1416 3347 1480 3398 quae
1491 3333 1536 3382 ille
1546 3332 1615 3382 dicit.
1628 3333 1666 3383 Cl.
1681 3333 1768 3384 adnot.
1782 3334 1856 3386 inim.

498 3431 530 3478 ²4
540 3417 597 3481 quis
609 3417 667 3482 que]
678 3415 787 3465 scribere
799 3431 850 3464 non
863 3415 995 3474 dubitavi;
1008 3417 1114 3481 quisque
1126 3431 1152 3467 α.

543 3573 565 3610 1.
583 3549 653 3632 eris]
677 3552 715 3610 Is.
744 3569 791 3625 30,
810 3570 822 3607 r
829 3567 844 3624 5
872 3569 907 3608 ex
922 3567 1037 3625 graeco.
1055 3551 1153 3626 Saepe
1203 3556 1257 3605 τῶν
1270 3549 1429 3622 ἀρχόντων).
1456 3550 1491 3608 In
1517 3549 1577 3607 hoc
1601 3548 1689 3626 igitur
1713 3552 1858 3611 Tractatu

499 3635 623 3694 laudato
647 3631 765 3692 censori
786 3631 935 3707 displicet,
950 3633 1034 3707 quod
1050 3632 1100 3689 hic
1115 3633 1151 3692 le·
1203 3629 1384 3690 sententiam
1395 3649 1429 3688 ex
1441 3647 1548 3706 graeco
1560 3628 1733 3706 diligentius
1743 3651 1858 3710 reprae-

499 3717 577 3794 gitur
590 3733 747 3786 conuersus,
762 3711 811 3771 ubi
823 3731 870 3788 ap.
885 3711 1010 3771 Hieron.
1024 3712 1152 3772 habetur
1204 3721 1309 3784 sentat,
1325 3727 1416 3786 quam
1441 3713 1480 3771 ad
1506 3729 1628 3771 sensum
1651 3731 1739 3772 suum
1764 3714 1858 3774 nimia

501 3817 648 3869 reversus;
669 3797 722 3855 sed
739 3795 874 3870 proiecto
890 3791 1051 3852 minutiora
1066 3795 1149 3866 haec¹
1203 3791 1339 3852 libertate
1354 3793 1385 3851 in
1401 3791 1631 3855 Commentario
1645 3793 1818 3870 detorquet.

501 3897 592 3955 quam
607 3892 639 3936 ut
654 3875 743 3936 alicui
758 3875 911 3952 negotium
927 3875 1080 3934 lacessant.
1247 3893 1290 3932 11.
1302 3873 1381 3933 nobis
1389 3875 1516 3934 stulir'tia
1524 3873 1716 3955 coaptabitur]
1728 3875 1846 3938 Hieron

541 3963 568 4019 6.
586 3955 692 4038 noster]
712 3979 722 4015 r
742 3959 817 4034 Reg.
836 3977 861 4026 a,
882 3976 893 4013 1
912 3975 955 4032 sq.
1206 3955 1318 4016 Contra
1341 3957 1439 4032 Pelag.
1459 3957 1482 4028 1,
1502 3976 1538 4029 14
1555 3957 1731 4032 ‘solamque
1747 3961 1858 4034 periec-

543 4062 568 4114 9.
581 4036 775 4118 principibus]
792 4040 829 4097 Is.
847 4057 895 4114 49,
914 4055 928 4112 7
951 4037 1030 4096 iuna
1058 4039 1149 4097 LXX.
1204 4036 1317 4097 tionem
1334 4047 1364 4096 et
1378 4057 1476 4096 veram
1492 4036 1636 4097 iustitiam
1660 4037 1717 4098 Dei
1739 4049 1856 4101 tantum

502 4126 541 4183 Et
557 4123 763 4198 Hieronymus
777 4120 901 4197 quidem
925 4120 955 4176 in
979 4120 1149 4180 Comment.
1203 4118 1721 4196 virtutibuscoaptandam';Transl.
1734 4119 1857 4200 Didymi

502 4207 528 4264 h.
547 4207 564 4264 l.
578 4204 663 4263 vertit
675 4202 1035 4279 despr'cr'tprocontcrrmr't;
1047 4219 1149 4276 parurn
1203 4201 1241 4260 de
1256 4201 1285 4259 S.
1302 4201 1329 4259 S.
1342 4219 1369 4259 n.
1386 4202 1425 4275 38
1449 4203 1584 4260 ‘nullum
1607 4201 1730 4260 verbum
1756 4215 1857 4280 potest

502 4288 569 4358 hoc,
585 4283 707 4360 insuper
717 4283 768 4342 ubi
778 4282 1153 4358 hichabesqrruesaervr‘urrt
1202 4283 1228 4340 ei
1244 4281 1363 4358 proprie
1378 4281 1528 4357 coaptari'
1543 4293 1599 4342 etc.

494 4367 688 4445 principibus,
704 4365 733 4424 in
750 4365 977 4426 Commentario
1003 4365 1152 4423 transtulit
1247 4384 1291 4435 14.
1308 4363 1427 4423 turbata
1442 4371 1485 4423 est
1511 4365 1556 4423 lo.
1577 4382 1621 4434 12,
1636 4378 1681 4436 27.

501 4451 556 4526 qui
562 4467 661 4507 seruus
668 4454 712 4507 est
717 4447 892 4524 principum.
900 4445 1037 4522 Optime:
1050 4465 1151 4508 verum
1247 4461 1291 4521 15.
1307 4445 1351 4503 ad
1361 4453 1478 4504 morum
1509 4447 1564 4504 Mt.
1582 4447 1628 4516 26,
1645 4446 1692 4520 38.

501 4531 583 4590 idem
599 4527 663 4606 ipse
677 4541 744 4605 post
760 4547 854 4604 pauca
870 4531 978 4588 latetur
990 4547 1084 4587 servos
1099 4547 1152 4604 pro
1245 4523 1456 4607 adquaesunt]
1464 4529 1506 4586 M.
1517 4525 1753 4604 24,939C:‘His
1763 4527 1852 4601 enim,

501 4631 580 4671 serru
593 4610 652 4688 legi
668 4611 751 4687 apud
762 4608 957 4687 Septuaginta
972 4618 1035 4677 (τῶν
1048 4611 1150 4667 δούλων
1202 4608 1232 4668 in
1245 4608 1385 4669 omnibus
1394 4626 1472 4686 quae
1484 4605 1853 4682 suut,sanctiusnihilest.’
