4154 5494
623 437 879 497 TRAC'l'ATUS
903 436 959 494 DE
983 436 1150 497 PSALMO
1172 436 1318 498 XCVIII.
1572 433 1647 518 155

290 658 347 724 les.
357 659 512 742 Denique
523 658 644 723 dicitur
656 666 690 723 et
701 677 721 722 a
734 657 898 722 Domino:
909 659 1039 724 ‘Credis
1051 661 1141 742 quod
1154 679 1218 742 ego
1230 679 1366 742 possum
1381 657 1506 723 iacere?
1519 656 1526 683 '
1541 657 1648 722 Etdi-

290 763 376 827 citur
384 764 427 828 ad
440 762 627 827 mulierem:
642 763 757 826 ‘Fides
772 772 830 826 tua
840 771 873 826 te
883 763 1009 828 salvam
1021 763 1115 829 iecit’
1129 784 1195 828 non
1207 765 1300 844 ratio,
1313 783 1380 828 non
1391 763 1572 846 inquisitio,
1580 781 1646 826 non

290 887 393 951 quare
405 867 455 932 vel
468 887 572 952 quare
584 867 708 931 iactum
720 867 772 932 sit.
786 867 935 932 Credidit
951 869 1030 951 quia
1048 867 1147 943 lieret,
1159 875 1193 933 et
1206 868 1329 934 sactum
1343 877 1394 933 est
1406 869 1483 950 quia
1495 867 1648 932 credidit.

334 971 464 1052 Moyses
477 981 510 1036 et
530 971 647 1036 Aaron
664 973 699 1037 r'n
713 971 929 1036 sacerdotibus
943 972 1021 1049 eius,
1035 983 1066 1035 et
1082 973 1244 1038 Samuhel
1258 974 1343 1038 inter
1357 995 1408 1038 eas
1426 972 1486 1057 qui
1499 973 1651 1037 invocant

259 1103 273 1155 ς
293 1099 404 1142 nornen
419 1077 497 1144 eius.
514 1077 612 1142 Multi
629 1086 748 1153 errant,
766 1078 901 1142 beatum
928 1077 1086 1143 Samuhel
1104 1089 1223 1162 putant
1239 1101 1312 1144 esse
1335 1081 1550 1144 sacerdotem.
1568 1077 1647 1141 Non

294 1183 355 1250 fuit
376 1184 541 1260 sacerdos,
557 1183 656 1248 levita
683 1183 753 1248 luit.
778 1183 934 1266 Denique
958 1194 991 1249 et
1007 1185 1244 1250 vestimentum
1270 1183 1316 1247 illi
1342 1202 1409 1247 non
1427 1182 1529 1247 fiebat
1552 1180 1647 1264 quasi

291 1289 465 1365 sacerdoti,
481 1288 539 1352 sed
556 1287 650 1372 quasi
678 1287 807 1354 levitae.
825 1287 911 1352 Nam
941 1289 1100 1372 scriptum
1118 1298 1192 1354 est:
1216 1289 1281 1352 ‘Et
1309 1288 1460 1364 faciebat,
1477 1286 1594 1369 inquit,
1618 1285 1647 1347 ei

292 1401 398 1458 mater
406 1413 466 1456 sua
479 1392 842 1475 vestimentum,ephod
855 1393 929 1456 bad.
944 1393 1088 1458 'Eetion
1099 1394 1220 1458 dicitur
1230 1394 1557 1471 vestimentumuan
1568 1411 1649 1456 vero

290 1497 411 1562 dicitur
436 1496 569 1561 lineum.
589 1496 730 1561 Lineum
755 1506 868 1561 autem
896 1499 1132 1562 vestimentum
1159 1519 1226 1562 non
1252 1498 1422 1562 habebant
1439 1498 1501 1562 nisi
1518 1497 1647 1560 levitae.

245 1627 274 1663 ro
293 1601 490 1668 Sacerdotes
505 1609 618 1664 autem
636 1599 701 1664 Dei
725 1600 894 1666 habebant
915 1602 957 1665 de
973 1602 1121 1684 quinque
1140 1602 1323 1684 speciebus,
1345 1602 1408 1665 hoc
1424 1611 1483 1678 est,
1498 1601 1541 1664 de
1556 1619 1648 1676 auro,

221 1751 229 1766 .
291 1706 332 1768 de
348 1704 539 1788 hyacintho,
554 1705 597 1768 de
612 1703 723 1786 bysso,
738 1705 781 1768 de
793 1725 947 1786 purpura,
963 1706 1006 1769 de
1021 1727 1129 1770 cocco.
1143 1707 1356 1790 Quicumque
1373 1706 1473 1788 igitur
1488 1705 1530 1768 de
1540 1724 1647 1768 sacer·

291 1807 393 1872 dotali
410 1827 532 1891 genere
554 1818 658 1886 erant,
673 1809 755 1872 haec
783 1809 952 1874 habebant
977 1811 1185 1875 vestimenta.
1203 1811 1342 1876 Levitae
1371 1829 1450 1874 vero
1476 1809 1648 1873 habebant

290 1911 400 1994 ephod
418 1912 494 1988 bad,
506 1911 569 1976 hoc
581 1921 632 1976 est
649 1915 885 1978 vestimentum
899 1915 1033 1980 lineum.
1046 1915 1122 1978 Hoc
1138 1915 1239 1998 igitur
1252 1917 1360 1997 ipsum
1375 1923 1408 1978 et
1420 1933 1508 1977 nunc
1518 1914 1647 1977 dicitur.

290 2016 420 2096 Moyses
439 2027 472 2081 et
496 2015 613 2080 Aaron
629 2017 664 2081 in
690 2018 907 2083 sacerdotibus
920 2019 997 2098 eius,
1018 2030 1051 2084 et
1075 2019 1238 2085 Samuhel
1251 2018 1338 2082 inter
1358 2038 1409 2081 eos
1422 2017 1483 2099 qui
1496 2017 1648 2082 invocant

243 2141 402 2200 15nanren
425 2120 503 2186 eius.
526 2119 579 2184 illi
605 2121 795 2186 sacerdotes
815 2132 904 2200 sunt,
928 2123 991 2188 iste
1018 2123 1118 2188 levita
1144 2132 1205 2188 est.
1222 2123 1351 2186 Tamen
1384 2141 1449 2185 non
1477 2121 1648 2204 quaeritur

290 2225 435 2307 dignitas
458 2225 547 2306 apud
574 2225 695 2303 Deum,
722 2226 780 2289 sed
807 2246 918 2310 opera.
937 2227 1092 2310 Denique
1116 2247 1203 2309 quae
1230 2227 1307 2291 iecit
1333 2226 1480 2307 Moyses,
1503 2225 1582 2290 iecit
1612 2234 1646 2289 et

290 2329 458 2396 Samuhel.
484 2329 666 2412 Quomodo
691 2330 829 2412 Moyses
852 2333 973 2396 restitit
1000 2333 1074 2396 Deo
1103 2343 1139 2396 ut
1168 2352 1233 2395 non
1260 2339 1447 2415 percuteret
1475 2329 1648 2412 populum,

291 2435 426 2518 quando
446 2433 533 2497 dixit
559 2432 800 2499 illiz‘Dimitte
828 2455 890 2513 me,
906 2445 942 2500 ut
968 2435 1152 2517 percutiam
1180 2435 1341 2518 populum
1369 2435 1499 2498 istum’
1524 2435 1648 2500 Videte

322 2619 337 2654 2
349 2605 492 2670 inquisitio]
503 2604 608 2669 qaeesr'a'o
619 2604 638 2653 P
650 2619 713 2654 corr.
814 2618 829 2668 3
833 2605 935 2670 satane
946 2606 992 2668 sit]
996 2607 1097 2670 sactum
1109 2615 1144 2656 ert
1155 2607 1211 2658 CG.
1312 2608 1372 2673 quin
1385 2606 1500 2668 credidit]
1511 2605 1578 2671 quod
1587 2622 1604 2654 c.
1617 2605 1646 2656 C.

289 2699 303 2751 5
314 2687 443 2754 erraan
455 2687 527 2736 inser.
541 2687 595 2751 qai,
608 2686 669 2736 Aet.
682 2685 863 2751 Legendumne
871 2691 1003 2738 errantes?
1053 2688 1193 2757 8epio.l]C
1204 2709 1212 2750 ;
1223 2690 1279 2754 ested
1286 2692 1302 2741 S
1313 2709 1320 2750 ;
1332 2691 1395 2755 effod
1401 2691 1486 2741 ceteri.
1538 2689 1598 2755 aad]
1612 2689 1649 2748 133

287 2771 333 2819 bne
343 2769 365 2820 G
376 2785 383 2829 ;
395 2769 436 2818 bat
447 2768 532 2819 ceteri.
588 2781 618 2817 io
629 2768 694 2830 Dei]
706 2783 756 2817 om.
771 2769 816 2818 GP
827 2787 834 2828 ;
846 2770 871 2818 in
885 2769 902 2819 S
916 2769 1038 2834 particula
1051 2785 1101 2818 uon
1113 2771 1161 2820 hoc
1174 2772 1231 2822 loco
1241 2773 1326 2823 deleta
1338 2781 1384 2822 est.
1437 2771 1466 2820 de
1474 2770 1597 2836 qrer'aqrre]
1607 2785 1650 2820 nec

285 2853 396 2918 quinque
404 2852 432 2900 B.
484 2847 613 2915 specr'ebns]
624 2849 741 2914 spitiebus
750 2849 780 2899 C.
839 2849 1355 2916 16quoesecr'tMoyserlprrisecr'iMayren
1367 2855 1394 2902 B.
1450 2852 1602 2914 illillc'Jorn.
1614 2851 1646 2902 G.

332 2989 496 3071 nsacerei]
513 2991 621 3052 Mattli.
639 3011 665 3066 9,
685 2992 730 3049 28.
996 2993 1143 3064 ‘Samaei
1156 2992 1207 3068 qui
1218 2991 1521 3066 leuitaiuit,sctibitur
1532 2993 1649 3068 Regno

330 3095 354 3134 2.
362 3069 446 3152 seat]
462 3072 539 3133 Ibid.
557 3093 603 3132 er.
994 3091 1058 3132 rum
1075 3071 1170 3149 primo
1185 3072 1260 3134 libro
1276 3074 1415 3136 habuisse
1429 3073 1534 3136 aetatis
1548 3074 1648 3133 adhuc

215 3183 223 3196 ·
330 3173 355 3231 5.
372 3154 515 3230 Nansar't
527 3149 666 3236 sacerdos]
684 3153 809 3212 Hieron.
826 3153 940 3213 advers.
994 3156 1131 3228 parvulae
1146 3156 1238 3232 ephod
1248 3156 1312 3229 bari,
1330 3155 1346 3215 i.
1364 3175 1388 3217 e
1406 3156 1649 3235 superhumerale

290 3236 384 3296 Iouin.
418 3256 442 3308 1,
474 3255 510 3312 ²3
540 3235 725 3311 ‘Simulque
754 3235 941 3294 noscendum
993 3235 1145 3295 lineum...
1171 3235 1263 3296 Aliud
1289 3248 1333 3298 est
1358 3237 1438 3298 enim
1462 3256 1498 3297 ex
1521 3249 1649 3314 quatuor

289 3319 371 3394 quod
386 3319 506 3378 Samuel
521 3318 617 3388 levita,
634 3334 694 3376 non
716 3316 866 3387 sacerdos,
881 3334 941 3374 non
994 3315 1170 3394 supradictis
1198 3318 1357 3390 coloribus,
1383 3317 1400 3379 i.
1423 3338 1449 3380 e.
1476 3316 1649 3394 hyacintho,

289 3397 421 3476 pontifex
449 3397 544 3458 luerit.
572 3399 665 3460 Unde
686 3409 716 3457 et
744 3395 871 3457 iaciebat
901 3395 941 3455 illi
994 3399 1089 3474 bysso,
1103 3417 1204 3470 cocco,
1221 3419 1350 3476 purpura
1364 3412 1393 3460 et
1408 3417 1526 3460 exauro
1541 3398 1650 3460 habere

289 3492 382 3540 mater
410 3499 464 3539 sua
491 3481 582 3557 ephod
606 3480 673 3548 bad,
701 3479 943 3554 superhumerale
993 3491 1177 3551 contextum,
1192 3480 1275 3540 aliud
1302 3481 1331 3540 in
1355 3481 1580 3541 similitudinem
1607 3499 1651 3539 sa·

288 3560 427 3622 videlicet
452 3560 573 3634 lineum,
599 3559 651 3637 qui
680 3557 799 3620 habitus
825 3560 942 3636 proprie
993 3561 1149 3620 cerdotum
1178 3561 1304 3638 simplex
1332 3573 1361 3622 et
1386 3563 1498 3622 lineum
1513 3563 1529 3621 '.
1562 3561 1648 3621 Idem

289 3642 442 3703 levitarum
458 3654 487 3702 et
503 3641 626 3702 minoris
651 3651 696 3702 est
710 3639 832 3700 ordinis.
849 3641 942 3702 Unde
994 3643 1083 3718 paulo
1098 3654 1175 3715 ante,
1192 3661 1221 3702 n.
1240 3663 1295 3715 14:
1313 3647 1320 3676 ‘
1338 3644 1395 3702 His
1416 3653 1544 3719 quatuor
1566 3642 1649 3702 vesti·

288 3737 318 3784 et
333 3723 363 3783 in
378 3723 499 3801 psalmis
520 3743 581 3782 non
605 3722 775 3784 nominatur
800 3722 876 3782 inter
900 3742 943 3782 sa·
994 3722 1142 3795 mentis,'t
1168 3743 1193 3784 e.
1209 3725 1408 3797 seminalibus,
1434 3723 1535 3784 tunica
1561 3723 1647 3796 linea,

288 3808 433 3877 cerdotes,
461 3806 513 3865 sed
544 3805 619 3865 inter
644 3822 696 3864 eos
724 3805 775 3881 qui
801 3803 942 3862 invocant
993 3805 1113 3882 cingulo
1128 3807 1210 3882 quod
1226 3825 1356 3883 purpura
1370 3824 1463 3866 cocco
1477 3805 1566 3882 bysso
1581 3804 1648 3884 hya·

289 3906 399 3947 nomen
418 3885 560 3946 Domini:
577 3887 689 3962 Moyses
702 3893 729 3943 et
743 3886 846 3944 Aaron
855 3887 874 3943 ι’.
889 3905 908 3944 s.
920 3905 940 3944 e.
993 3884 1156 3962 cinthoque
1177 3887 1352 3960 contexitur,
1368 3900 1398 3948 et
1423 3887 1501 3964 pileo
1525 3887 1566 3946 de
1587 3905 1648 3962 quo

288 3969 450 4030 etSamuel
462 3970 479 4027 r‘.
496 3988 516 4027 e.
533 3988 559 4044 q.
577 3968 595 4028 ι’.
612 3987 640 4026 a.
657 3967 746 4025 eius’.
994 3985 1074 4025 nunc
1103 3965 1240 4040 diximus,
1267 3981 1327 4028 tam
1357 3969 1526 4029 sacerdotes
1558 3986 1648 4043 quam

331 4053 357 4110 8.
373 4050 465 4126 ephod
479 4045 551 4129 bad]
573 4070 582 4107 1
602 4050 675 4125 Reg.
696 4068 720 4120 a,
743 4049 776 4106 18
792 4065 849 4106 sec.
868 4064 939 4106 ixx.
995 4047 1150 4125 pontifices
1166 4061 1289 4108 utuntur
1302 4052 1318 4104 ’.

293 4135 339 4193 De
353 4131 481 4192 lectione
505 4145 605 4191 autem
631 4127 746 4188 codicis
761 4129 789 4188 G
803 4127 877 4203 effod
888 4129 944 4186 bar
1037 4131 1081 4188 18.
1098 4129 1185 4188 istam
1200 4127 1271 4211 ete]
1285 4132 1379 4192 Exod.
1399 4150 1446 4207 32,
1468 4152 1510 4190 10.
1525 4164 1565 4174 -
1577 4129 1649 4189 Hie-

290 4213 433 4290 legendus
460 4212 664 4288 Hieronymus
691 4209 776 4286 epist.
795 4229 840 4285 ²9·
859 4230 885 4269 n.
904 4226 941 4285 5:
993 4229 1055 4270 ron.
1066 4230 1110 4287 ep.
1128 4214 1192 4285 128,
1206 4231 1234 4271 n.
1247 4233 1265 4285 4
1279 4221 1286 4243 ⁸
1298 4211 1396 4290 Moysi
1408 4211 1538 4289 loquitur
1551 4212 1648 4271 Deus:

291 4294 449 4354 ‘Audiens
470 4293 531 4362 bar,
549 4293 638 4352 risum
665 4303 766 4354 tenere
792 4309 851 4349 non
878 4310 942 4368 pos·
993 4293 1120 4350 Dr'rar'tte
1146 4313 1195 4364 me,
1222 4301 1250 4353 et
1270 4293 1363 4352 delebo
1379 4295 1520 4372 papalum
1549 4293 1645 4351 r'slurn.

291 4395 365 4436 sum.
381 4376 460 4435 Nam
475 4394 543 4433 cum
559 4374 639 4450 apud
657 4373 813 4433 Hebraeos
828 4371 943 4431 dicatur
994 4373 1126 4448 Quando
1140 4374 1220 4446 dicit,
1241 4374 1363 4435 Dimitte
1386 4393 1443 4448 me,
1459 4375 1591 4434 ostendit
1616 4391 1647 4433 se

290 4459 353 4530 bad,
367 4455 447 4533 ipsos
461 4473 583 4532 quoque
598 4453 791 4530 Septuaginta
805 4451 942 4531 interpre·
993 4453 1085 4514 teneri
1111 4473 1207 4530 posse,
1235 4475 1272 4515 ne
1297 4455 1384 4515 iaciat
1409 4457 1491 4532 quod
1518 4456 1648 4514 minatus

291 4555 336 4600 tes
359 4537 402 4597 sic
426 4534 610 4598 transtulisse
635 4535 824 4595 manifestum
848 4534 893 4607 sit,
910 4545 942 4594 ut
993 4545 1055 4596 est:
1072 4535 1130 4596 Dei
1151 4535 1230 4596 enim
1257 4535 1420 4613 potentiam
1447 4535 1522 4597 servi
1546 4554 1648 4613 preces

293 4639 346 4700 pro
359 4619 419 4678 bad
428 4619 486 4678 bar
498 4617 673 4678 scriberetur
687 4634 767 4676 error
780 4615 910 4676 obtinuit
926 4618 940 4675 ’.
995 4616 1198 4693 impediebant
1213 4620 1227 4677 '.

337 4723 380 4760 ιι.
396 4701 429 4759 de
453 4695 536 4778 cocco]
561 4697 686 4759 Hieron.
711 4715 759 4776 ep.
785 4700 832 4772 64,
859 4715 940 4774 n.15
