4160 5500
832 344 1086 405 PRAEFATIO.
1586 340 1625 400 vii

272 530 419 590 censeo,
440 528 635 578 occurrere
662 503 763 576 vitiis
794 496 1187 600 reprehendendisque
1217 491 1436 586 defectibus,
1467 523 1626 597 quorum

272 624 508 698 existimator
534 623 657 721 quivis
686 638 861 696 versutus
887 645 930 694 ac
956 619 1088 696 sollers
1118 621 1154 693 in
1184 618 1274 714 ipsis
1303 618 1522 693 tractatibus
1551 643 1626 693 non

274 740 403 839 utique
423 741 585 837 reperiet
604 739 713 818 nulla.

327 859 416 934 Non
441 857 500 932 hic
531 860 656 958 agitur
685 859 734 934 de
760 857 905 933 minore
932 856 1116 931 sermonis
1143 855 1341 954 elegantia,
1374 859 1514 955 quippe
1542 884 1626 932 cum

275 978 371 1052 inter
401 1003 534 1052 omnes
565 994 722 1062 constet,
753 1003 774 1048 a
806 976 942 1073 seipsis
971 974 1191 1073 plerumque
1223 975 1324 1049 viros
1357 979 1447 1050 mire
1479 976 1628 1050 differre

274 1096 493 1193 ceteroquin
513 1095 755 1169 inscribendi
784 1115 865 1169 arte
888 1095 1172 1178 versatissimos,
1194 1084 1276 1166 cum
1297 1083 1425 1168 subito
1440 1098 1628 1169 orationes

276 1212 415 1287 babere
442 1231 638 1311 coguntur.
663 1213 899 1287 Nominatim
921 1213 1106 1308 proferam
1126 1199 1380 1298 Ambrosium,
1402 1239 1423 1285 a
1442 1239 1517 1312 quo
1544 1237 1629 1287 con-

275 1332 403 1404 ciones
422 1331 563 1429 aliquot
581 1331 711 1429 quales
735 1331 902 1427 prolatae
920 1351 1006 1403 sunt
1031 1330 1222 1414 habemus,
1244 1331 1471 1427 easdemque
1500 1349 1630 1426 postea

277 1446 486 1522 domestico
513 1449 642 1523 labore
674 1450 724 1523 ita
756 1467 985 1532 retractatas,
1008 1449 1165 1530 limatas,
1196 1447 1392 1543 expolitas,
1427 1469 1466 1521 ut
1492 1451 1555 1522 vix
1584 1451 1631 1523 ab

277 1567 413 1640 eodem
433 1584 584 1641 auctore
598 1569 722 1641 editae
741 1569 949 1643 videantur.
968 1568 1107 1640 Nonne
1127 1566 1207 1662 ipse
1230 1566 1486 1662 Hieronymus
1506 1584 1633 1641 noster

279 1683 316 1755 in
344 1683 508 1759 homiliis
528 1685 708 1782 Origenis
727 1686 839 1760 latine
858 1685 1061 1760 reddendis
1079 1686 1176 1758 adeo
1201 1685 1461 1780 incomposito,
1480 1687 1630 1783 agresti,

278 1801 534 1874 semibarbaro
550 1801 599 1901 (¹)
620 1804 735 1877 utitur
752 1829 936 1888 sermone,
958 1824 998 1876 ut
1025 1827 1098 1875 non
1119 1827 1309 1901 nunquam
1332 1828 1443 1900 aegre
1463 1804 1641 1902 dignosci

279 1917 428 2016 possit?
459 1920 572 2015 Quod
591 1922 743 2018 quidem
763 1923 831 1996 uiri
852 1923 911 1998 vel
934 1922 1175 1996 eruditissimi
1194 1923 1344 2018 proprio
1363 1922 1555 2016 impendio
1582 1923 1634 1996 ita

281 2061 367 2110 esse
384 2036 595 2112 didicerunt
610 2037 668 2136 (²)
739 2067 743 2074 ·
1340 2055 1343 2061 '
1556 2059 1559 2064 ’

328 2154 474 2252 'Neque
493 2157 530 2230 in
549 2159 593 2230 iis
613 2161 882 2246 commorabor,
902 2186 1000 2256 quae
1014 2160 1062 2232 ab
1080 2158 1323 2242 auditoribus,
1345 2157 1434 2229 dum
1455 2157 1493 2230 S.
1514 2157 1634 2231 Patris

284 2273 402 2346 verba
430 2274 574 2348 calamo
605 2277 830 2373 exciperent,
854 2277 1051 2350 manileste
1079 2275 1208 2350 vitiata
1235 2295 1332 2359 sunt,
1352 2295 1392 2346 ut
1417 2275 1636 2374 plerumque

277 2389 458 2465 hebraica
473 2393 654 2466 vocabula
670 2393 729 2493 (3).
754 2396 907 2469 Etenim
926 2397 974 2469 de
993 2395 1126 2468 ceteris
1144 2391 1333 2488 opusculis
1347 2393 1424 2466 suis
1444 2393 1516 2466 iam
1533 2420 1634 2490 prae·

281 2509 460 2593 ¹monebat
484 2509 740 2608 Hieronymus
768 2515 989 2586 Lucinium:
1024 2532 1042 2590 t
1062 2513 1101 2587 Si
1123 2534 1421 2608 paragrammata
1440 2515 1634 2607 repereris

284 2644 305 2703 t
326 2625 384 2698 vel
415 2628 536 2701 minus
565 2630 688 2726 aliqua
716 2628 905 2730 descripta
931 2653 1029 2716 sunt,
1051 2656 1146 2728 quae
1171 2654 1322 2702 sensum
1343 2631 1502 2726 legentis
1523 2629 1635 2724 impe-

288 2745 441 2830 rdiam,
464 2771 538 2819 non
558 2747 648 2820 mibi
674 2749 790 2822 debes
819 2750 1012 2847 imputare,
1035 2750 1102 2823 sed
1123 2750 1205 2831 tuis,
1227 2768 1264 2821 et
1293 2746 1501 2842 imperitiae
1531 2766 1634 2820 nota·
1736 2805 1739 2812 .

288 2865 462 2940 (riorum
492 2862 799 2964 librariorumque
830 2869 1004 2952 incuriae,
1025 2869 1087 2964 qui
1119 2867 1286 2940 scribunt
1314 2890 1388 2944 non
1413 2865 1514 2962 quod
1535 2863 1637 2938 inve·

274 3001 305 3058 t
324 2983 439 3068 niunt,
460 2984 527 3056 sed
545 2985 646 3082 quod
667 2985 914 3083 intellegunt3
932 3006 970 3059 et
989 2988 1077 3058 dum
1105 2986 1247 3058 alienos
1267 3007 1412 3057 errores
1436 2983 1638 3057 emendare

289 3118 309 3177 t
329 3100 507 3184 nituntur,
527 3102 732 3190 ostendunt
751 3129 839 3176 suos
861 3101 917 3202 (⁴).
941 3125 959 3181 t
988 3105 1093 3178 ldem
1114 3103 1225 3176 alibi:
1252 3121 1269 3179 t
1290 3102 1324 3173 N
1330 3127 1379 3173 on
1394 3127 1487 3183 sum,
1507 3099 1635 3197 inquit,

291 3277 622 3288 ——-—--——-—·—0—-
637 3279 1068 3290 -.---.-*-.--.-.——.„-.-—
1086 3283 1119 3287 —
1138 3281 1249 3287 ...-.-..
1266 3281 1302 3286 .-
1327 3281 1366 3285 .-
1388 3279 1482 3285 ——-.
1493 3279 1585 3285 .-.--—-
1610 3280 1638 3287 -.

320 3353 342 3390 1.
357 3340 426 3404 Lege
439 3341 482 3393 Fr.
495 3341 574 3391 Florii
590 3341 705 3392 libellum
717 3344 757 3392 De
776 3359 807 3393 ss.
829 3345 935 3393 Hs'lan'o
954 3352 977 3394 et
996 3345 1151 3405 Hieronymo
1171 3343 1287 3406 Origenis
1299 3340 1639 3405 interpretibulssononiae‚

287 3415 369 3475 1789),
382 3413 453 3464 cuius
463 3414 557 3479 primus
568 3416 689 3467 articulus
700 3417 861 3468 inscribitur:
874 3419 927 3470 (In
939 3418 1060 3468 Homiliis
1069 3417 1188 3480 Origenis
1198 3416 1276 3466 latine
1289 3415 1424 3466 reddendis
1435 3423 1537 3464 sanctus
1551 3413 1640 3463 Hiero·

276 3503 375 3552 -nymus
385 3489 536 3553 elegantium
549 3489 693 3554 neglexit».
703 3491 736 3540 Et
748 3492 891 3556 argumenti
903 3493 959 3542 loco
970 3492 1117 3541 adseruntur
1129 3491 1253 3556 quaedam
1262 3489 1386 3540 dictiones
1397 3496 1422 3538 et
1434 3487 1574 3537 humilioris
1585 3487 1641 3537 lari-

283 3561 373 3612 nitatis
383 3563 514 3622 vocabula,
528 3563 620 3628 quibus
631 3563 749 3629 squalent
763 3565 894 3616 Humiliae
905 3565 930 3615 in
944 3566 1077 3615 Ieremiam
1087 3572 1112 3615 et
1122 3564 1291 3624 Ezechielem,
1301 3571 1328 3612 ut
1337 3569 1394 3611 sunt
1401 3563 1503 3610 onirras
1510 3561 1641 3610 hominum

284 3643 402 3700 regnatas
413 3653 429 3686 a
435 3637 541 3699 peccatis
552 3637 654 3702 (Migne
666 3638 694 3688 P.
709 3637 739 3687 L.
754 3649 795 3702 25,
806 3637 855 3689 616
865 3640 905 3700 B),
918 3640 1071 3689 inanimales
1078 3639 1155 3688 nubes
1165 3638 1239 3699 (ibid.
1254 3637 1301 3701 657
1309 3637 1354 3708 ¹B),
1367 3636 1450 3686 alieni
1458 3651 1559 3685 erarius
1568 3641 1642 3684 testo·

283 3718 427 3761 motorum
438 3717 462 3761 et
472 3711 672 3776 repromissionis
683 3712 758 3771 (ibid.
771 3727 820 3777 720
831 3714 880 3775 A),
890 3711 1024 3766 s'nten'tato'o
1036 3713 1095 3775 (746
1107 3714 1149 3775 C),
1169 3721 1217 3763 etc.

319 3797 342 3834 2.
357 3785 457 3834 Norunt
477 3785 569 3835 eruditi
589 3801 604 3834 a
622 3785 748 3835 Vallarsio
769 3787 877 3851 primunt
897 3796 1070 3852 pernegatum,
1085 3799 1175 3837 novem
1197 3786 1315 3850 Origenis
1332 3783 1358 3834 in
1377 3783 1468 3833 lsaiam
1480 3782 1642 3833 homiliarum

284 3860 393 3910 latinum
405 3859 568 3924 interpretem
581 3859 766 3923 Hieronymum
778 3861 871 3912 luisse:
890 3862 926 3912 itu
941 3861 1059 3911 nimirum
1076 3878 1092 3910 a
1109 3861 1174 3911 tanti
1185 3860 1232 3909 viri
1252 3859 1355 3924 ingenio
1367 3857 1489 3908 dissidere
1501 3873 1543 3906 ens
1555 3856 1642 3921 opinu-

285 3935 368 3996 betur,
382 3941 409 3983 ut
421 3933 528 3998 ipsomet
537 3932 632 3982 fatente
646 3932 755 3983 (mirari
771 3949 821 3984 non
833 3935 968 3995 desineret,
982 3935 1142 3986 doctissimos
1153 3934 1220 3984 viros
1230 3933 1324 3983 babere
1336 3933 1392 3982 illus
1407 3947 1453 3996 pro
1466 3930 1643 3994 Hieronymia·

275 3999 327 4063 'nis
337 4008 449 4072 potuisse
461 4017 484 4058 ).
499 4005 577 4058 Stilus
588 4005 613 4055 in
627 4006 714 4073 primis
725 4006 748 4057 ei
761 4007 874 4059 abiectus
886 4025 940 4059 esse
948 4007 1092 4070 videbatur,
1105 4024 1135 4058 ac
1148 4009 1220 4057 venia
1231 4007 1336 4056 omnino
1344 4022 1430 4056 carere
1441 4005 1466 4054 id
1478 4019 1558 4068 genus
1570 4019 1642 4052 voca-

278 4083 348 4133 ·bula
358 4081 519 4145 figuraliter,
539 4080 686 4141 inversibile,
708 4082 776 4130 illud
792 4084 956 4146 negotiorum,
977 4084 1166 4147 magniloquax,
1184 4082 1307 4147 sufficiens
1323 4082 1379 4139 isto,
1398 4089 1473 4144 atque
1492 4078 1531 4127 his
1552 4077 1644 4127 similia

286 4155 409 4217 (Praetu.
422 4153 449 4204 in
462 4163 523 4203 torn.
539 4154 585 4213 IV,
601 4153 689 4218 Migne
701 4167 741 4216 24,
758 4157 850 4219 13·16).
865 4158 925 4206 Post
937 4171 1017 4206 annos
1030 4172 1089 4204 vero
1102 4155 1153 4206 lere
1165 4156 1268 4219 triginta
1279 4172 1294 4204 a
1306 4153 1431 4203 sententia
1443 4149 1548 4210 destitit,
1568 4157 1644 4215 utque

287 4236 342 4280 erat
353 4229 476 4294 simplicis
488 4227 600 4278 veritatis
608 4230 711 4287 amicus,
723 4229 832 4294 ingenue
842 4230 967 4294 professus
979 4239 1025 4289 est,
1039 4230 1117 4278 dubio
1130 4231 1253 4294 reliquum
1265 4243 1320 4278 esse
1331 4229 1415 4276 locum
1428 4241 1479 4275 non
1492 4240 1574 4289 posse,
1583 4225 1645 4288 quin

287 4303 435 4354 Adamantii
448 4301 575 4352 llomilias
587 4301 613 4350 in
626 4302 707 4352 Isaiae
720 4303 837 4354 Visiones
849 4304 902 4368 ipse
921 4320 1027 4368 mugnus
1040 4305 1211 4367 Hieronymus
1226 4301 1316 4351 latinns
1328 4301 1435 4351 iecisset.
1448 4299 1498 4360 (Cf.
1510 4298 1642 4348 Admonit.

287 4395 330 4443 ap.
346 4377 444 4442 Migne,
457 4376 531 4437 ibin,
544 4376 593 4426 col.
607 4385 654 4439 935
664 4393 701 4440 sq.
709 4377 726 4436 l.

280 4495 282 4500 .
323 4463 346 4514 3.
361 4451 396 4501 Ut
409 4457 469 4514 puta
484 4449 582 4500 Chobar
592 4465 638 4515 pro
653 4450 779 4500 chorraei
792 4453 859 4513 (204,
882 4465 902 4501 t.
915 4454 949 4513 7),
964 4467 1043 4501 orcam
1055 4469 1101 4516 pro
1113 4451 1184 4500 cazab
1196 4450 1280 4512 libid„
1294 4466 1319 4514 p.
1342 4461 1399 4510 214,
1414 4449 1431 4498 l.
1449 4448 1498 4508 14),
1511 4447 1588 4495 solun
1600 4461 1645 4512 pro

280 4527 360 4576 daron
371 4525 425 4586 (111
438 4533 479 4585 27,
489 4523 524 4585 6),
539 4533 586 4574 etc.

323 4615 348 4662 4.
364 4599 447 4664 Epist.
462 4609 501 4659 71,
516 4614 542 4648 n.
554 4608 576 4661 5.
685 4623 687 4626 -
