4158 5492
439 416 493 498 26
819 436 847 495 s
872 433 1125 494 uruaourm
1147 433 1412 493 sussurrant

438 651 534 717 nobis
550 651 583 714 in
604 649 668 714 fine
685 660 837 733 apertum
854 658 912 714 est.
934 649 1003 714 Pro
1030 647 1246 733 occultisfilii.
1264 649 1303 712 In
1331 647 1487 712 hebraico
1501 647 1598 712 aliter
1624 649 1735 714 habet.
1753 650 1792 712 ln

438 755 593 820 hebraico
609 754 697 818 enim
715 753 815 817 habet
831 766 1025 831 ALAMOTH,
1045 753 1135 835 quod
1152 753 1396 835 interpretatur,
1420 773 1481 836 pro
1497 762 1624 817 morte:
1640 767 1689 816 AL
1704 752 1793 816 enim

439 859 559 922 dicitur
585 877 655 941 pro,
682 871 790 921 Morti
815 856 936 921 dicitur
963 876 1059 920 mors.
1087 856 1177 938 Ergo
1213 876 1274 938 pro
1302 865 1408 920 morte
1434 856 1575 934 dicitur;
1600 877 1660 938 pro
1687 865 1795 919 morte

441 982 520 1045 ergo
537 961 593 1024 lilii
610 961 642 1024 in
671 960 815 1025 hebraeo
830 962 990 1043 scriptum
1006 968 1065 1022 est.
1083 959 1205 1022 Videte
1230 959 1330 1040 igitur
1347 957 1568 1041 Septuaginta
1589 958 1795 1041 interpretes,

440 1064 598 1149 quoniam
626 1063 801 1128 Ptolomeo
822 1063 939 1145 gentili
967 1063 1036 1145 regi
1060 1061 1372 1144 interpretabantur,
1398 1071 1431 1125 et
1455 1062 1574 1126 durum
1599 1071 1670 1126 erat
1686 1061 1794 1125 dicere
1833 1089 1847 1141 5

444 1180 584 1234 mortem
602 1166 670 1244 filii,
696 1167 864 1232 occultum
891 1167 1099 1250 interpretati
1116 1176 1202 1229 sunt.
1232 1165 1307 1229 Nou
1325 1165 1492 1242 dixerunt,
1509 1185 1569 1247 pro
1595 1174 1702 1228 morte
1718 1162 1795 1227 lilii:

442 1270 592 1335 sciebant
608 1269 697 1331 enim
713 1268 803 1350 quod
828 1267 870 1330 de
893 1270 962 1335 lilio
987 1271 1050 1333 Dei
1078 1269 1250 1334 diceretur.
1278 1269 1448 1334 Videbunt
1470 1270 1630 1352 scriptum
1654 1279 1797 1346 esse;et

443 1387 556 1440 tamen
567 1371 732 1436 timebant
748 1373 812 1435 Dei
830 1372 934 1439 filium
950 1375 1061 1439 dicere
1077 1394 1150 1437 esse
1166 1374 1372 1438 moriturum.

488 1476 565 1540 Hoc
581 1473 712 1537 interim
729 1474 772 1538 de
786 1475 885 1540 titulo
900 1479 1108 1561 disputatum
1125 1478 1177 1557 sit,
1192 1487 1226 1542 et
1241 1478 1432 1541 universum
1448 1475 1615 1559 psalmum
1632 1478 1675 1542 de
1692 1490 1797 1545 morte

444 1577 627 1646 Salvatoris
657 1577 849 1660 intellegere
875 1583 1044 1647 debemus.
1071 1582 1226 1664 Denique
1252 1591 1289 1646 ut
1314 1580 1426 1646 sciatis
1449 1580 1527 1664 quia
1554 1581 1596 1645 de
1624 1580 1798 1648 Salvatore
1819 1613 1849 1650 ιο

442 1685 571 1762 dicitur,
586 1683 708 1747 dicitur
722 1683 765 1747 de
788 1685 942 1750 ludaeis:
964 1687 1005 1748 ln
1020 1685 1132 1768 laqueo
1147 1685 1217 1762 isto,
1232 1706 1326 1767 quem
1346 1683 1555 1761 tetenderunt,
1568 1684 1797 1766 conprehensus

442 1800 490 1857 est
498 1800 555 1871 pes
569 1805 687 1851 eorum.
704 1788 836 1854 Deinde
863 1791 906 1855 de
922 1790 1096 1856 vocatione
1120 1791 1292 1872 gentium:
1320 1790 1439 1855 Omues
1457 1796 1570 1871 gentes
1584 1809 1666 1870 quae
1684 1789 1797 1855 oblivi-

442 1898 579 1956 scuntur
591 1889 707 1952 Deuru.
724 1888 771 1953 Et
789 1892 968 1959 novissime
983 1902 1100 1958 contra
1116 1893 1307 1958 diabolum:
1324 1893 1400 1956 Nou
1422 1900 1471 1954 est
1483 1890 1575 1954 Deus
1591 1891 1625 1952 ier
1640 1903 1799 1974 conspectu

442 1997 521 2072 eius,
535 1992 621 2056 sedet
633 1993 668 2054 in
684 1993 816 2058 insidiis
830 2018 902 2062 cum
916 1998 1086 2063 divitibus.
1104 1995 1257 2061 Infelices
1273 1997 1401 2074 divites,
1417 2015 1492 2060 cum
1510 1993 1630 2077 quibus
1646 1995 1799 2060 diabolus

443 2102 546 2166 sedet.
573 2098 728 2181 Denique
752 2099 863 2166 videte
887 2104 966 2187 quid
991 2103 1112 2167 dicitur
1126 2101 1169 2165 de
1196 2100 1352 2165 diabolo:
1381 2099 1484 2164 Sedet
1511 2101 1544 2161 in
1572 2098 1700 2162 insidiis
1723 2119 1798 2164 cum
1821 2136 1849 2188 ¹5

444 2205 613 2272 divitibus.
629 2203 841 2287 Quicumque
867 2207 956 2271 enim
973 2208 1066 2272 dives
1092 2216 1152 2284 est,
1169 2205 1231 2269 nisi
1248 2225 1429 2288 pauperem
1455 2203 1686 2287 expoliaverit,
1707 2206 1800 2270 dives

445 2331 517 2375 esse
534 2329 600 2373 non
616 2317 748 2391 potest:
765 2320 941 2392 propterea
953 2311 1050 2388 dixit,
1064 2310 1167 2375 Sedet
1184 2309 1216 2372 in
1229 2308 1355 2372 insidiis
1368 2329 1443 2372 cum
1460 2308 1626 2372 divitibus.
1639 2307 1800 2392 Quando-

446 2433 589 2498 cumque
604 2412 724 2477 divites
740 2425 958 2494 persecuntur
974 2415 1182 2497 Xpistianos,
1197 2414 1349 2478 dicamus
1364 2412 1487 2478 :Sedet
1501 2412 1655 2476 diabolus
1672 2413 1704 2476 in
1722 2414 1800 2478 insi-

446 2520 510 2582 diis
525 2538 601 2582 cum
616 2516 785 2580 divitibus.
811 2516 1001 2582 Insidiatur
1015 2527 1052 2581 ut
1078 2517 1189 2600 rapiat
1195 2529 1381 2601 pauperem,
1406 2528 1516 2599 rapere
1524 2527 1700 2599 pauperem
1720 2517 1799 2582 dum

444 2621 595 2687 adtrahit
617 2639 714 2684 eum:
730 2619 765 2682 iu
786 2619 899 2704 laqueo
917 2643 974 2686 suo
988 2620 1179 2685 humiliabit
1192 2643 1273 2684 eum.
1301 2623 1376 2685 Hoc
1400 2621 1531 2702 impius,
1557 2619 1621 2683 hoc
1636 2621 1800 2686 diabolus.
1821 2660 1853 2696 20

446 2728 629 2809 Pauperem
645 2744 712 2788 non
733 2723 841 2788 solum
858 2727 991 2804 divitiis,
1017 2727 1075 2790 sed
1092 2737 1126 2790 et
1153 2727 1290 2809 spiritu:
1306 2731 1313 2758 ‘
1331 2725 1426 2789 Beati
1442 2725 1531 2788 enim
1558 2745 1721 2808 pauperes
1737 2727 1802 2809 spi-

447 2838 511 2901 ritu
528 2833 544 2895 ³.
571 2829 613 2892 Iu
633 2828 746 2912 laqueo
767 2849 825 2892 suo
844 2829 1042 2896 humiliabit.
1069 2828 1206 2913 Quem?
1231 2831 1437 2908 subauditur,
1463 2851 1653 2913 pauperem.
1681 2833 1804 2898 Videte

447 2940 527 3026 quid
543 2937 671 3001 dicitur.
694 2934 918 3015 Humiliabit;
947 2955 1023 3012 non,
1038 2934 1235 3000 interficiet:
1250 2957 1326 3001 cum
1352 2947 1465 3002 autem
1482 2936 1706 3002 humiliaverit
1722 2960 1802 3022 pau-

447 3063 570 3129 perem,
586 3039 774 3104 humiliatio
790 3039 945 3122 pauperis
962 3038 1056 3103 ruina
1072 3049 1124 3102 est
1150 3039 1283 3105 diaboli.
1301 3041 1391 3124 Quid
1408 3040 1497 3104 enim
1515 3042 1687 3124 sequitur?
1703 3043 1799 3108 Incli-

448 3148 585 3214 ualitse
608 3155 638 3207 et
652 3143 749 3219 cadet,
774 3143 855 3208 darn
876 3143 1063 3206 dominatus
1077 3143 1190 3222 fuerit
1201 3155 1392 3226 pauperum.
1417 3145 1539 3210 Nonne
1563 3146 1657 3209 vobis
1673 3148 1804 3213 videtur
1823 3181 1853 3233 25

448 3250 601 3318 diabolus
614 3249 646 3311 in
661 3248 898 3330 persecutione,
911 3247 1047 3330 quando
1059 3248 1224 3312 occideret
1238 3247 1443 3329 Xpistianos,
1455 3248 1593 3331 quando
1604 3249 1804 3317 interficeret

509 3418 658 3478 Atmttortt]
669 3415 735 3467 codd
748 3433 755 3475 ;
773 3425 902 3464 AL-ttorlr
914 3435 942 3480 μ,
1046 3430 1072 3466 11
1087 3413 1192 3474 de'citur]
1204 3419 1280 3467 semel
1294 3418 1345 3468 SG.
1449 3419 1478 3467 16
1488 3419 1663 3484 expoliaverit]
1684 3422 1744 3482 Bu;
1755 3434 1803 3490 spo·
1821 3472 1824 3480 ,

449 3508 552 3558 liaverit
565 3503 616 3568 μῦ,
628 3499 802 3564 dispoliaverit
813 3499 839 3549 S.
853 3499 891 3549 Cf.
906 3515 981 3564 supra
993 3500 1080 3549 adnot.
1094 3500 1149 3550 crit.
1164 3517 1187 3565 p.
1203 3513 1224 3560 t,
1235 3501 1251 3550 l.
1270 3513 1279 3550 1
1292 3501 1419 3566 dispositio
1430 3518 1476 3568 pro
1492 3504 1618 3567 expositio.
1689 3505 1718 3555 18
1725 3513 1805 3571 perse·

449 3582 783 3651 curstru‘lpersequerrlurli.
839 3611 844 3618 ·
884 3593 915 3632 22
933 3583 1091 3646 hurriliabit]
1110 3584 1152 3634 SG
1171 3584 1229 3633 add.
1249 3600 1314 3635 eum.
1417 3595 1447 3648 25
1455 3587 1610 3650 pauperum]
1624 3595 1761 3652 pauperem
1775 3593 1802 3643 Β1

450 3675 481 3724 26
492 3669 616 3729 occideret]
623 3665 739 3716 occiderit
748 3663 801 3714 BC.

449 3829 508 3888 qua
523 3817 552 3868 et
568 3801 640 3863 noni
661 3799 767 3878 psalmi
782 3799 886 3860 titulus
911 3809 1101 3876 praenotatur
1197 3803 1240 3860 16.
1266 3802 1326 3860 m'si
1341 3813 1500 3878 pauperem
1531 3805 1722 3880 expoliaverit
1743 3803 1803 3888 etc]

449 3893 511 3952 Pro
524 3883 636 3946 occultis
639 3883 708 3959 filii
720 3883 735 3941 '.
759 3882 804 3952 cf.
831 3882 932 3943 adnot.
948 3881 988 3942 ad
1012 3881 1102 3943 Com·
1154 3883 1803 3962 Immoderatiussanedictum,quodtamen

450 3965 615 4034 mentatiol.
632 3984 659 4042 p.
679 3983 724 4037 21,
741 3963 790 4022 lin.
809 3982 854 4024 22.
1150 3961 1221 4022 alibi
1256 3983 1378 4042 quoque
1413 3965 1652 4043 Hieronymiano
1686 3970 1804 4031 calamo

491 4071 516 4132 5.
546 4049 683 4127 qeroruirm
711 4045 856 4104 Ptolomeo
882 4041 942 4126 etc]
973 4042 1097 4105 Hieron.
1151 4043 1268 4119 excidit,
1285 4066 1310 4105 v.
1323 4065 1364 4124 gr.
1378 4047 1495 4108 Comm.
1511 4047 1540 4106 in
1554 4049 1647 4109 Mich.
1662 4071 1669 4109 ι
1683 4055 1803 4113 ‘omnes

451 4137 575 4197 Praelat.
594 4128 674 4190 hebr.
691 4138 803 4204 quaest.
821 4126 851 4187 in
866 4130 975 4189 Genes.
990 4128 1032 4184 M.
1053 4145 1098 4202 23,
1150 4125 1271 4186 divitiae
1296 4129 1368 4188 dum
1391 4129 1465 4188 alios
1484 4130 1621 4207 spoliant,
1649 4130 1803 4210 iniquitate

450 4222 507 4296 985
523 4240 529 4276 :
547 4221 637 4272 ‘cum
653 4208 694 4268 illi
710 4211 885 4269 Ptolomaeo
900 4209 958 4285 regi
974 4210 1100 4268 Alexan·
1151 4207 1322 4286 pariuntur'
1332 4231 1341 4284 3
1355 4207 1385 4269 in
1407 4211 1443 4270 Is.
1464 4231 1510 4288 33,
1529 4231 1583 4288 13:
1609 4219 1615 4244 ‘
1632 4213 1699 4273 Nisi
1723 4216 1802 4275 enim

448 4303 531 4361 driae
565 4291 689 4372 mystica
723 4309 861 4368 quaeque
888 4291 920 4351 in
949 4289 1099 4367 scripturis
1151 4309 1219 4349 cum
1234 4290 1354 4351 alterius
1370 4293 1482 4352 damno
1498 4307 1526 4353 et
1553 4296 1641 4368 malo,
1658 4297 1803 4372 pecuniae

448 4379 557 4442 sanctis
572 4377 696 4456 prodere
712 4373 867 4446 noluerint,
883 4384 914 4434 et
924 4371 1053 4433 maxime
1064 4391 1100 4432 ea
1150 4370 1234 4432 alteri
1250 4392 1312 4432 non
1327 4387 1538 4434 coacervantur
1549 4376 1556 4402 '
1567 4397 1577 4450 ,·
1587 4376 1627 4435 ad
1638 4377 1803 4438 Hedibiam

448 4482 526 4542 quae
540 4458 651 4524 Christi
673 4459 835 4516 adventum
851 4454 1068 4532 pollicebantur
1083 4456 1097 4514 ’.
1150 4474 1196 4531 ep.
1217 4474 1281 4528 120,
1297 4475 1321 4514 c.
1343 4475 1354 4513 1
1372 4478 1379 4516 :
1396 4461 1402 4487 ‘
1418 4475 1522 4516 omnes
1537 4457 1617 4516 enim
1633 4457 1754 4520 divitiae
1765 4461 1804 4521 de

493 4549 642 4622 13.conlra
651 4531 810 4618 diabolum]
824 4537 947 4598 Hieron.
959 4535 990 4595 in
1004 4537 1042 4597 ls.
1053 4557 1097 4612 14,
1149 4535 1305 4612 iniquitate
1320 4539 1516 4612 descendunt,
1532 4550 1561 4598 et
1583 4537 1640 4599 nisi
1654 4542 1727 4601 alter
1742 4561 1804 4620 per·

453 4631 487 4688 1⁶
500 4650 506 4688 ζ
521 4631 529 4658 ι
544 4628 583 4686 de
598 4642 660 4701 quo
675 4619 705 4684 jn
721 4639 802 4679 nono
828 4621 952 4697 psalmo,
969 4622 1019 4695 qui
1035 4639 1099 4697 pro
1149 4617 1266 4691 diderit,
1283 4620 1355 4679 alter
1372 4638 1431 4678 non
1447 4631 1544 4697 potest
1560 4619 1691 4683 invenire
1706 4625 1721 4684 '.

449 4711 510 4789 prie
525 4722 629 4771 contra
643 4705 796 4767 diabolum
810 4715 863 4777 est,
879 4703 988 4763 dicitur
997 4703 1011 4760 ¹.
1192 4719 1237 4759 21·
1255 4696 1374 4782 sputu]
1391 4703 1497 4766 Mattb.
1515 4719 1541 4781 52
1559 4723 1585 4780 3-
