4202 5492
455 401 511 482 86
796 461 798 466 -
831 425 859 484 s.
885 423 1139 485 aratorium
1166 421 1429 482 Pressuram

458 639 626 724 Quoniam
643 641 731 705 enim
750 640 859 705 Chore
884 650 917 705 et
942 640 1078 704 Dathan
1096 648 1129 704 et
1152 638 1282 703 Abiron
1300 638 1449 703 iecerunt
1464 646 1581 702 contra
1605 638 1756 722 Moysen,
1780 648 1814 704 et

458 745 643 809 aDomino
667 745 774 826 puniti
805 754 892 822 sunt,
918 743 974 808 lilii
1001 743 1119 822 Chore,
1135 744 1192 827 qui
1221 763 1287 806 non
1315 753 1393 807 sunt
1421 744 1525 807 secuti
1552 752 1681 826 patrem
1709 765 1816 824 suum,

459 858 593 912 aeterno
609 848 733 930 gaudio
745 847 911 912 benedicti
925 858 1010 912 sunt.
1022 847 1191 931 Quoniam
1209 857 1321 912 autern
1333 846 1444 912 Chore
1459 847 1695 930 interpretatur
1707 848 1815 914 calva·

459 951 515 1028 ria,
540 962 572 1016 et
598 951 812 1014 manifestum
839 953 1003 1034 estquod
1033 951 1176 1016 calvaria
1204 949 1409 1034 significatur
1436 951 1529 1015 locus
1560 953 1816 1032 resurrectionis,

459 1056 661 1138 quicumque
677 1053 761 1118 lilius
778 1053 887 1120 Chore
904 1065 964 1134 est,
980 1055 1065 1120 lilius
1081 1066 1132 1121 est
1148 1056 1403 1120 resurrectionis.
1417 1055 1630 1139 Quicumque
1642 1066 1753 1122 autem
1766 1067 1816 1122 est
1851 1075 1865 1129 5

460 1157 545 1222 lilius
562 1159 818 1236 resurrectionis,
834 1159 914 1224 nihil
933 1169 1044 1242 potest
1059 1159 1182 1223 habere
1197 1159 1286 1243 quod
1305 1161 1398 1223 triste
1414 1169 1473 1226 est.

507 1263 614 1342 erom
639 1263 755 1326 diiecto
779 1261 987 1328 tabernaculo
1011 1273 1069 1327 tuo
1086 1264 1226 1328 Domine
1240 1264 1404 1328 virtutum
1416 1287 1427 1328 .·
1453 1265 1642 1348 concupiscit
1660 1275 1692 1329 ct
1712 1265 1820 1349 deficit

460 1368 575 1431 anima
590 1389 662 1432 meo
678 1369 712 1430 in
732 1369 822 1432 atrio
843 1367 989 1432 Domini.
1004 1368 1135 1432 Deinde
1151 1369 1288 1432 dicitur‘
1303 1369 1396 1432 Beati
1413 1369 1470 1450 qui
1482 1367 1638 1433 habitant
1654 1367 1687 1431 in
1711 1369 1815 1433 domo

461 1473 544 1536 tua'.
564 1472 686 1536 Videte
714 1475 775 1537 tria
800 1493 891 1538 csse:
919 1472 1143 1549 tabernacula,
1158 1483 1191 1536 et
1218 1473 1310 1551 atria,
1327 1483 1360 1536 et
1387 1473 1429 1536 ad
1459 1481 1649 1536 extremum
1666 1472 1812 1537 domum.

464 1574 571 1653 Quam
593 1574 709 1640 dilecta
724 1575 931 1640 tabernaculo
947 1585 1006 1640 tuo
1022 1575 1162 1639 Domine
1183 1576 1354 1641 uirtutum.
1371 1575 1467 1659 Quae
1482 1587 1559 1640 sunt
1576 1575 1640 1640 ista
1665 1577 1816 1640 taberna·
1832 1599 1868 1636 ro

460 1679 534 1742 cula
547 1685 561 1740 i
576 1680 761 1744 Videamus
777 1681 998 1764 evangelium,
1017 1700 1058 1743 an
1088 1679 1184 1745 nobis
1208 1681 1355 1764 aliquam
1372 1679 1631 1764 significantiam
1650 1681 1818 1765 praebeat.

463 1781 626 1865 Loquitur
643 1784 819 1864 Dominus,
833 1794 867 1849 et
883 1785 983 1849 dicit:
998 1790 1005 1817 ‘
1024 1784 1138 1849 Facite
1154 1782 1248 1848 vobis
1270 1786 1395 1848 amicos
1411 1786 1454 1850 de
1467 1785 1582 1870 iniquo
1599 1807 1766 1866 mamona,
1782 1796 1817 1851 ut

462 1907 536 1950 cum
555 1887 720 1965 deiecerit,
737 1889 897 1973 recipiant
912 1909 972 1952 vos
987 1889 1020 1952 in
1038 1898 1173 1952 aeterna
1189 1889 1404 1952 tabernacula
1416 1889 1433 1955 ’.
1451 1889 1539 1971 Quid
1557 1889 1740 1955 deiecerit?
1755 1890 1817 1955 hoc

463 2001 522 2070 est,
539 1992 671 2076 iniquus
696 2012 861 2058 mamona.
888 1993 1065 2076 Recipiant
1082 2013 1140 2056 vos
1160 1990 1208 2057 illi
1233 1994 1265 2056 in
1294 2003 1429 2056 aeterna
1446 1993 1669 2062 tabernacula.
1686 1995 1818 2060 Videtis

463 2116 543 2178 ergo
565 2096 654 2180 quod
681 2097 814 2181 iniquus
835 2117 993 2162 mamona
1016 2100 1048 2161 in
1075 2098 1140 2161 isto
1164 2097 1297 2162 saeculo
1325 2095 1438 2161 deficit
1464 2097 1593 2162 Tamen
1610 2100 1819 2163 considerate
1839 2118 1868 2172 ις

462 2202 551 2284 quod
569 2202 631 2266 iste
644 2202 776 2286 iniquus
793 2204 953 2267 iustitiam
968 2212 1152 2286 praeparat.
1168 2204 1330 2267 Mamona
1346 2205 1378 2267 in
1393 2204 1505 2286 lingua
1522 2205 1666 2268 hebraea
1681 2205 1817 2270 divitiae

463 2316 716 2389 nuncupantur:
733 2328 799 2371 non
816 2328 943 2386 aurum,
960 2319 995 2372 ut
1011 2309 1148 2391 quidam
1166 2318 1293 2390 putant.
1311 2307 1365 2371 De
1380 2307 1495 2390 iniquo
1511 2327 1713 2372 mammona.
1729 2309 1819 2373 Vera

463 2419 559 2474 estet
575 2410 765 2494 philosophi
781 2413 947 2494 quaedam
964 2413 1152 2477 sententia:
1168 2411 1307 2477 ‘Omnis
1319 2412 1413 2476 dives
1426 2420 1485 2476 aut
1497 2410 1703 2494 iniquus,aut
1714 2410 1818 2494 iniqui

466 2513 560 2577 heres
575 2525 629 2580 est
640 2515 656 2581 ⁸.
674 2517 853 2599 Propterea
876 2515 956 2580 dicit
974 2515 1141 2580 Dominus
1157 2525 1258 2598 atque
1274 2515 1429 2581 Salvator
1444 2515 1533 2600 quod
1551 2515 1671 2584 divites
1686 2513 1820 2578 difficile

466 2619 695 2700 ingrediantur
705 2621 737 2684 in
749 2621 1038 2702 regnocaelorum.
1050 2620 1151 2685 Dicat
1163 2619 1281 2703 aliquis
1296 2644 1303 2684 :
1320 2620 1502 2703 Quomodo
1512 2619 1684 2683 Zachaeus
1695 2619 1818 2702 ingres·
1836 2641 1870 2678 ao
1894 2639 1902 2656 ·

467 2742 522 2786 sus
538 2733 588 2788 est
605 2725 637 2789 in
654 2745 757 2809 regno
773 2725 949 2803 caelorum,
967 2726 1024 2808 qui
1051 2724 1144 2787 dives
1164 2725 1247 2788 tuit?
1276 2723 1342 2789 Sed
1371 2724 1465 2788 dedit
1487 2723 1631 2802 divitias,
1646 2733 1680 2786 et
1705 2721 1817 2787 statim

466 2829 673 2892 conmutavit
688 2829 820 2893 divitias
836 2830 928 2911 regni
945 2828 1119 2892 caelorum.
1138 2828 1214 2891 Non
1232 2826 1543 2911 dixit,Quicumque
1555 2827 1675 2891 divites
1690 2826 1819 2904 luerint,

466 2950 532 2993 non
550 2931 720 2996 intrabunt
737 2933 769 2995 in
788 2953 890 3015 regno
906 2933 1072 2997 caelorum
1088 2955 1094 2995 :
1111 2932 1169 2995 sed
1186 2931 1283 3008 dixit,
1306 2931 1396 3015 quod
1422 2930 1555 2995 difficile
1582 2931 1703 2995 divites
1718 2931 1818 2994 intra·

466 3033 550 3096 bunt
566 3035 598 3098 in
616 3054 719 3117 regno
734 3036 909 3100 caelorum.

501 3200 510 3236 t
517 3188 636 3252 fecerunt
646 3189 742 3252 contra]
753 3189 784 3240 ci.
799 3205 835 3254 gr.
851 3182 1079 3258 ivnurtorrpuqe'm
1092 3195 1214 3238 steterunt
1223 3197 1309 3238 contra
1318 3190 1348 3240 C.
1448 3185 1695 3253 manifestantur]
1714 3187 1819 3252 rrranr'fe-

465 3276 559 3320 ttatum
578 3279 613 3320 cst
631 3274 736 3322 cruuion
748 3273 774 3324 S.
875 3273 953 3337 priori]
970 3272 1034 3336 quid
1043 3271 1075 3322 G.
1175 3271 1345 3336 significatur]
1361 3271 1568 3336 significetur&
1586 3271 1770 3335 interpretatur
1785 3271 1817 3320 G.

468 3364 505 3402 ta.
522 3365 551 3414 14
563 3354 689 3416 momoria]
709 3371 852 3404 nrarrrurouo
872 3353 967 3421 βΑΟΡ.
1071 3354 1212 3419 taiur'quo]
1232 3353 1329 3404 inicoC
1346 3367 1355 3403 t
1370 3371 1403 3404 m.
1508 3367 1536 3416 14
1548 3354 1664 3420 iniquus]
1684 3353 1819 3413 inicusC3

466 3435 543 3485 inicos
555 3436 583 3486 P.
662 3438 691 3487 16
702 3437 815 3500 hebraea]
827 3437 941 3486 licicaica
953 3437 976 3486 G
988 3456 995 3497 ;
1007 3439 1105 3500 syrirrca
1117 3438 1143 3488 S.
1157 3437 1189 3486 cf.
1203 3437 1290 3487 adnot.
1304 3436 1376 3486 inira.
1453 3449 1493 3486 20.
1508 3449 1536 3486 at
1551 3435 1636 3500 regno]
1651 3436 1695 3496 G;
1714 3450 1820 3500 regnunt

468 3516 590 3585 βςνιξηα
602 3518 673 3569 CPS.
766 3531 798 3568 22
809 3516 895 3583 regni]
906 3519 979 3570 codd.
994 3519 1036 3579 (ci.
1050 3535 1087 3584 gr.
1101 3514 1127 3570 ti
1137 3534 1206 3576 τινος
1220 3513 1513 3586 ἆλλάσσεινῃνιμοβ.
1604 3517 1821 3582 23regn01rngna

467 3597 528 3666 uos
540 3618 548 3660 ;
560 3615 664 3663 regnum
677 3600 706 3651 C.
806 3601 884 3666 quod]
895 3617 971 3666 quam
984 3599 1010 3651 S.

508 3753 533 3811 3.
550 3730 912 3815 intepretaturcoloorrir]
929 3732 1052 3794 Hieron.
1070 3751 1116 3809 ep.
1169 3751 1225 3810 gua
1257 3733 1386 3793 hebraea
1415 3752 1631 3810 nonnunquam
1661 3751 1715 3811 pro
1743 3751 1821 3811 syro·

467 3819 514 3891 65,
531 3836 558 3875 n.
576 3837 594 3890 4
610 3821 617 3847 ‘
634 3817 694 3893 Qui
709 3817 767 3878 sint
782 3831 882 3877 autem
909 3815 960 3875 filii
984 3816 1070 3888 Core,
1088 3813 1118 3874 id
1168 3813 1323 3874 chaldaica
1334 3814 1485 3892 accipitur,
1499 3815 1571 3874 utin
1583 3816 1711 3892 Vulgata
1721 3826 1819 3875 nostra

466 3910 510 3958 est
525 3897 706 3958 calvariae...
724 3900 731 3926 '
1168 3897 1235 3956 Act.
1253 3915 1299 3968 ar,
1316 3917 1355 3968 40
1369 3908 1398 3956 et
1413 3895 1492 3956 alibi.

512 4000 521 4038 1
529 4000 554 4054 3.
568 3977 766 4061 tabernacula]
782 3983 854 4040 Luc.
874 3981 918 4049 1⁶,
935 3998 964 4054 9.
1214 3979 1257 4036 18.
1272 3985 1327 4036 out
1340 3978 1438 4053 iniqui
1456 3978 1535 4036 lieres
1548 3974 1599 4058 esi]
1624 3978 1748 4038 Hieron.
1771 3995 1818 4054 ep.

514 4063 556 4120 16.
572 4057 818 4142 linguaicbraeo]
835 4059 1118 4122 Cubareinrueudo
1172 4077 1237 4131 120,
1253 4078 1277 4117 c.
1309 4079 1321 4117 1
1351 4059 1500 4118 ‘Pulchre
1528 4057 1601 4119 dixit
1625 4060 1659 4118 dc
1680 4059 1817 4135 iniquo...

467 4143 567 4201 locum
601 4144 705 4202 ceteris
734 4144 850 4204 doctior
879 4140 1045 4218 suspicatus
1074 4152 1118 4201 est
1169 4140 1261 4199 Unde
1276 4153 1305 4200 et
1320 4139 1369 4199 illa
1384 4140 1501 4216 vulgata
1524 4139 1671 4200 sententia
1686 4140 1758 4199 mihi
1781 4138 1820 4199 vi-

466 4223 591 4300 scriptor
605 4223 718 4285 codicis
734 4227 762 4298 S,
779 4223 908 4301 ideoque
923 4222 1050 4283 scribere
1060 4241 1118 4280 ma-
1168 4221 1255 4280 detur
1269 4239 1334 4282 esse
1348 4220 1499 4281 verissima
1513 4242 1521 4282 :
1536 4221 1628 4282 Dives
1652 4234 1752 4283 autem
1768 4219 1820 4280 ini-

466 4304 519 4365 luit
533 4306 636 4382 lingua
646 4307 765 4382 syriaco,
782 4317 813 4365 ut
835 4325 904 4364 cum
931 4305 1118 4379 Hieronymo
1167 4320 1254 4378 quus,
1269 4314 1320 4363 aut
1335 4301 1428 4379 iniqui
1444 4303 1528 4363 heres
1540 4305 1555 4363 ¹.

466 4400 650 4464 congrueret,
667 4387 718 4464 qui
733 4406 872 4447 mamona
887 4405 947 4444 non
965 4385 1117 4444 Hebraeo·
1210 4403 1255 4442 20.
1272 4381 1426 4464 caelorum]
1443 4385 1550 4444 Matth.
1571 4405 1615 4461 19,
1634 4404 1679 4462 ²3·

467 4487 531 4527 rum
548 4470 600 4529 sed
616 4470 754 4545 Syrorum
767 4469 867 4546 lingua
878 4466 995 4528 divitias
1006 4485 1117 4525 nuncu·
1210 4483 1254 4538 23.
1267 4467 1317 4524 scd
1323 4467 1402 4524 dixr'i
1411 4465 1489 4542 quod
1496 4466 1609 4542 difficile
1619 4463 1679 4547 etc]
1693 4463 1816 4526 Hieron.

468 4550 530 4626 pari
545 4549 710 4612 identidem
725 4561 836 4622 monet,
852 4569 878 4608 v.
894 4569 934 4626 gr.
946 4567 991 4624 ep.
1013 4566 1077 4618 121,
1089 4565 1116 4605 c.
1168 4545 1197 4603 in
1215 4546 1321 4606 Matth.
1342 4567 1387 4623 19,
1406 4567 1442 4623 23
1459 4551 1467 4578 ‘
1534 4567 1593 4606 non
1609 4547 1691 4620 dixit,
1706 4549 1820 4624 lmpos

468 4633 567 4709 6;ep.
587 4651 677 4704 aa,n.
695 4632 885 4706 31;Comm.
909 4630 938 4688 in
964 4629 1069 4687 Matth.
1089 4630 1115 4696 6,
1166 4625 1251 4686 sibile
1279 4640 1324 4688 est
1352 4628 1459 4688 divites
1498 4627 1605 4689 intrare
1633 4629 1664 4688 in
1693 4647 1816 4706 regnum

469 4732 515 4786 24.
532 4715 572 4774 At
586 4731 656 4774 vero
678 4711 773 4774 latiori
797 4709 1040 4788 interpretatione
1065 4707 1116 4767 lin·
1167 4708 1325 4783 caelorum,
1342 4711 1395 4770 sed
1410 4709 1530 4771 difficile
1541 4711 1557 4770 ⁹.
