4092 5502
584 425 838 488 sunericus
856 421 919 486 'uu
944 426 1114 488 mnino
1132 421 1357 489 cxxxvnn.
1565 405 1645 510 267

642 693 716 766 DE
749 693 971 768 PSALMO
1001 693 1294 792 CXXXVIIII.

339 929 438 1014 Eripe
454 951 503 994 me
518 930 658 994 Domine
673 929 714 993 ab
728 929 856 994 homine
871 930 964 996 malo.
982 931 1059 996 Non
1088 931 1120 995 in
1143 940 1274 996 tantum
1291 941 1401 1014 potest
1418 953 1480 996 nos
1495 933 1647 1016 decipere

295 1035 456 1115 diabolus,
471 1045 633 1119 quantum
662 1055 721 1118 per
746 1055 907 1117 organum
926 1035 1089 1100 hominis:
1105 1036 1148 1100 ab
1174 1036 1238 1100 hoc
1262 1037 1459 1118 deprecatur
1484 1037 1646 1122 propheta

294 1139 435 1204 liberari.

261 1261 275 1314 5
342 1242 410 1320 Qui
421 1243 644 1325 cogitauerunt
658 1240 846 1324 iniquitates
861 1241 895 1304 in
910 1241 1008 1306 corde.
1018 1241 1078 1320 ¹De
1094 1242 1268 1307 haereticis
1284 1245 1373 1310 dicit.

349 1349 510 1414 Venenum
526 1349 676 1430 aspidum
690 1346 751 1411 snb
765 1345 864 1408 lobiis
878 1367 996 1410 eorum.
1013 1345 1182 1429 Quoniam
1199 1348 1354 1412 videntur
1369 1347 1536 1412 amicitiae
1548 1348 1647 1412 verba

296 1451 427 1529 habere,
443 1460 476 1515 et
493 1452 592 1535 plena
607 1459 685 1514 sunt
702 1469 831 1516 veneno
848 1449 1025 1514 mortifero.

338 1557 437 1620 quta
458 1557 521 1619 iter
532 1555 722 1618 scandalum
728 1564 906 1636 posueruut
921 1553 1011 1634 mitri.
1026 1553 1102 1617 Hoc
1114 1563 1164 1618 est
1177 1577 1184 1628 ς
1200 1555 1242 1618 de
1258 1556 1428 1640 scripturis
1444 1557 1648 1640 proferentes

294 1659 495 1734 testimonia,
510 1679 597 1742 qnae
613 1658 706 1741 quasi
724 1655 922 1720 videbantur
939 1656 1101 1720 rationem
1118 1658 1265 1741 aliquam
1287 1659 1418 1738 habere¹
1435 1660 1647 1743 temptabant

244 1785 277 1820 ro
296 1784 349 1826 me
365 1761 528 1850 decipere.
1543 1823 1546 1830 .

338 1865 423 1929 Dixi
437 1867 578 1946 Doueiuq
590 1887 602 1930 .·
617 1865 708 1928 Deus
723 1885 812 1927 rueres
825 1885 859 1928 cs
873 1873 919 1928 tu.
937 1865 971 1930 Si
990 1886 1055 1929 non
1072 1874 1216 1940 sanctus,
1232 1887 1299 1930 non
1317 1875 1427 1948 potest
1444 1867 1532 1931 hunc
1549 1869 1647 1932 versi-

294 1969 404 2034 culum
417 1970 525 2033 dicere
540 1992 546 2048 ;
563 1970 619 2053 qui
634 1987 698 2032 non
713 1977 871 2048 regnatur
886 1988 906 2030 a
921 1977 1069 2049 peccato,
1079 1967 1136 2050 qui
1152 1969 1234 2032 dicit
1250 1971 1349 2034 ‘Pars
1363 1991 1437 2035 mea
1450 1972 1617 2036 Dominus
1631 1971 1645 2035 '.

338 2071 414 2136 Nou
430 2074 546 2137 tradas
562 2094 611 2135 me
626 2071 766 2134 Domine
780 2092 801 2132 u
815 2071 973 2134 desiderio
989 2092 1056 2133 tneo
1063 2071 1230 2153 peccatori.
1249 2074 1340 2138 Dicit
1367 2077 1540 2156 scriptura,
1555 2077 1644 2158 quod

294 2179 302 2211 ‘
318 2179 344 2240 si
360 2180 435 2261 quis
450 2178 570 2243 viderit
588 2177 758 2240 mulierem
776 2177 818 2238 ad
835 2177 1152 2257 concupiscendum,
1166 2177 1232 2240 iam
1248 2178 1443 2242 moechatus
1459 2188 1509 2242 est
1524 2199 1598 2243 eam
1613 2179 1645 2243 in

243 2303 274 2356 ις
295 2281 392 2345 corde
408 2301 470 2346 suo
486 2283 501 2346 '.
520 2283 611 2364 Ergo
627 2281 690 2345 hoc
707 2279 787 2343 dicit
805 2279 991 2361 propheta:
1008 2281 1061 2344 Ne
1077 2281 1120 2344 de
1135 2282 1426 2365 conscupiscentia
1443 2303 1517 2347 mea
1534 2285 1647 2348 tradas

296 2406 348 2450 me
362 2387 519 2465 diaboio3
535 2387 593 2450 sed
611 2386 696 2451 bene
713 2383 792 2446 mihi
810 2383 911 2447 habet
928 2386 960 2448 in
978 2405 1078 2467 opere
1095 2385 1243 2462 iudicari,
1253 2395 1286 2449 et
1301 2405 1366 2448 non
1384 2386 1417 2449 in
1434 2387 1646 2470 cogitatione.

340 2489 445 2572 Caput
465 2491 620 2554 circuitus
635 2510 753 2565 eorum,
769 2487 864 2550 labor
876 2488 1038 2552 lubiorum
1055 2490 1196 2572 ipsorum
1212 2490 1329 2572 operiet
1342 2513 1400 2554 eos.
1418 2490 1644 2574 Quemadmo-

294 2593 373 2657 dum
391 2613 529 2676 serpens
545 2594 682 2675 quando
699 2592 818 2656 viderit
834 2592 978 2674 aliquem
1001 2593 1191 2658 venientem
1203 2595 1245 2657 ad
1263 2595 1528 2676 percutiendum,
1544 2597 1646 2661 circu·

293 2694 360 2758 lum
379 2691 457 2760 iacit
474 2696 577 2760 totius
593 2694 741 2778 corporis
757 2694 818 2771 sui,
834 2705 866 2758 et
894 2696 926 2758 in
954 2697 1065 2760 medio
1081 2696 1167 2760 celat
1191 2706 1302 2778 caput,
1319 2697 1374 2761 ubi
1392 2697 1453 2761 scit
1473 2697 1595 2761 habere
1611 2718 1646 2760 se

241 2821 275 2861 ιο
292 2799 414 2864 vitam:
431 2800 526 2864 itaet
543 2801 596 2864 isti
614 2800 770 2868 haeretici
788 2827 846 2888 per
862 2823 1050 2869 sermonem
1064 2800 1338 2885 philosophorum
1356 2811 1390 2864 et
1407 2801 1599 2866 Aristotelis
1612 2813 1643 2865 et

291 2912 474 2968 ceterorum
492 2904 647 2968 videntur
663 2925 698 2968 se
714 2907 930 2987 abscondere,
946 2917 980 2972 et
1002 2906 1096 2989 quasi
1113 2916 1287 2988 protegere
1315 2913 1348 2968 et
1372 2905 1560 2970 defendere.
1577 2905 1644 2970 Sed

291 3006 532 3072 ecclesiasticus
549 3009 597 3071 vir
613 3009 708 3091 quasi
726 3011 757 3072 in
776 3013 877 3094 virga,
894 3013 956 3075 hoc
972 3021 1022 3074 est
1040 3012 1071 3072 in
1090 3030 1195 3086 cruce,
1210 3009 1310 3073 solvit
1326 3009 1494 3086 circulum,
1504 3018 1538 3074 et
1555 3010 1644 3075 inve·

291 3111 339 3176 nit
355 3121 456 3194 caput
473 3111 643 3188 latentem,
659 3123 692 3176 et
719 3114 764 3177 ibi
781 3136 858 3179 eum
875 3115 1027 3198 percutit,
1043 3101 1106 3178 h'oc
1134 3123 1194 3190 est,
1210 3113 1440 3178 testimonium
1459 3113 1584 3195 profert
1601 3115 1643 3178 de

290 3216 468 3297 scripturis.

241 3341 272 3394 25
333 3317 543 3382 Habitabuut
557 3330 633 3382 recte
659 3341 731 3384 curu
758 3323 850 3386 vultu
868 3333 929 3387 tutu
946 3323 1087 3387 Vultum
1107 3321 1170 3384 Dei
1188 3320 1277 3403 quod
1306 3331 1367 3400 est,
1387 3321 1449 3385 nisi
1476 3321 1644 3404 Xpistus?

289 3427 296 3454 ⁴
313 3419 380 3503 Qui
397 3443 463 3512 non
481 3423 632 3505 rapinam
650 3425 830 3491 arbitratus
846 3436 896 3491 est
913 3447 984 3490 esse
1000 3425 1149 3508 aequalis
1167 3425 1241 3489 Deo
1258 3425 1275 3490 '.

323 3636 392 3679 rna
407 3631 730 3690 rsurntocuxnntrnr]
751 3633 822 3681 Brev.
837 3631 885 3682 cot.
902 3641 971 3694 ¹307·
1074 3630 1167 3694 ςριιί]
1185 3646 1234 3680 om.
1250 3632 1301 3681 SG.
1402 3638 1452 3692 ιιι
1458 3633 1562 3695 puiset
1565 3634 1602 3695 pt.
1619 3633 1642 3700 β.

291 3728 315 3765 11
330 3717 362 3764 Si
372 3711 432 3772 nott]
444 3712 504 3764 CGI
518 3729 524 3770 3
539 3710 577 3778 βΒ
589 3712 646 3760 add.
661 3729 692 3773 es,
709 3716 725 3763 S
737 3721 778 3762 est.
848 3731 898 3762 nou
905 3711 992 3778 potest]
1006 3714 1060 3762 BIS
1071 3731 1077 3772 3
1090 3729 1139 3761 nou
1146 3721 1214 3776 potes
1228 3711 1251 3779 β,
1266 3713 1287 3762 C
1300 3729 1354 3761 corr
1365 3729 1372 3771 3
1380 3719 1459 3778 potest
1467 3714 1490 3762 G
1501 3713 1560 3772 (om.
1573 3719 1641 3774 nore).

290 3812 318 3848 12
330 3801 377 3864 qui
387 3813 436 3847 non
449 3802 573 3858 reguntur
583 3812 598 3842 a
606 3796 710 3860 perroto]
723 3797 766 3845 cui
776 3812 826 3844 nou
838 3803 924 3858 regnet
932 3802 1057 3859 peccatum
1072 3793 1095 3860 β.
1196 3794 1243 3857 qui
1249 3791 1320 3853 deee't]
1333 3793 1373 3842 boc
1384 3793 1407 3842 d.
1424 3791 1447 3861 β.
1552 3807 1644 3854 14eou·

286 3878 469 3946 cupe'sceudum]
482 3879 503 3928 C
516 3878 573 3926 add.
589 3893 650 3926 eom.
735 3879 799 3939 eune]
813 3879 922 3928 ineaG.
1012 3876 1165 3940 15hoc]om.
1182 3874 1231 3942 βῦ.
1324 3876 1353 3925 ι6
1364 3875 1600 3937 diah0101ade'rrbolo
1612 3877 1641 3928 C.

286 3962 581 4024 iudicorilS3iudicore
594 3958 659 4027 301.
741 3971 770 4020 19
781 3960 912 4020 inherere]
923 3959 1094 4008 sehabereCS
1107 3975 1113 4016 3
1126 3958 1149 4007 G
1162 3973 1212 4008 om.
1226 3973 1258 4008 se.
1343 3957 1603 4018 2ooitom]virtutem
1617 3961 1642 4008 S.

287 4058 318 4108 23
329 4045 455 4106 latentem]
468 4043 548 4094 CSGI
561 4060 567 4100 3
579 4044 660 4090 lateus
674 4040 719 4108 βΒ.
822 4051 852 4104 25
867 4039 981 4098 Vultum]
993 4041 1035 4090 SG
1048 4059 1055 4098 3
1067 4041 1153 4090 multus
1166 4039 1189 4107 β.
1290 4041 1356 4104 quui
1364 4040 1409 4101 est]
1422 4041 1448 4098 S,
1460 4041 1482 4089 G
1492 4056 1522 4088 ex
1531 4041 1641 4104 quidest.

288 4127 319 4176 26
330 4129 461 4192 rapt'sraeu]
472 4125 565 4190 rapina
577 4125 606 4174 C.
707 4140 755 4172 esse
766 4120 887 4188 aequalis]
900 4124 937 4173 GI
948 4141 955 4182 3
967 4139 1015 4172 csse
1025 4139 1050 4172 se
1060 4125 1187 4188 aequalem
1201 4121 1244 4189 βὸ.
1347 4121 1409 4180 Deo]
1422 4122 1481 4172 CGI
1494 4123 1553 4172 add.
1567 4124 1643 4173 doxo-

287 4209 378 4275 logiam
391 4227 398 4268 3
419 4209 437 4259 S
458 4209 523 4256 unde
541 4214 564 4256 et
581 4223 624 4255 uos
635 4207 783 4257 auferamus
794 4209 854 4256 istos
870 4207 1028 4270 cogitarentur
1039 4212 1159 4266 temnus,
1171 4213 1195 4254 et
1205 4220 1341 4270 sequamur
1356 4205 1403 4268 xpi
1413 4204 1461 4254 deti
1470 4205 1643 4270 uripreeepta.

290 4296 337 4358 qui
345 4311 369 4345 v.
382 4311 402 4344 e.
417 4310 438 4342 r.
454 4294 482 4341 in
493 4307 513 4343 s.
526 4308 545 4342 s.
559 4294 650 4341 Amen.

331 4455 551 4539 remurinus]
577 4457 687 4518 Thren.
716 4477 741 4533 3,
766 4477 810 4530 24.
827 4490 867 4500 -
892 4457 938 4518 Ci.
996 4477 1040 4530 10,
1071 4459 1125 4515 16‘
1148 4453 1298 4532 Serpentis
1333 4455 1440 4517 astutia
1468 4453 1589 4534 ponitur
1613 4454 1643 4515 in

288 4561 352 4620 pag.
371 4563 385 4600 ι
391 4561 438 4618 33,
454 4542 471 4601 1.
487 4559 527 4615 ιι
539 4559 634 4616 supra.
853 4566 862 4588 ·
992 4538 1161 4614 exemplum
1175 4558 1181 4596 :
1197 4535 1267 4613 quia
1288 4547 1353 4596 toto
1367 4555 1490 4616 corpore
1514 4538 1643 4599 occultat

332 4640 374 4700 15.
392 4619 455 4702 suo}
472 4621 579 4681 Motth.
598 4638 624 4697 5,
643 4623 687 4679 28.
992 4629 1089 4696 caput,
1105 4629 1134 4678 et
1150 4617 1224 4678 ittud
1239 4615 1270 4677 in
1284 4637 1346 4695 quo
1357 4615 1417 4678 vita
1431 4629 1474 4680 est
1490 4617 1616 4698 protegit
1627 4620 1642 4680 '.
1662 4617 1666 4628 '

333 4724 376 4781 19.
394 4704 496 4762 hebere
509 4721 538 4762 se
555 4698 659 4782 ortum]
677 4703 759 4760 Hier.
778 4701 806 4759 in
832 4701 938 4762 Matth.
1035 4701 1079 4758 26.
1098 4695 1174 4779 Deo]
1190 4697 1263 4757 Phil.
1286 4719 1312 4773 2,
1329 4702 1355 4760 6.
