4202 5492
616 441 870 504 sanciatus
894 445 950 502 un
972 442 1142 503 Psalmo
1164 443 1302 502 Lxxxt.
1578 440 1631 528 77

275 656 499 722 Movebnntur
510 659 622 722 omnia
626 658 848 740 surrdamcnta
860 657 974 729 terrae.
987 665 1061 746 Ego
1073 662 1177 728 malos
1190 661 1324 738 iudices,
1340 661 1395 744 qui
1412 661 1632 727 fundamenta

275 765 457 846 posuerunt
474 766 506 828 in
524 774 620 840 terra,
635 776 669 830 et
686 761 750 833 non
769 771 801 833 in
815 772 917 848 caelo,
929 760 1119 835 subvertam
1134 795 1141 835 :
1158 769 1212 852 qui
1230 767 1417 831 debuerunt
1434 765 1630 830 fundamen·

274 882 343 936 tum
361 870 484 936 habere
502 872 671 955 Xpistum,
687 894 785 954 quern
804 875 915 958 posuit
938 875 1139 940 architectus
1157 872 1291 950 Paulus,
1307 868 1495 946 noluerunt,
1511 871 1570 934 sed
1595 870 1628 934 in

273 989 358 1041 terra
375 987 558 1059 posuerunt
574 977 795 1043 fundamenta
812 1001 881 1046 sua.
913 977 915 983 ⁸

242 1089 256 1140 5
305 1082 386 1164 Ego
411 1081 506 1145 dixi:
531 1081 584 1144 dii
606 1083 692 1158 estis,
718 1093 750 1146 et
759 1084 834 1168 filii
854 1085 984 1150 Excelsi
1004 1106 1119 1150 orrrnes.
1139 1084 1266 1149 Audiat
1296 1081 1490 1155 Eunomius,
1513 1081 1627 1144 audiat

274 1187 399 1263 Arrius,
415 1187 471 1270 qui
488 1187 605 1251 dicunt
621 1187 742 1252 Fitium
763 1190 826 1253 Dei
851 1191 1002 1255 similiter
1025 1211 1096 1253 esse
1113 1189 1227 1266 filium,
1243 1196 1281 1252 ut
1297 1207 1358 1250 nos
1374 1207 1499 1253 sumus.
1523 1186 1623 1270 Quod

272 1293 317 1355 dii
333 1311 458 1367 sumus,
474 1310 541 1354 non
555 1310 671 1355 sumus
684 1301 811 1370 natura,
822 1295 879 1356 sed
897 1295 1030 1377 gratia‘
1043 1293 1219 1378 Quotquot
1229 1293 1317 1357 enim
1332 1312 1408 1355 eum
1422 1300 1627 1372 receperunt,

272 1398 364 1462 dedit
376 1399 423 1462 eis
440 1407 641 1479 potestatem
660 1395 745 1461 fiiios
762 1399 826 1461 Dei
844 1398 911 1463 fieri
923 1399 939 1465 ⁹.
951 1401 1130 1482 Propterea
1148 1399 1208 1463 ieci
1220 1399 1400 1474 hominem,
1414 1407 1451 1461 ut
1465 1398 1508 1462 de
1519 1393 1626 1461 homi-

272 1501 368 1566 nibus
383 1502 429 1565 dii
446 1501 537 1564 fiant.
553 1500 626 1582 Ego
640 1501 735 1565 dixi:
750 1503 803 1566 dr'i
815 1505 901 1579 estis,
924 1513 956 1568 et
970 1504 1046 1588 filii
1068 1503 1199 1568 Excelsi
1216 1523 1331 1568 omnes.
1358 1501 1483 1566 Videte
1499 1509 1626 1584 quanta

228 1615 256 1652 ¹0
271 1607 313 1669 sit
328 1607 475 1689 dignitas
490 1629 498 1670 ε
513 1615 547 1668 et
562 1606 608 1668 dii
626 1625 793 1685 vocamur,
805 1617 839 1672 et
855 1607 921 1672 filii.
940 1608 1015 1691 Ego
1037 1609 1099 1672 feci
1115 1627 1175 1671 vos
1191 1607 1281 1684 deos,
1298 1606 1383 1671 sicut
1401 1605 1462 1669 feci
1480 1605 1624 1687 Moysen

272 1712 453 1802 Piraraonis
469 1711 569 1775 deum
587 1736 594 1775 ι
611 1720 647 1776 ut
663 1720 843 1794 postquam
860 1714 905 1777 dii
922 1713 1059 1791 fueritis,
1071 1714 1164 1796 digni
1181 1711 1369 1776 efficiamini
1386 1731 1459 1776 esse
1477 1708 1534 1773 fiiii
1552 1709 1627 1773 Dei.

271 1814 487 1879 Considerate
512 1813 710 1895 scripturam
736 1817 895 1882 divinam.
919 1818 1021 1880 ‘Non
1048 1825 1099 1882 est
1113 1829 1331 1899 personarum
1353 1815 1503 1897 acceptio
1535 1813 1624 1894 apud

272 1917 379 1981 Deum
397 1919 413 1982 '.
431 1917 507 1981 Non
536 1918 646 1982 dixit:
663 1919 735 2002 Ego
758 1919 855 1984 dixi:
871 1921 922 1983 dii
939 1921 1025 1996 estis,
1041 1943 1135 2003 reges
1163 1932 1197 1984 et
1222 1921 1396 2002 principes,
1413 1919 1471 1982 sed
1494 1937 1626 1980 ornnes:

269 2028 388 2108 quibus
413 2025 596 2109 aequaliter
620 2047 741 2110 corpus
756 2029 833 2092 dedi
850 2039 883 2093 et
900 2031 1046 2094 animam
1071 2041 1104 2093 et
1122 2029 1286 2112 spiritum,
1301 2024 1485 2109 aequaliter
1501 2021 1624 2086 donavi

225 2135 253 2188 ¹5
269 2141 302 2195 et
317 2133 478 2196 deitatem
496 2140 529 2194 et
555 2131 781 2214 adoptionem.
806 2133 1003 2217 Aequaliter
1017 2156 1135 2200 omnes
1151 2133 1329 2210 nascimur,
1345 2139 1378 2193 et
1395 2130 1625 2210 imperatores,

269 2245 301 2297 et
318 2255 500 2318 pauperes:
517 2235 700 2319 aequaliter
716 2247 750 2300 et
762 2239 928 2303 morimur.
946 2239 1108 2322 Aequalis
1121 2241 1209 2303 enim
1224 2236 1373 2300 conditio
1389 2243 1449 2298 est.

320 2339 383 2404 Vos
397 2349 506 2403 autem
522 2339 605 2402 sicut
626 2339 770 2404 homines
791 2344 985 2409 moriemini.
1003 2344 1136 2408 Videtis
1157 2363 1237 2425 ergo
1264 2338 1422 2424 quoniam
1441 2333 1496 2418 qui
1519 2332 1623 2397 homo

268 2452 318 2506 est
334 2444 481 2507 moritur.
500 2444 592 2506 Deus
619 2445 707 2509 enim
736 2465 802 2510 non
832 2451 977 2514 moritur.
997 2448 1039 2512 Et
1056 2432 1169 2513 Adam
1193 2443 1353 2529 quamdiu
1370 2440 1513 2507 servavit
1529 2457 1621 2520 prae·

268 2557 402 2630 ceptum
420 2557 453 2610 et
469 2547 552 2611 deus
569 2545 639 2623 fuit,
656 2569 721 2612 non
740 2560 889 2614 mortuus
906 2562 965 2616 est.
983 2553 1163 2635 Postquam
1182 2569 1261 2614 vero
1285 2546 1432 2630 gustavit
1447 2545 1490 2608 de
1506 2540 1623 2606 arbore

221 2661 254 2696 ²⁰
269 2650 404 2727 inlicita,
419 2651 532 2714 statim
558 2661 708 2716 mortuus
734 2663 794 2719 est.
811 2655 965 2738 Denique
987 2656 1069 2719 dicit
1084 2655 1113 2718 ei
1132 2655 1224 2717 Deus
1239 2677 1247 2717 ε
1262 2657 1270 2686 ⁸
1288 2653 1327 2714 in
1345 2665 1554 2734 quacumque
1568 2645 1624 2722 die

269 2757 462 2837 gustaveris,
479 2765 586 2820 morte
604 2758 753 2822 morieris
763 2759 778 2823 ’.
795 2761 918 2824 Melius
934 2762 1036 2827 habet
1052 2762 1084 2824 in
1102 2760 1259 2824 hebraico
1273 2783 1279 2822 :
1295 2763 1302 2790 ‘
1319 2757 1391 2819 Vos
1407 2763 1520 2818 autem
1539 2750 1623 2813 sicut

272 2858 381 2923 Adam
409 2859 595 2922 moriemini
609 2858 625 2922 ’.
642 2861 734 2926 Sicut
764 2863 818 2926 iile
842 2865 966 2928 eiectus
994 2873 1045 2928 est
1070 2864 1112 2927 de
1139 2862 1304 2944 paradiso,
1320 2861 1366 2923 sic
1391 2869 1424 2923 et
1450 2877 1511 2921 nos
1526 2852 1624 2919 eiecti

269 2985 392 3030 sumus.
407 2966 455 3028 Et
468 2966 553 3029 sicut
568 2986 653 3028 unus
678 2965 716 3029 de
734 2967 937 3051 princepibus
959 2969 1087 3033 cadetis.
1105 2968 1274 3052 Quoniam
1292 2967 1426 3030 dixerat
1450 2961 1531 3026 ‘filii
1551 2959 1623 3022 Ex·

268 3069 346 3133 celsi
361 3090 478 3133 omnes
495 3069 502 3094 ’
519 3092 527 3147 ;
543 3089 608 3132 non
634 3079 744 3152 potest
761 3071 846 3135 filius
863 3093 934 3136 esse
952 3073 1097 3149 Exceisi,
1114 3073 1175 3136 nisi
1193 3080 1227 3137 et
1244 3073 1314 3152 ipse
1333 3068 1498 3134 Exceisus
1515 3064 1622 3129 fuerit.

221 3187 250 3238 ²5
270 3173 344 3255 Ego
360 3173 442 3250 dixi,
459 3184 494 3237 ut
511 3194 629 3237 omnes
644 3194 704 3236 vos
721 3175 844 3238 excelsi
861 3175 941 3252 sitis,
958 3187 994 3240 ut
1010 3197 1074 3260 ego
1090 3175 1243 3240 excelsus
1259 3195 1342 3239 sum.
1358 3175 1430 3238 Vos
1446 3191 1524 3236 vero
1540 3168 1624 3232 sicut

268 3298 353 3340 unus
367 3276 407 3340 de
426 3277 630 3359 princmibus
643 3277 770 3342 cadetis.
787 3278 955 3361 Quoniam
972 3281 1097 3344 excelsi
1114 3299 1256 3356 eramus,
1271 3288 1447 3362 propterea
1463 3273 1623 3338 cecidisse

267 3381 415 3446 dicimur.
434 3381 502 3446 Ubi
518 3391 596 3445 sunt
612 3383 668 3465 qui
685 3384 800 3445 dicunt
817 3383 987 3447 diabolum
1004 3383 1175 3448 diabolum
1201 3404 1272 3446 esse
1289 3383 1440 3447 sactum?
1460 3378 1527 3444 Ubi
1545 3382 1623 3438 sunt

266 3486 323 3566 qui
339 3486 454 3549 dicunt
472 3483 595 3548 maiam
614 3495 765 3550 naturam
779 3507 799 3550 a
817 3487 891 3550 Deo
907 3493 1072 3552 creatam?
1084 3487 1274 3553 Secundum
1286 3486 1477 3550 hebraicum
1491 3480 1623 3546 hicduo

266 3588 429 3655 dicuntur.
445 3589 518 3653 Vos
545 3599 657 3654 autem
686 3589 770 3653 sicut
797 3590 909 3654 Adam
938 3591 1124 3657 moriemini
1140 3613 1147 3656 :
1163 3592 1248 3655 sicut
1276 3598 1370 3672 pater
1389 3599 1498 3654 vester
1515 3583 1623 3650 noluit

221 3711 251 3760 30
267 3694 381 3758 audire
398 3701 611 3776 praeceptum
628 3693 775 3769 Domini,
785 3705 818 3758 et
830 3696 964 3771 cedidit,
976 3697 1023 3759 ita
1038 3705 1072 3760 et
1088 3716 1147 3760 vos
1164 3695 1360 3760 moriemini.
1377 3695 1469 3776 Ergo
1485 3691 1566 3756 illud
1577 3689 1621 3753 de

270 3797 380 3863 Adam
396 3799 523 3863 dictum
540 3807 600 3862 est.
619 3798 697 3862 Hoc
714 3818 792 3861 vero
808 3801 897 3881 quod
914 3801 1071 3882 sequitur,
1088 3801 1132 3865 Et
1156 3801 1242 3865 sicut
1259 3819 1343 3863 unus
1358 3801 1401 3862 de
1416 3797 1621 3881 principibus

267 3903 414 3966 cadetis:
430 3902 504 3986 quis
525 3913 575 3966 est
595 3902 656 3968 iste
674 3922 758 3965 unus
775 3902 817 3965 de
833 3903 1046 3984 principibus,
1062 3904 1118 3986 qui
1134 3904 1280 3968 cecidit?
1301 3902 1336 3967 Si
1354 3901 1496 3967 volueris
1512 3901 1621 3964 dicere

301 4089 356 4137 ain
368 4097 436 4138 tem
448 4096 473 4139 et
483 4105 533 4137 non
551 4089 579 4138 ἐκ
597 4089 670 4148 caelo]
689 4089 728 4148 C;
747 4090 775 4137 r'n
791 4097 886 4137 terram
902 4105 922 4139 e.
937 4105 963 4138 n.
978 4089 995 4138 ι’.
1009 4091 1103 4138 caelum
1122 4087 1214 4157 uBsG.
1317 4090 1425 4152 yenim]
1442 4090 1498 4149 Rs,
1515 4089 1623 4144 om.G;

267 4178 350 4218 aulem
369 4169 425 4220 AC.
510 4169 526 4218 8
537 4169 605 4235 stri]
616 4171 682 4234 serit
699 4169 729 4219 C.
818 4182 847 4219 to
865 4171 993 4231 vocamur]
1012 4178 1134 4220 vorantur
1144 4173 1176 4220 G.
1265 4185 1290 4220 ιι
1304 4173 1424 4235 esse]om.
1441 4171 1465 4238 β
1559 4170 1623 4230 Dei]

267 4253 351 4313 codd;
370 4255 421 4304 mei
431 4253 455 4320 β.
561 4266 590 4316 13
603 4251 697 4313 orienes]
716 4251 830 4300 erunibus
842 4251 873 4299 G.
979 4249 1006 4300 18
1017 4252 1138 4314 servavit]
1158 4253 1222 4313 CG;
1238 4255 1347 4302 servabit
1364 4255 1400 4312 83
1421 4254 1534 4302 ser-undu!
1553 4251 1620 4318 βΒΡ.

268 4345 297 4395 27
309 4335 446 4395 riiumlum]
455 4351 506 4385 non
520 4343 597 4400 repet.
613 4335 659 4385 AC
664 4336 689 4384 Ρ.
794 4347 798 4356 ’

310 4507 333 4561 3.
354 4483 476 4566 Paulus]
495 4507 505 4544 ι
524 4487 593 4545 Cor.
612 4506 639 4560 3,
661 4507 703 4545 ιο.
1016 4507 1060 4547 21.
1078 4486 1221 4568 morr'err's]
1236 4491 1312 4548 Gen.
1332 4507 1417 4562 2,17.

309 4572 336 4626 8.
344 4565 431 4647 fieri]
449 4570 492 4626 lo.
514 4587 536 4637 1,
557 4586 601 4625 12.
1076 4571 1107 4628 in
1123 4568 1264 4650 hebrar'cn]
1281 4572 1367 4629 Psait.
1386 4569 1479 4629 Hebr.
1498 4571 1621 4629 Hieron.

314 4669 356 4707 ιι.
372 4645 469 4728 deum]
483 4648 578 4706 Exod.
598 4664 623 4722 7,
644 4669 667 4707 1.
974 4655 980 4681 ‘
999 4653 1078 4728 Ergo
1092 4651 1175 4728 quasi
1192 4653 1288 4710 Adam
1306 4650 1479 4711 moriemini.
1497 4651 1504 4678 '

313 4751 356 4789 12.
369 4732 451 4809 apud
461 4725 572 4810 Deum]
585 4731 673 4790 Rom.
692 4751 717 4804 a,
734 4751 778 4789 11.
1027 4765 1029 4770 ·
