4158 5492
642 454 898 520 TRACTATUS
924 460 979 518 DE
1004 459 1171 521 PSALMO
1192 455 1264 520 Vll.
1574 463 1621 520 21

273 684 365 731 suam
382 667 399 732 ¹.
426 668 518 751 Ergo
543 669 597 734 hic
615 669 720 737 Chusi
747 673 879 756 nigrum
896 684 930 740 et
956 673 1146 760 aethiopem
1174 676 1345 740 inimicum
1370 695 1467 740 suum
1492 675 1627 740 Saulem

273 767 445 851 significat.
463 773 508 836 Et
525 773 604 838 dicit
618 773 701 840 hoc:
719 774 902 858 Quomodo
913 777 1081 860 Aethiops
1096 777 1218 861 pellem
1233 789 1361 844 mutare
1372 801 1438 843 non
1451 790 1569 864 potest,
1580 781 1626 846 ita

272 882 306 938 et
331 874 394 939 iste
414 895 524 940 mores
547 897 625 942 suos
641 889 770 944 mutare
799 899 866 944 non
893 890 1013 964 potest.
1032 881 1088 946 Bis
1113 883 1252 947 venitin
1281 903 1399 948 manus
1414 903 1516 960 meas,
1533 883 1627 966 potui

273 995 348 1040 eum
366 977 527 1044 occidere.
543 978 647 1045 Cuius
664 983 758 1064 potui
774 985 971 1066 sanguinem
995 984 1143 1065 fundere,
1157 986 1246 1049 volui
1263 1007 1339 1050 eum
1355 1006 1511 1070 superare
1528 987 1627 1049 bene·

241 1103 255 1156 5
274 1079 368 1161 licio;
384 1084 442 1149 sed
469 1084 596 1150 malitia
611 1086 683 1152 eius
707 1087 793 1152 vinci
810 1107 876 1153 non
894 1097 1012 1170 potest.
1031 1090 1212 1174 Quomodo
1227 1091 1316 1154 enim
1335 1090 1514 1174 Aethiopis
1531 1079 1626 1172 pellis

274 1187 394 1251 mutari
410 1207 477 1252 non
503 1199 624 1272 potest,
639 1191 686 1254 ita
701 1200 736 1255 et
751 1191 839 1256 illius
868 1191 996 1257 malitia
1013 1194 1133 1257 mutari
1150 1214 1215 1258 non
1233 1203 1354 1277 potest.
1375 1195 1530 1278 Denique
1546 1194 1626 1277 quid

273 1292 378 1356 dicit?
391 1297 399 1327 ¹
417 1292 564 1358 Domine
580 1294 674 1358 Deus
692 1313 795 1372 meus,
806 1295 833 1358 si
850 1294 912 1359 ieci
925 1295 1014 1360 istud
1028 1297 1054 1361 ἐ
1071 1296 1133 1362 hoc
1150 1307 1209 1374 est,
1224 1297 1252 1360 si
1265 1296 1326 1360 feci
1340 1297 1386 1360 illi
1403 1296 1528 1380 aliquid
1541 1297 1628 1362 mall.

273 1395 334 1461 ‘Si
350 1406 401 1460 est
417 1397 574 1480 iniquitas
595 1399 628 1462 in
648 1399 801 1464 manibus
819 1399 910 1476 meis,
926 1400 952 1462 si
981 1401 1110 1465 reddidi
1127 1400 1385 1466 retribuentibus
1401 1403 1482 1465 mihi
1507 1402 1595 1466 vnala
1612 1399 1628 1465 ’.

279 1505 398 1570 Videte
421 1505 503 1589 quid
519 1505 628 1570 dieat:
656 1503 731 1587 Ego
759 1524 819 1587 pro
844 1504 940 1568 malis
964 1505 1053 1570 bona
1074 1507 1213 1584 reddidi,
1237 1505 1292 1570 ille
1321 1527 1382 1588 pro
1406 1505 1504 1571 bonis
1533 1505 1629 1571 mala.

227 1629 259 1666 ιο
276 1607 493 1672 Manifestum
509 1619 561 1674 est
585 1608 687 1691 igitur
702 1608 861 1692 quoniam
889 1616 1004 1673 contra
1022 1608 1102 1674 Saul
1120 1609 1268 1691 psalmus
1293 1622 1353 1690 est,
1369 1621 1402 1676 et
1419 1613 1544 1696 gratias
1561 1613 1630 1696 agit

277 1712 359 1788 Deo,
375 1721 408 1776 et
424 1711 621 1794 deprecatur
637 1712 800 1778 auxilium
817 1713 897 1788 eius,
914 1732 955 1776 ne
972 1713 1117 1778 incurrat
1133 1714 1167 1778 in
1185 1715 1339 1779 manibus
1356 1715 1448 1782 Saul.

317 1815 458 1879 Domine
472 1815 563 1879 Deus
573 1837 662 1880 meus
671 1816 706 1879 in
722 1816 897 1898 terporavi.
912 1817 989 1880 Non
1003 1819 1131 1900 speravi
1149 1819 1181 1881 in
1195 1819 1310 1901 gladio
1323 1840 1407 1901 meo,
1418 1841 1483 1885 non
1500 1822 1630 1904 speravi

275 1921 308 1985 in
324 1921 446 1984 virtute
458 1939 547 1984 mea:
563 1921 621 1984 sed
638 1923 766 2004 speravi
780 1921 952 1987 inauxilio
964 1931 1033 1989 tuo.
1049 1923 1102 1987 Ne
1112 1923 1241 2006 quando
1252 1926 1364 2008 rapiat
1377 1926 1471 1990 utleo
1481 1927 1630 1990 animam

276 2045 390 2090 meam.
419 2023 495 2088 Hoc
522 2026 678 2090 convenit
706 2026 796 2105 Saul,
830 2027 1021 2092 Abessalon·
1046 2047 1113 2090 non
1141 2028 1305 2094 convenit.
1338 2029 1518 2112 Quomodo
1540 2030 1628 2094 enim

229 2149 259 2201 ¹5
276 2141 407 2214 poterat
423 2131 613 2196 Abessalon
630 2130 760 2195 leonem
775 2151 904 2208 vocare,
920 2131 963 2195 de
978 2150 1046 2213 quo
1062 2130 1153 2208 dicit,
1170 2132 1299 2197 Parcite
1315 2152 1419 2216 puero
1435 2152 1510 2198 meo
1523 2133 1630 2198 Abes-

277 2236 396 2302 salon?
413 2235 450 2302 Si
473 2236 519 2299 ibi
536 2235 628 2301 illum
646 2254 786 2318 puerum
813 2244 922 2313 vocat,
942 2245 975 2300 et
1000 2235 1094 2316 quasi
1124 2234 1325 2302 infantulum
1353 2247 1386 2302 et
1412 2239 1633 2321 ignorantem,

277 2340 447 2424 quomodo
462 2339 517 2403 hic
540 2339 671 2404 leonem
696 2339 894 2422 praedicat?
921 2339 997 2404 Hoc
1024 2339 1156 2404 interim
1179 2341 1362 2406 secundum
1379 2341 1562 2408 historiam.
1587 2343 1633 2408 Et

278 2445 383 2509 multa
406 2453 484 2510 sunt
511 2463 597 2526 quae
612 2443 775 2522 dicantur,
802 2453 835 2506 et
851 2451 944 2508 totus
969 2442 1117 2525 psalmus
1145 2443 1301 2509 historice
1324 2444 1357 2509 in
1384 2466 1525 2528 persona
1551 2445 1632 2512 Saul

279 2548 485 2632 interpretari
507 2556 626 2631 potest.
644 2547 801 2614 Ceterum
819 2547 897 2630 quia
919 2546 1015 2611 nobis
1038 2567 1137 2611 curae
1152 2557 1212 2625 est,
1238 2569 1305 2612 non
1323 2549 1430 2614 solum
1448 2552 1631 2616 secundum

229 2673 262 2710 20
279 2653 461 2730 historiam,
488 2653 546 2716 sed
572 2652 755 2717 secundum
784 2651 967 2734 spiritaiem
994 2649 1257 2733 intellegentiam
1283 2654 1501 2738 interpretari,
1529 2655 1631 2721 Chusi

279 2759 377 2822 istum
396 2757 600 2840 Aethiopem
617 2776 683 2820 non
695 2755 795 2820 alium
812 2755 874 2819 nisi
891 2754 1064 2820 diabolum
1083 2755 1347 2840 interpretamur.
1364 2759 1543 2842 Quaeritur
1571 2762 1633 2825 iste

280 2861 383 2928 Chusi
405 2860 578 2943 quomodo
599 2859 684 2923 filius
703 2860 747 2922 sit
775 2859 904 2936 Iemini¹
928 2860 1099 2942 quomodo
1126 2860 1279 2924 diabolus
1306 2863 1458 2947 aethiops
1483 2863 1568 2926 lilius
1591 2865 1634 2928 sit

280 2965 446 3029 dexterae.
472 2963 572 3047 Quod
598 2961 752 3046 aethiops
776 2972 837 3039 est,
864 2963 946 3029 vitio
971 2983 1033 3028 suo
1059 2973 1132 3046 esta
1155 2966 1245 3047 quod
1278 2963 1363 3029 filius
1386 2966 1547 3031 dexterae
1575 2976 1635 3044 est,

280 3078 408 3131 creatus
423 3089 444 3130 a
469 3067 552 3132 Deo.
569 3066 676 3130 Recte
701 3064 744 3129 de
765 3065 830 3130 isto
846 3067 967 3131 dicitur
981 3067 1067 3131 :sNe
1089 3066 1218 3149 quondo
1242 3066 1354 3152 rapiat
1367 3075 1406 3129 ut
1425 3065 1471 3130 leo
1486 3066 1634 3131 animam

231 3192 262 3244 25
281 3191 393 3234 meam.
409 3175 416 3201 ‘
433 3169 655 3234 Adversarius
680 3178 792 3233 noster
813 3170 965 3235 diabolus
992 3172 1088 3253 quasi
1105 3171 1158 3235 leo
1185 3172 1328 3254 rugiens,
1355 3190 1518 3254 quaerens
1533 3190 1633 3254 quem

281 3275 388 3358 rapiat
403 3274 418 3337 '.
1260 3267 1269 3284 '

325 3377 464 3440 Domino
479 3377 570 3441 Dens
591 3398 679 3440 mens
693 3375 725 3440 si
737 3377 809 3458 soci
819 3377 917 3442 istud.
934 3383 941 3409 ‘
958 3379 1047 3442 Ecce
1069 3379 1160 3442 venit
1177 3379 1331 3462 princeps
1348 3380 1462 3443 mundi
1481 3380 1586 3456 istius,
1601 3389 1634 3443 et

281 3481 406 3546 invenit
422 3482 454 3544 in
482 3499 535 3544 me
552 3480 632 3544 nihil
654 3480 670 3544 '.
687 3480 732 3544 Si
749 3490 798 3543 est
811 3480 972 3563 iniqnitas
987 3482 1033 3560 ¹in
1055 3481 1207 3545 monibus
1234 3482 1344 3547 meir!
1369 3482 1435 3566 Qui
1461 3493 1636 3566 peccatum

282 3607 347 3650 non
365 3585 450 3664 iecit,
467 3605 527 3649 nec
553 3584 650 3649 dolus
667 3585 822 3649 inventus
845 3595 896 3649 est
913 3585 946 3648 in
971 3606 1028 3650 ore
1043 3585 1115 3649 eius
1132 3586 1148 3651 '.
1175 3586 1219 3650 Si
1233 3586 1365 3650 reddidi
1388 3586 1639 3652 retribuentibus

234 3715 266 3766 30
282 3687 366 3752 miti
387 3688 485 3753 mala.
511 3687 563 3752 llll
587 3687 701 3752 dicunt
728 3685 930 3772 ‘Crucifige,
956 3687 1111 3772 crucifige
1139 3692 1239 3753 talem
1258 3689 1287 3768 ’;
1314 3711 1378 3772 ego
1405 3690 1481 3756 dico
1506 3683 1641 3768 ‘Pater‚¹

314 3943 397 4007 3315]
408 3946 436 3994 Is
448 3944 498 4008 μΒ.
600 3955 614 4007 5
634 3945 752 4010 Aethiops
766 3945 842 4009 pelles
860 3951 959 3994 mutare
978 3945 1028 4008 μΒ.
1133 3957 1161 3994 11
1174 3945 1233 3995 Non
1243 3943 1344 4009 speravi
1359 3952 1406 3994 etc.
1428 3941 1515 4006 Migne
1528 3941 1567 4001 26,
1581 3940 1637 4001 884.

285 4025 550 4089 17praedicat1codd3
562 4031 631 4074 vocat
643 4023 667 4093 β.
755 4026 783 4076 18
798 4026 922 4088 historice]
934 4025 996 4084 GS;
1012 4041 1065 4076 orn.
1079 4022 1128 4092 βΑ.
1215 4038 1247 4076 20
1257 4027 1311 4091 snt]
1322 4025 1365 4075 sed
1372 4032 1396 4074 et
1408 4023 1433 4092 β.
1518 4035 1546 4073 21
1561 4024 1638 4072 inter·

278 4107 421 4171 putamur]
432 4109 642 4172 interpraetatum
654 4109 674 4158 C
686 4125 693 4168 ;
706 4109 870 4172 intentrctari
880 4107 904 4156 G
914 4123 921 4167 ;
939 4109 1121 4172 interpretetur-i
1127 4115 1205 4172 potest
1215 4110 1243 4160 S.
1328 4122 1342 4158 2
1345 4119 1358 4172 5
1371 4108 1464 4170 noster]
1475 4107 1496 4156 C
1508 4123 1538 4156 ex
1550 4114 1637 4156 voster.

282 4189 392 4253 rugiens]
401 4188 482 4258 placid.
489 4190 587 4240 circuit.
649 4190 781 4255 prraerens]
790 4199 877 4238 mutat.
886 4203 901 4237 2
909 4205 941 4238 m.
950 4189 974 4237 in
982 4191 1084 4252 quaerit
1092 4191 1121 4241 C.
1190 4203 1223 4253 30
1230 4191 1314 4258 talem]
1326 4193 1390 4242 BGS
1397 4210 1405 4252 ;
1413 4208 1462 4241 om.
1475 4191 1495 4241 C
1501 4207 1508 4248 ;
1517 4189 1601 4240 deficit
1612 4187 1637 4256 β.

329 4414 350 4452 1.
364 4391 578 4474 suam]1erem.
597 4413 641 4468 13,
657 4413 702 4470 23.
1029 4413 1075 4468 30.
1086 4395 1215 4470 crucifige
1229 4393 1327 4475 tatem]
1345 4396 1388 4454 Io.
1410 4416 1453 4471 19,
1467 4398 1494 4455 6.
1508 4396 1552 4457 Cf.
1570 4396 1640 4456 Hie-

328 4494 371 4553 15.
383 4476 540 4534 Abessalon
550 4472 575 4555 l]
588 4495 602 4534 1
616 4477 690 4552 Reg.
708 4474 751 4545 18,
768 4493 812 4531 12.
988 4492 1049 4533 ron.
1077 4475 1319 4536 Cornnrentariol.
1349 4495 1390 4553 ps.
1410 4480 1457 4549 68,
1481 4489 1510 4536 et
1526 4478 1639 4539 Contra

326 4553 588 4637 25·111””11ῖτ”]
607 4577 616 4614 1
631 4558 707 4616 Petr.
720 4571 746 4631 5,
757 4556 784 4614 8.
989 4555 1031 4614 lo.
1054 4555 1203 4615 Hierosol.
1229 4575 1255 4615 n.
1285 4577 1340 4632 34:
1368 4559 1478 4616 ‘Tunc
1496 4558 1640 4618 videbunt

328 4642 370 4699 28.
385 4635 474 4718 nilu'l]
486 4639 527 4698 lo.
545 4659 589 4710 14,
603 4657 649 4712 30.
986 4636 1068 4694 illum
1085 4634 1135 4712 qui
1159 4653 1405 4714 compunxerunt,
1422 4639 1473 4714 qui
1496 4642 1638 4700 clarnave·

278 4769 282 4776 .
329 4739 372 4796 ²9·
384 4718 455 4800 eins]
473 4741 483 4777 ι
502 4721 574 4779 Petr.
591 4739 675 4791 1,11.
984 4729 1071 4776 runt:
1089 4719 1236 4796 Cnrrifige,
1248 4719 1376 4797 crucifige
1386 4723 1471 4778 talem
1483 4723 1499 4782 '.
