<?xml version="1.0" encoding="UTF-8"?>
<!DOCTYPE html PUBLIC "-//W3C//DTD XHTML 1.0 Transitional//EN"
    "http://www.w3.org/TR/xhtml1/DTD/xhtml1-transitional.dtd">
<html xmlns="http://www.w3.org/1999/xhtml" xml:lang="en" lang="en">
 <head>
  <title>
</title>
<meta http-equiv="Content-Type" content="text/html;charset=utf-8" />
  <meta name='ocr-system' content='tesseract 3.04.00' />
  <meta name='ocr-capabilities' content='ocr_page ocr_carea ocr_par ocr_line ocrx_word'/>
</head>
<body>
  <div class='ocr_page' id='page_1' title='image "./commentarioliin00morigoog/commentarioliin00morigoog_0050.png"; bbox 0 0 4112 5496; ppageno 0'>
   <div class='ocr_carea' id='block_1_1' title="bbox 239 397 1604 488">
    <p class='ocr_par' dir='ltr' id='par_1_1' title="bbox 239 397 1604 488">
     <span class='ocr_line' id='line_1_1' title="bbox 239 397 1604 488; baseline 0.005 -31"><span class='ocrx_word' id='word_1_1' title='bbox 239 397 284 480; x_wconf 86' lang='lat' dir='ltr'>vr]</span> <span class='ocrx_word' id='word_1_2' title='bbox 582 401 955 464; x_wconf 86' lang='lat' dir='ltr'><strong>COMMENTARIOLI</strong></span> <span class='ocrx_word' id='word_1_3' title='bbox 985 406 1031 464; x_wconf 93' lang='lat' dir='ltr'>IN</span> <span class='ocrx_word' id='word_1_4' title='bbox 1062 408 1260 470; x_wconf 83' lang='lat' dir='ltr'><strong>PSALMOS.</strong></span> <span class='ocrx_word' id='word_1_5' title='bbox 1472 401 1473 404; x_wconf 56' lang='grc'>’</span> <span class='ocrx_word' id='word_1_6' title='bbox 1556 403 1604 488; x_wconf 86' lang='grc'>15</span> 
     </span>
    </p>
   </div>
   <div class='ocr_carea' id='block_1_2' title="bbox 192 615 1613 2809">
    <p class='ocr_par' dir='ltr' id='par_1_2' title="bbox 192 615 1613 2809">
     <span class='ocr_line' id='line_1_2' title="bbox 243 615 1608 730; baseline 0.005 -32"><span class='ocrx_word' id='word_1_7' title='bbox 243 627 285 698; x_wconf 88' lang='lat' dir='ltr'>et</span> <span class='ocrx_word' id='word_1_8' title='bbox 322 644 349 699; x_wconf 85' lang='lat' dir='ltr'>a</span> <span class='ocrx_word' id='word_1_9' title='bbox 391 617 491 700; x_wconf 91' lang='lat' dir='ltr'>Deo</span> <span class='ocrx_word' id='word_1_10' title='bbox 532 617 651 699; x_wconf 89' lang='lat' dir='ltr'>solus</span> <span class='ocrx_word' id='word_1_11' title='bbox 691 615 885 730; x_wconf 87' lang='lat' dir='ltr'><strong>elegitur.</strong></span> <span class='ocrx_word' id='word_1_12' title='bbox 930 621 1095 703; x_wconf 86' lang='lat' dir='ltr'>Octava</span> <span class='ocrx_word' id='word_1_13' title='bbox 1134 622 1204 704; x_wconf 89' lang='lat' dir='ltr'>die</span> <span class='ocrx_word' id='word_1_14' title='bbox 1243 622 1608 706; x_wconf 88' lang='lat' dir='ltr'>circumciduntur</span> 
     </span>
     <span class='ocr_line' id='line_1_3' title="bbox 247 755 1608 872; baseline 0.003 -33"><span class='ocrx_word' id='word_1_15' title='bbox 247 755 546 867; x_wconf 87' lang='lat' dir='ltr'>primogenita,</span> <span class='ocrx_word' id='word_1_16' title='bbox 561 769 603 842; x_wconf 90' lang='lat' dir='ltr'>et</span> <span class='ocrx_word' id='word_1_17' title='bbox 618 756 829 840; x_wconf 89' lang='lat' dir='ltr'>inmunda</span> <span class='ocrx_word' id='word_1_18' title='bbox 843 785 937 840; x_wconf 89' lang='lat' dir='ltr'>esse</span> <span class='ocrx_word' id='word_1_19' title='bbox 948 758 1176 843; x_wconf 89' lang='lat' dir='ltr'>desistunt.</span> <span class='ocrx_word' id='word_1_20' title='bbox 1193 760 1421 844; x_wconf 84' lang='lat' dir='ltr'>Zacharias</span> <span class='ocrx_word' id='word_1_21' title='bbox 1435 787 1608 872; x_wconf 90' lang='lat' dir='ltr'>quoque</span> 
     </span>
     <span class='ocr_line' id='line_1_4' title="bbox 246 895 1603 1009; baseline 0.004 -33"><span class='ocrx_word' id='word_1_22' title='bbox 246 906 367 1005; x_wconf 88' lang='lat' dir='ltr'>pater</span> <span class='ocrx_word' id='word_1_23' title='bbox 389 895 600 979; x_wconf 87' lang='lat' dir='ltr'>Iohannis</span> <span class='ocrx_word' id='word_1_24' title='bbox 621 907 772 978; x_wconf 86' lang='lat' dir='ltr'>octava</span> <span class='ocrx_word' id='word_1_25' title='bbox 793 895 862 978; x_wconf 92' lang='lat' dir='ltr'>die</span> <span class='ocrx_word' id='word_1_26' title='bbox 875 897 1214 981; x_wconf 83' lang='lat' dir='ltr'>circumcisionis</span> <span class='ocrx_word' id='word_1_27' title='bbox 1228 898 1304 980; x_wconf 91' lang='lat' dir='ltr'>filii</span> <span class='ocrx_word' id='word_1_28' title='bbox 1320 898 1386 981; x_wconf 91' lang='lat' dir='ltr'>sni</span> <span class='ocrx_word' id='word_1_29' title='bbox 1402 898 1603 1009; x_wconf 87' lang='lat' dir='ltr'>loquitur.</span> 
     </span>
     <span class='ocr_line' id='line_1_5' title="bbox 248 1033 1608 1146; baseline 0.003 -30"><span class='ocrx_word' id='word_1_30' title='bbox 248 1035 310 1116; x_wconf 88' lang='lat' dir='ltr'>Et</span> <span class='ocrx_word' id='word_1_31' title='bbox 331 1046 430 1144; x_wconf 88' lang='lat' dir='ltr'>post</span> <span class='ocrx_word' id='word_1_32' title='bbox 466 1033 560 1117; x_wconf 93' lang='lat' dir='ltr'>dies</span> <span class='ocrx_word' id='word_1_33' title='bbox 580 1045 689 1135; x_wconf 92' lang='lat' dir='ltr'>oct0,</span> <span class='ocrx_word' id='word_1_34' title='bbox 712 1033 804 1117; x_wconf 92' lang='lat' dir='ltr'>sive</span> <span class='ocrx_word' id='word_1_35' title='bbox 829 1060 902 1117; x_wconf 86' lang='lat' dir='ltr'>sex</span> <span class='ocrx_word' id='word_1_36' title='bbox 925 1035 1172 1146; x_wconf 91' lang='lat' dir='ltr'>(utrumque</span> <span class='ocrx_word' id='word_1_37' title='bbox 1205 1037 1320 1120; x_wconf 91' lang='lat' dir='ltr'>enim</span> <span class='ocrx_word' id='word_1_38' title='bbox 1359 1037 1402 1118; x_wconf 94' lang='lat' dir='ltr'>in</span> <span class='ocrx_word' id='word_1_39' title='bbox 1424 1037 1608 1120; x_wconf 82' lang='lat' dir='ltr'>diversis</span> 
     </span>
     <span class='ocr_line' id='line_1_6' title="bbox 210 1171 1606 1284; baseline 0.004 -30"><span class='ocrx_word' id='word_1_40' title='bbox 210 1189 225 1241; x_wconf 82' lang='lat'><strong>⁵</strong></span> <span class='ocrx_word' id='word_1_41' title='bbox 245 1172 529 1282; x_wconf 86' lang='lat' dir='ltr'>evangelistis</span> <span class='ocrx_word' id='word_1_42' title='bbox 551 1171 721 1284; x_wconf 82' lang='lat' dir='ltr'>legitur)</span> <span class='ocrx_word' id='word_1_43' title='bbox 757 1172 977 1255; x_wconf 87' lang='lat' dir='ltr'>Dominus</span> <span class='ocrx_word' id='word_1_44' title='bbox 1011 1173 1342 1257; x_wconf 81' lang='lat' dir='ltr'>transformatur</span> <span class='ocrx_word' id='word_1_45' title='bbox 1363 1175 1406 1256; x_wconf 92' lang='lat' dir='ltr'>in</span> <span class='ocrx_word' id='word_1_46' title='bbox 1430 1187 1576 1258; x_wconf 89' lang='lat' dir='ltr'>monte</span> <span class='ocrx_word' id='word_1_47' title='bbox 1598 1205 1606 1260; x_wconf 93' lang='lat'>:</span> 
     </span>
     <span class='ocr_line' id='line_1_7' title="bbox 247 1308 1609 1425; baseline 0.004 -32"><span class='ocrx_word' id='word_1_48' title='bbox 247 1325 297 1394; x_wconf 92' lang='lat' dir='ltr'>ut</span> <span class='ocrx_word' id='word_1_49' title='bbox 318 1311 380 1392; x_wconf 87' lang='lat' dir='ltr'>sic</span> <span class='ocrx_word' id='word_1_50' title='bbox 399 1308 646 1393; x_wconf 89' lang='lat' dir='ltr'>octonarius</span> <span class='ocrx_word' id='word_1_51' title='bbox 668 1309 711 1391; x_wconf 92' lang='lat' dir='ltr'>in</span> <span class='ocrx_word' id='word_1_52' title='bbox 735 1322 856 1393; x_wconf 88' lang='lat' dir='ltr'>sexto</span> <span class='ocrx_word' id='word_1_53' title='bbox 878 1338 1057 1394; x_wconf 91' lang='lat' dir='ltr'>numero</span> <span class='ocrx_word' id='word_1_54' title='bbox 1076 1313 1358 1414; x_wconf 85' lang='lat' dir='ltr'>contineatur,</span> <span class='ocrx_word' id='word_1_55' title='bbox 1389 1316 1609 1425; x_wconf 91' lang='lat' dir='ltr'>quomodo</span> 
     </span>
     <span class='ocr_line' id='line_1_8' title="bbox 248 1447 1606 1563; baseline 0.004 -32"><span class='ocrx_word' id='word_1_56' title='bbox 248 1475 365 1531; x_wconf 90' lang='lat' dir='ltr'>nunc</span> <span class='ocrx_word' id='word_1_57' title='bbox 379 1448 422 1531; x_wconf 94' lang='lat' dir='ltr'>in</span> <span class='ocrx_word' id='word_1_58' title='bbox 437 1460 559 1532; x_wconf 85' lang='lat' dir='ltr'>sexto</span> <span class='ocrx_word' id='word_1_59' title='bbox 572 1447 740 1558; x_wconf 87' lang='lat' dir='ltr'>psalmo</span> <span class='ocrx_word' id='word_1_60' title='bbox 753 1449 975 1561; x_wconf 86' lang='lat' dir='ltr'>inscriptio</span> <span class='ocrx_word' id='word_1_61' title='bbox 990 1452 1165 1560; x_wconf 90' lang='lat' dir='ltr'>ponitur</span> <span class='ocrx_word' id='word_1_62' title='bbox 1176 1451 1400 1563; x_wconf 86' lang='lat' dir='ltr'>ogdoadis.</span> <span class='ocrx_word' id='word_1_63' title='bbox 1410 1454 1606 1554; x_wconf 79' lang='lat' dir='ltr'>Domine,</span> 
     </span>
     <span class='ocr_line' id='line_1_9' title="bbox 246 1587 1610 1701; baseline 0.004 -31"><span class='ocrx_word' id='word_1_64' title='bbox 246 1616 302 1671; x_wconf 85' lang='lat' dir='ltr'>ne</span> <span class='ocrx_word' id='word_1_65' title='bbox 322 1587 368 1671; x_wconf 87' lang='lat' dir='ltr'>in</span> <span class='ocrx_word' id='word_1_66' title='bbox 375 1588 538 1697; x_wconf 85' lang='lat' dir='ltr'>furore</span> <span class='ocrx_word' id='word_1_67' title='bbox 569 1594 643 1670; x_wconf 85' lang='lat' dir='ltr'>tno</span> <span class='ocrx_word' id='word_1_68' title='bbox 664 1614 830 1696; x_wconf 77' lang='lat' dir='ltr'>arguas</span> <span class='ocrx_word' id='word_1_69' title='bbox 861 1615 938 1687; x_wconf 87' lang='lat' dir='ltr'>me,</span> <span class='ocrx_word' id='word_1_70' title='bbox 962 1615 1096 1697; x_wconf 84' lang='lat' dir='ltr'>neque</span> <span class='ocrx_word' id='word_1_71' title='bbox 1116 1589 1161 1670; x_wconf 89' lang='lat' dir='ltr'>in</span> <span class='ocrx_word' id='word_1_72' title='bbox 1182 1591 1253 1673; x_wconf 88' lang='lat' dir='ltr'>iro</span> <span class='ocrx_word' id='word_1_73' title='bbox 1285 1595 1365 1674; x_wconf 80' lang='lat' dir='ltr'>lna</span> <span class='ocrx_word' id='word_1_74' title='bbox 1397 1593 1610 1701; x_wconf 74' lang='lat' dir='ltr'>corripias</span> 
     </span>
     <span class='ocr_line' id='line_1_10' title="bbox 246 1725 1609 1836; baseline 0.003 -28"><span class='ocrx_word' id='word_1_75' title='bbox 246 1753 325 1810; x_wconf 84' lang='lat' dir='ltr'>me.</span> <span class='ocrx_word' id='word_1_76' title='bbox 372 1725 664 1810; x_wconf 88' lang='lat' dir='ltr'>Paenitentiae</span> <span class='ocrx_word' id='word_1_77' title='bbox 700 1725 894 1836; x_wconf 88' lang='lat' dir='ltr'>psalmus</span> <span class='ocrx_word' id='word_1_78' title='bbox 914 1739 991 1826; x_wconf 89' lang='lat' dir='ltr'>est,</span> <span class='ocrx_word' id='word_1_79' title='bbox 1014 1739 1056 1814; x_wconf 86' lang='lat' dir='ltr'>et</span> <span class='ocrx_word' id='word_1_80' title='bbox 1092 1753 1177 1811; x_wconf 92' lang='lat' dir='ltr'>non</span> <span class='ocrx_word' id='word_1_81' title='bbox 1199 1728 1416 1810; x_wconf 89' lang='lat' dir='ltr'>emendari</span> <span class='ocrx_word' id='word_1_82' title='bbox 1454 1730 1609 1813; x_wconf 82' lang='lat' dir='ltr'>refutat</span> 
     </span>
     <span class='ocr_line' id='line_1_11' title="bbox 192 1863 1606 1976; baseline 0.001 -27"><span class='ocrx_word' id='word_1_83' title='bbox 192 1889 229 1926; x_wconf 88' lang='lat'>¹0</span> <span class='ocrx_word' id='word_1_84' title='bbox 247 1880 292 1950; x_wconf 92' lang='lat' dir='ltr'>et</span> <span class='ocrx_word' id='word_1_85' title='bbox 326 1865 495 1976; x_wconf 86' lang='lat' dir='ltr'>corripi,</span> <span class='ocrx_word' id='word_1_86' title='bbox 526 1863 600 1948; x_wconf 92' lang='lat' dir='ltr'>sed</span> <span class='ocrx_word' id='word_1_87' title='bbox 638 1863 681 1946; x_wconf 91' lang='lat' dir='ltr'>in</span> <span class='ocrx_word' id='word_1_88' title='bbox 713 1864 854 1947; x_wconf 80' lang='lat' dir='ltr'>surore</span> <span class='ocrx_word' id='word_1_89' title='bbox 886 1876 928 1947; x_wconf 91' lang='lat' dir='ltr'>et</span> <span class='ocrx_word' id='word_1_90' title='bbox 961 1865 1004 1947; x_wconf 92' lang='lat' dir='ltr'>in</span> <span class='ocrx_word' id='word_1_91' title='bbox 1039 1866 1131 1948; x_wconf 85' lang='lat' dir='ltr'>ira:</span> <span class='ocrx_word' id='word_1_92' title='bbox 1167 1865 1270 1975; x_wconf 86' lang='lat' dir='ltr'>quia</span> <span class='ocrx_word' id='word_1_93' title='bbox 1305 1866 1503 1950; x_wconf 86' lang='lat' dir='ltr'>infirmus</span> <span class='ocrx_word' id='word_1_94' title='bbox 1539 1869 1606 1966; x_wconf 90' lang='lat' dir='ltr'>sit,</span> 
     </span>
     <span class='ocr_line' id='line_1_12' title="bbox 247 2001 1612 2114; baseline -0.001 -25"><span class='ocrx_word' id='word_1_95' title='bbox 247 2019 292 2089; x_wconf 89' lang='lat' dir='ltr'>et</span> <span class='ocrx_word' id='word_1_96' title='bbox 323 2003 495 2087; x_wconf 86' lang='lat' dir='ltr'>turbata</span> <span class='ocrx_word' id='word_1_97' title='bbox 529 2002 616 2085; x_wconf 91' lang='lat' dir='ltr'>sint</span> <span class='ocrx_word' id='word_1_98' title='bbox 651 2028 751 2084; x_wconf 84' lang='lat' dir='ltr'>ossa</span> <span class='ocrx_word' id='word_1_99' title='bbox 789 2001 894 2086; x_wconf 77' lang='lat' dir='ltr'>eins,</span> <span class='ocrx_word' id='word_1_100' title='bbox 932 2003 1001 2084; x_wconf 84' lang='lat' dir='ltr'>Et</span> <span class='ocrx_word' id='word_1_101' title='bbox 1034 2009 1084 2085; x_wconf 83' lang='lat' dir='ltr'>tn</span> <span class='ocrx_word' id='word_1_102' title='bbox 1118 2006 1315 2104; x_wconf 82' lang='lat' dir='ltr'>Domine,</span> <span class='ocrx_word' id='word_1_103' title='bbox 1353 2006 1612 2114; x_wconf 79' lang='lat' dir='ltr'>usquequo?</span> 
     </span>
     <span class='ocr_line' id='line_1_13' title="bbox 249 2141 1612 2253; baseline -0.001 -26"><span class='ocrx_word' id='word_1_104' title='bbox 249 2141 526 2228; x_wconf 86' lang='lat' dir='ltr'>Subauditur</span> <span class='ocrx_word' id='word_1_105' title='bbox 548 2168 556 2224; x_wconf 94' lang='lat'>:</span> <span class='ocrx_word' id='word_1_106' title='bbox 579 2167 805 2251; x_wconf 89' lang='lat' dir='ltr'>usquequo</span> <span class='ocrx_word' id='word_1_107' title='bbox 823 2141 1013 2223; x_wconf 82' lang='lat' dir='ltr'>animam</span> <span class='ocrx_word' id='word_1_108' title='bbox 1048 2169 1200 2243; x_wconf 85' lang='lat' dir='ltr'>meam,</span> <span class='ocrx_word' id='word_1_109' title='bbox 1222 2170 1332 2253; x_wconf 85' lang='lat' dir='ltr'>quae</span> <span class='ocrx_word' id='word_1_110' title='bbox 1351 2160 1417 2228; x_wconf 92' lang='lat' dir='ltr'>est</span> <span class='ocrx_word' id='word_1_111' title='bbox 1442 2144 1612 2227; x_wconf 84' lang='lat' dir='ltr'>turbata</span> 
     </span>
     <span class='ocr_line' id='line_1_14' title="bbox 248 2277 1612 2391; baseline -0.001 -27"><span class='ocrx_word' id='word_1_112' title='bbox 248 2280 537 2379; x_wconf 88' lang='lat' dir='ltr'>vehementer,</span> <span class='ocrx_word' id='word_1_113' title='bbox 558 2306 644 2362; x_wconf 91' lang='lat' dir='ltr'>non</span> <span class='ocrx_word' id='word_1_114' title='bbox 665 2277 806 2388; x_wconf 87' lang='lat' dir='ltr'>eripis,</span> <span class='ocrx_word' id='word_1_115' title='bbox 832 2305 917 2362; x_wconf 91' lang='lat' dir='ltr'>non</span> <span class='ocrx_word' id='word_1_116' title='bbox 938 2279 1129 2391; x_wconf 73' lang='lat' dir='ltr'>corrigis</span> <span class='ocrx_word' id='word_1_117' title='bbox 1153 2307 1239 2363; x_wconf 91' lang='lat' dir='ltr'>non</span> <span class='ocrx_word' id='word_1_118' title='bbox 1260 2281 1487 2364; x_wconf 89' lang='lat' dir='ltr'>emendas?</span> <span class='ocrx_word' id='word_1_119' title='bbox 1506 2285 1612 2366; x_wconf 86' lang='lat' dir='ltr'>Con-</span> 
     </span>
     <span class='ocr_line' id='line_1_15' title="bbox 247 2417 1611 2518; baseline 0 -17"><span class='ocrx_word' id='word_1_120' title='bbox 247 2424 428 2518; x_wconf 80' lang='lat' dir='ltr'>vertere,</span> <span class='ocrx_word' id='word_1_121' title='bbox 459 2417 657 2515; x_wconf 80' lang='lat' dir='ltr'>Domine,</span> <span class='ocrx_word' id='word_1_122' title='bbox 688 2443 836 2498; x_wconf 80' lang='lat' dir='ltr'>ornere</span> <span class='ocrx_word' id='word_1_123' title='bbox 868 2417 1065 2499; x_wconf 86' lang='lat' dir='ltr'>animam</span> <span class='ocrx_word' id='word_1_124' title='bbox 1094 2443 1246 2501; x_wconf 86' lang='lat' dir='ltr'>meam.</span> <span class='ocrx_word' id='word_1_125' title='bbox 1288 2419 1385 2501; x_wconf 93' lang='lat' dir='ltr'>Nisi</span> <span class='ocrx_word' id='word_1_126' title='bbox 1421 2419 1611 2502; x_wconf 86' lang='lat' dir='ltr'>animam</span> 
     </span>
     <span class='ocr_line' id='line_1_16' title="bbox 195 2554 1613 2666; baseline 0.002 -30"><span class='ocrx_word' id='word_1_127' title='bbox 195 2583 230 2636; x_wconf 74' lang='grc' dir='ltr'>ις</span> <span class='ocrx_word' id='word_1_128' title='bbox 252 2569 446 2640; x_wconf 81' lang='lat' dir='ltr'>nostram</span> <span class='ocrx_word' id='word_1_129' title='bbox 486 2567 585 2638; x_wconf 90' lang='lat' dir='ltr'>ante</span> <span class='ocrx_word' id='word_1_130' title='bbox 625 2554 891 2654; x_wconf 85' lang='lat' dir='ltr'>converterit,</span> <span class='ocrx_word' id='word_1_131' title='bbox 935 2582 1021 2637; x_wconf 93' lang='lat' dir='ltr'>non</span> <span class='ocrx_word' id='word_1_132' title='bbox 1062 2582 1155 2638; x_wconf 87' lang='lat' dir='ltr'>eam</span> <span class='ocrx_word' id='word_1_133' title='bbox 1197 2567 1337 2666; x_wconf 89' lang='lat' dir='ltr'>potest</span> <span class='ocrx_word' id='word_1_134' title='bbox 1376 2583 1520 2639; x_wconf 85' lang='lat' dir='ltr'>eruere</span> <span class='ocrx_word' id='word_1_135' title='bbox 1559 2557 1613 2639; x_wconf 89' lang='lat' dir='ltr'>de</span> 
     </span>
     <span class='ocr_line' id='line_1_17' title="bbox 252 2692 1611 2809; baseline 0 -31"><span class='ocrx_word' id='word_1_136' title='bbox 252 2694 454 2809; x_wconf 89' lang='lat' dir='ltr'>periculo.</span> <span class='ocrx_word' id='word_1_137' title='bbox 489 2693 654 2777; x_wconf 87' lang='lat' dir='ltr'>Aliter:</span> <span class='ocrx_word' id='word_1_138' title='bbox 683 2693 881 2792; x_wconf 88' lang='lat' dir='ltr'>Domine,</span> <span class='ocrx_word' id='word_1_139' title='bbox 919 2692 1023 2803; x_wconf 84' lang='lat' dir='ltr'>quia</span> <span class='ocrx_word' id='word_1_140' title='bbox 1053 2693 1245 2775; x_wconf 87' lang='lat' dir='ltr'>avertisti</span> <span class='ocrx_word' id='word_1_141' title='bbox 1281 2692 1451 2776; x_wconf 89' lang='lat' dir='ltr'>vultum</span> <span class='ocrx_word' id='word_1_142' title='bbox 1490 2706 1611 2778; x_wconf 91' lang='lat' dir='ltr'>tuum</span> 
     </span>
    </p>
   </div>
   <div class='ocr_carea' id='block_1_3' title="bbox 191 2829 1618 3499">
    <p class='ocr_par' dir='ltr' id='par_1_3' title="bbox 191 2829 1618 3499">
     <span class='ocr_line' id='line_1_18' title="bbox 250 2829 1615 2942; baseline -0.001 -24"><span class='ocrx_word' id='word_1_143' title='bbox 250 2863 279 2918; x_wconf 85' lang='lat' dir='ltr'>a</span> <span class='ocrx_word' id='word_1_144' title='bbox 301 2833 439 2934; x_wconf 93' lang='lat' dir='ltr'>nobis,</span> <span class='ocrx_word' id='word_1_145' title='bbox 472 2845 730 2930; x_wconf 89' lang='lat' dir='ltr'>convertere,</span> <span class='ocrx_word' id='word_1_146' title='bbox 753 2843 794 2914; x_wconf 88' lang='lat' dir='ltr'>et</span> <span class='ocrx_word' id='word_1_147' title='bbox 830 2857 910 2913; x_wconf 92' lang='lat' dir='ltr'>nos</span> <span class='ocrx_word' id='word_1_148' title='bbox 936 2829 1081 2913; x_wconf 87' lang='lat' dir='ltr'>videre</span> <span class='ocrx_word' id='word_1_149' title='bbox 1111 2830 1301 2942; x_wconf 85' lang='lat' dir='ltr'>dignare,</span> <span class='ocrx_word' id='word_1_150' title='bbox 1336 2845 1496 2916; x_wconf 86' lang='lat' dir='ltr'>eterne</span> <span class='ocrx_word' id='word_1_151' title='bbox 1523 2834 1615 2917; x_wconf 85' lang='lat' dir='ltr'>ani-</span> 
     </span>
     <span class='ocr_line' id='line_1_19' title="bbox 250 2968 1616 3078; baseline -0.001 -22"><span class='ocrx_word' id='word_1_152' title='bbox 250 2999 371 3056; x_wconf 89' lang='lat' dir='ltr'>mam</span> <span class='ocrx_word' id='word_1_153' title='bbox 394 2985 597 3056; x_wconf 87' lang='lat' dir='ltr'>nostram.</span> <span class='ocrx_word' id='word_1_154' title='bbox 620 2969 839 3077; x_wconf 83' lang='lat' dir='ltr'>Quoniam</span> <span class='ocrx_word' id='word_1_155' title='bbox 858 2995 942 3051; x_wconf 88' lang='lat' dir='ltr'>non</span> <span class='ocrx_word' id='word_1_156' title='bbox 962 2973 1027 3051; x_wconf 76' lang='lat' dir='ltr'>est</span> <span class='ocrx_word' id='word_1_157' title='bbox 1047 2968 1094 3050; x_wconf 74' lang='lat' dir='ltr'>in·</span> <span class='ocrx_word' id='word_1_158' title='bbox 1114 2975 1250 3052; x_wconf 84' lang='lat' dir='ltr'>morte</span> <span class='ocrx_word' id='word_1_159' title='bbox 1268 2970 1347 3078; x_wconf 84' lang='lat' dir='ltr'>qni</span> <span class='ocrx_word' id='word_1_160' title='bbox 1365 2999 1527 3055; x_wconf 85' lang='lat' dir='ltr'>memor</span> <span class='ocrx_word' id='word_1_161' title='bbox 1552 2973 1616 3055; x_wconf 83' lang='lat' dir='ltr'>sit</span> 
     </span>
     <span class='ocr_line' id='line_1_20' title="bbox 250 3107 1613 3222; baseline 0 -28"><span class='ocrx_word' id='word_1_162' title='bbox 250 3109 335 3194; x_wconf 86' lang='lat' dir='ltr'>tui.</span> <span class='ocrx_word' id='word_1_163' title='bbox 361 3111 462 3194; x_wconf 93' lang='lat' dir='ltr'>Non</span> <span class='ocrx_word' id='word_1_164' title='bbox 485 3110 600 3194; x_wconf 88' lang='lat' dir='ltr'>enim</span> <span class='ocrx_word' id='word_1_165' title='bbox 622 3107 781 3192; x_wconf 91' lang='lat' dir='ltr'>mortui</span> <span class='ocrx_word' id='word_1_166' title='bbox 804 3108 1042 3192; x_wconf 89' lang='lat' dir='ltr'>laudabunt</span> <span class='ocrx_word' id='word_1_167' title='bbox 1066 3109 1320 3213; x_wconf 90' lang='lat' dir='ltr'>Dominum,</span> <span class='ocrx_word' id='word_1_168' title='bbox 1346 3111 1420 3195; x_wconf 90' lang='lat' dir='ltr'>sed</span> <span class='ocrx_word' id='word_1_169' title='bbox 1443 3139 1523 3194; x_wconf 90' lang='lat' dir='ltr'>nos</span> <span class='ocrx_word' id='word_1_170' title='bbox 1538 3110 1613 3222; x_wconf 91' lang='lat' dir='ltr'>qui</span> 
     </span>
     <span class='ocr_line' id='line_1_21' title="bbox 191 3247 1614 3360; baseline 0.002 -28"><span class='ocrx_word' id='word_1_171' title='bbox 191 3281 231 3320; x_wconf 70' lang='grc' dir='ltr'>ω</span> <span class='ocrx_word' id='word_1_172' title='bbox 249 3249 451 3332; x_wconf 88' lang='lat' dir='ltr'>viventes</span> <span class='ocrx_word' id='word_1_173' title='bbox 487 3273 671 3332; x_wconf 89' lang='lat' dir='ltr'>sumus:</span> <span class='ocrx_word' id='word_1_174' title='bbox 705 3247 808 3360; x_wconf 89' lang='lat' dir='ltr'>quia</span> <span class='ocrx_word' id='word_1_175' title='bbox 843 3274 929 3330; x_wconf 91' lang='lat' dir='ltr'>non</span> <span class='ocrx_word' id='word_1_176' title='bbox 965 3259 1030 3330; x_wconf 90' lang='lat' dir='ltr'>est</span> <span class='ocrx_word' id='word_1_177' title='bbox 1065 3249 1185 3331; x_wconf 89' lang='lat' dir='ltr'>Deus</span> <span class='ocrx_word' id='word_1_178' title='bbox 1219 3261 1501 3351; x_wconf 89' lang='lat' dir='ltr'>mortuorum,</span> <span class='ocrx_word' id='word_1_179' title='bbox 1539 3252 1614 3335; x_wconf 93' lang='lat' dir='ltr'>sed</span> 
     </span>
     <span class='ocr_line' id='line_1_22' title="bbox 250 3385 1618 3499; baseline 0.003 -28"><span class='ocrx_word' id='word_1_180' title='bbox 250 3386 467 3472; x_wconf 91' lang='lat' dir='ltr'>vivorum.</span> <span class='ocrx_word' id='word_1_181' title='bbox 508 3387 565 3469; x_wconf 89' lang='lat' dir='ltr'>In</span> <span class='ocrx_word' id='word_1_182' title='bbox 610 3385 780 3495; x_wconf 83' lang='lat' dir='ltr'>inferno</span> <span class='ocrx_word' id='word_1_183' title='bbox 829 3391 977 3468; x_wconf 83' lang='lat' dir='ltr'>antem</span> <span class='ocrx_word' id='word_1_184' title='bbox 1020 3385 1119 3495; x_wconf 84' lang='lat' dir='ltr'>quis</span> <span class='ocrx_word' id='word_1_185' title='bbox 1167 3390 1444 3499; x_wconf 82' lang='lat' dir='ltr'>confitebitur</span> <span class='ocrx_word' id='word_1_186' title='bbox 1491 3391 1618 3475; x_wconf 82' lang='lat' dir='ltr'>tibi?</span> 
     </span>
    </p>
   </div>
   <div class='ocr_carea' id='block_1_4' title="bbox 255 3615 1618 3934">
    <p class='ocr_par' dir='ltr' id='par_1_4' title="bbox 255 3615 1618 3934">
     <span class='ocr_line' id='line_1_23' title="bbox 291 3615 1615 3687; baseline 0 -18"><span class='ocrx_word' id='word_1_187' title='bbox 291 3617 427 3682; x_wconf 76' lang='lat' dir='ltr'>7ocd0adis</span> <span class='ocrx_word' id='word_1_188' title='bbox 438 3617 468 3668; x_wconf 92' lang='lat' dir='ltr'>C.</span> <span class='ocrx_word' id='word_1_189' title='bbox 571 3615 960 3680; x_wconf 72' lang='lat' dir='ltr'>rosedlCaddmnsuplin.</span> <span class='ocrx_word' id='word_1_190' title='bbox 1064 3628 1090 3664; x_wconf 81' lang='grc' dir='ltr'>ιι</span> <span class='ocrx_word' id='word_1_191' title='bbox 1110 3616 1212 3666; x_wconf 77' lang='lat' dir='ltr'>turbata</span> <span class='ocrx_word' id='word_1_192' title='bbox 1228 3619 1337 3668; x_wconf 77' lang='lat' dir='ltr'>suntA.</span> <span class='ocrx_word' id='word_1_193' title='bbox 1442 3633 1470 3669; x_wconf 83' lang='lat'>12</span> <span class='ocrx_word' id='word_1_194' title='bbox 1486 3621 1576 3684; x_wconf 83' lang='lat' dir='ltr'>meam]</span> <span class='ocrx_word' id='word_1_195' title='bbox 1590 3619 1615 3687; x_wconf 88' lang='grc' dir='ltr'>β,</span> 
     </span>
     <span class='ocr_line' id='line_1_24' title="bbox 257 3697 1615 3764; baseline -0.004 -11"><span class='ocrx_word' id='word_1_196' title='bbox 257 3705 282 3755; x_wconf 84' lang='lat' dir='ltr'>E</span> <span class='ocrx_word' id='word_1_197' title='bbox 295 3715 310 3752; x_wconf 89' lang='lat'>2</span> <span class='ocrx_word' id='word_1_198' title='bbox 322 3718 355 3751; x_wconf 93' lang='lat' dir='ltr'>m.</span> <span class='ocrx_word' id='word_1_199' title='bbox 369 3703 400 3750; x_wconf 78' lang='lat' dir='ltr'>ad</span> <span class='ocrx_word' id='word_1_200' title='bbox 413 3715 492 3764; x_wconf 78' lang='lat' dir='ltr'>marg.</span> <span class='ocrx_word' id='word_1_201' title='bbox 507 3715 576 3758; x_wconf 80' lang='lat' dir='ltr'>;om.</span> <span class='ocrx_word' id='word_1_202' title='bbox 591 3697 680 3748; x_wconf 71' lang='grc' dir='ltr'>ΕΔΜ.</span> <span class='ocrx_word' id='word_1_203' title='bbox 773 3711 801 3761; x_wconf 85' lang='lat'>13</span> <span class='ocrx_word' id='word_1_204' title='bbox 814 3714 864 3747; x_wconf 82' lang='lat' dir='ltr'>non</span> <span class='ocrx_word' id='word_1_205' title='bbox 874 3697 972 3761; x_wconf 64' lang='lat' dir='ltr'>eripiu,</span> <span class='ocrx_word' id='word_1_206' title='bbox 986 3713 1036 3746; x_wconf 83' lang='lat' dir='ltr'>non</span> <span class='ocrx_word' id='word_1_207' title='bbox 1047 3697 1165 3760; x_wconf 79' lang='lat' dir='ltr'>corrigas,</span> <span class='ocrx_word' id='word_1_208' title='bbox 1179 3714 1229 3747; x_wconf 87' lang='lat' dir='ltr'>non</span> <span class='ocrx_word' id='word_1_209' title='bbox 1239 3699 1350 3748; x_wconf 74' lang='lat' dir='ltr'>enundes</span> <span class='ocrx_word' id='word_1_210' title='bbox 1362 3698 1393 3748; x_wconf 90' lang='lat' dir='ltr'>C.</span> <span class='ocrx_word' id='word_1_211' title='bbox 1482 3712 1511 3760; x_wconf 85' lang='lat'>14</span> <span class='ocrx_word' id='word_1_212' title='bbox 1521 3716 1615 3760; x_wconf 77' lang='lat' dir='ltr'>emere,</span> 
     </span>
     <span class='ocr_line' id='line_1_25' title="bbox 258 3775 1618 3849; baseline -0.003 -13"><span class='ocrx_word' id='word_1_213' title='bbox 258 3786 339 3837; x_wconf 77' lang='lat' dir='ltr'>EAM</span> <span class='ocrx_word' id='word_1_214' title='bbox 351 3775 625 3849; x_wconf 61' lang='grc' dir='ltr'><strong>(ΒΧΧεέπίατρεψον</strong></span> <span class='ocrx_word' id='word_1_215' title='bbox 636 3775 710 3849; x_wconf 81' lang='grc' dir='ltr'>κύριε</span> <span class='ocrx_word' id='word_1_216' title='bbox 724 3775 827 3848; x_wconf 61' lang='lat' dir='ltr'>pinum</span> <span class='ocrx_word' id='word_1_217' title='bbox 860 3787 957 3828; x_wconf 82' lang='lat' dir='ltr'>eterne</span> <span class='ocrx_word' id='word_1_218' title='bbox 974 3778 1014 3838; x_wconf 86' lang='lat' dir='ltr'>C;</span> <span class='ocrx_word' id='word_1_219' title='bbox 1048 3787 1070 3829; x_wconf 81' lang='lat' dir='ltr'>et</span> <span class='ocrx_word' id='word_1_220' title='bbox 1080 3779 1148 3842; x_wconf 79' lang='lat' dir='ltr'>eripe</span> <span class='ocrx_word' id='word_1_221' title='bbox 1161 3778 1186 3847; x_wconf 88' lang='grc' dir='ltr'><strong>β</strong></span> <span class='ocrx_word' id='word_1_222' title='bbox 1289 3782 1452 3845; x_wconf 74' lang='lat' dir='ltr'>tsmstram]</span> <span class='ocrx_word' id='word_1_223' title='bbox 1471 3779 1618 3848; x_wconf 63' lang='lat' dir='ltr'>Eritne</span> 
     </span>
     <span class='ocr_line' id='line_1_26' title="bbox 255 3859 1162 3934; baseline -0.011 -14"><span class='ocrx_word' id='word_1_224' title='bbox 255 3885 314 3934; x_wconf 82' lang='lat' dir='ltr'>sup.</span> <span class='ocrx_word' id='word_1_225' title='bbox 329 3867 392 3927; x_wconf 89' lang='lat' dir='ltr'>lin.;</span> <span class='ocrx_word' id='word_1_226' title='bbox 427 3863 662 3915; x_wconf 74' lang='lat' dir='ltr'>nreamctmanu.</span> <span class='ocrx_word' id='word_1_227' title='bbox 766 3872 794 3923; x_wconf 81' lang='lat'>17</span> <span class='ocrx_word' id='word_1_228' title='bbox 805 3861 875 3924; x_wconf 77' lang='lat' dir='ltr'>crue]</span> <span class='ocrx_word' id='word_1_229' title='bbox 888 3859 947 3928; x_wconf 86' lang='grc' dir='ltr'>Εβ;</span> <span class='ocrx_word' id='word_1_230' title='bbox 979 3862 1162 3912; x_wconf 79' lang='lat' dir='ltr'>mmeCAM.</span> 
     </span>
    </p>
   </div>
   <div class='ocr_carea' id='block_1_5' title="bbox 224 4033 1619 4776">
    <p class='ocr_par' dir='ltr' id='par_1_5' title="bbox 259 4033 1619 4608">
     <span class='ocr_line' id='line_1_27' title="bbox 302 4033 1616 4118; baseline -0.003 -17"><span class='ocrx_word' id='word_1_231' title='bbox 302 4064 330 4116; x_wconf 79' lang='lat'><em>4</em></span> <span class='ocrx_word' id='word_1_232' title='bbox 353 4049 506 4118; x_wconf 76' lang='lat' dir='ltr'>utrumqne</span> <span class='ocrx_word' id='word_1_233' title='bbox 529 4059 550 4099; x_wconf 83' lang='lat' dir='ltr'>e.</span> <span class='ocrx_word' id='word_1_234' title='bbox 577 4039 596 4099; x_wconf 87' lang='lat' dir='ltr'>i.</span> <span class='ocrx_word' id='word_1_235' title='bbox 622 4039 649 4098; x_wconf 81' lang='lat' dir='ltr'>d.</span> <span class='ocrx_word' id='word_1_236' title='bbox 676 4058 697 4097; x_wconf 84' lang='grc' dir='ltr'>ι.</span> <span class='ocrx_word' id='word_1_237' title='bbox 723 4033 841 4117; x_wconf 84' lang='lat' dir='ltr'>legitur]</span> <span class='ocrx_word' id='word_1_238' title='bbox 866 4039 914 4098; x_wconf 90' lang='lat' dir='ltr'>De</span> <span class='ocrx_word' id='word_1_239' title='bbox 965 4037 1038 4110; x_wconf 84' lang='lat' dir='ltr'>dies,</span> <span class='ocrx_word' id='word_1_240' title='bbox 1055 4036 1094 4098; x_wconf 92' lang='lat' dir='ltr'>ibi</span> <span class='ocrx_word' id='word_1_241' title='bbox 1111 4037 1222 4114; x_wconf 86' lang='lat' dir='ltr'>primus</span> <span class='ocrx_word' id='word_1_242' title='bbox 1246 4037 1366 4099; x_wconf 84' lang='lat' dir='ltr'>additur</span> <span class='ocrx_word' id='word_1_243' title='bbox 1381 4049 1410 4098; x_wconf 90' lang='lat' dir='ltr'>et</span> <span class='ocrx_word' id='word_1_244' title='bbox 1435 4049 1585 4099; x_wconf 86' lang='lat' dir='ltr'>extremos</span> <span class='ocrx_word' id='word_1_245' title='bbox 1602 4039 1616 4097; x_wconf 86' lang='lat'>&#39;.</span> 
     </span>
     <span class='ocr_line' id='line_1_28' title="bbox 260 4115 1619 4202; baseline -0.01 -17"><span class='ocrx_word' id='word_1_246' title='bbox 260 4127 321 4185; x_wconf 82' lang='lat' dir='ltr'>hoc</span> <span class='ocrx_word' id='word_1_247' title='bbox 336 4123 477 4202; x_wconf 88' lang='lat' dir='ltr'>temporis</span> <span class='ocrx_word' id='word_1_248' title='bbox 491 4120 587 4200; x_wconf 84' lang='lat' dir='ltr'>spatio</span> <span class='ocrx_word' id='word_1_249' title='bbox 604 4119 748 4181; x_wconf 83' lang='lat' dir='ltr'>dissidere</span> <span class='ocrx_word' id='word_1_250' title='bbox 770 4117 914 4196; x_wconf 88' lang='lat' dir='ltr'>evangeli·</span> <span class='ocrx_word' id='word_1_251' title='bbox 1007 4137 1032 4194; x_wconf 91' lang='lat'>7.</span> <span class='ocrx_word' id='word_1_252' title='bbox 1055 4115 1200 4201; x_wconf 83' lang='lat' dir='ltr'>ogdoadis]</span> <span class='ocrx_word' id='word_1_253' title='bbox 1227 4121 1274 4182; x_wconf 86' lang='lat' dir='ltr'>De</span> <span class='ocrx_word' id='word_1_254' title='bbox 1296 4139 1350 4180; x_wconf 88' lang='lat' dir='ltr'>usu</span> <span class='ocrx_word' id='word_1_255' title='bbox 1372 4118 1459 4180; x_wconf 89' lang='lat' dir='ltr'>huius</span> <span class='ocrx_word' id='word_1_256' title='bbox 1481 4119 1619 4180; x_wconf 81' lang='lat' dir='ltr'>vocabuli</span> 
     </span>
     <span class='ocr_line' id='line_1_29' title="bbox 259 4199 1617 4280; baseline -0.005 -13"><span class='ocrx_word' id='word_1_257' title='bbox 259 4219 323 4267; x_wconf 78' lang='lat' dir='ltr'>stas</span> <span class='ocrx_word' id='word_1_258' title='bbox 338 4204 368 4266; x_wconf 91' lang='lat' dir='ltr'>in</span> <span class='ocrx_word' id='word_1_259' title='bbox 389 4224 452 4280; x_wconf 83' lang='lat' dir='ltr'>cap.</span> <span class='ocrx_word' id='word_1_260' title='bbox 473 4220 506 4277; x_wconf 83' lang='lat'>¹7</span> <span class='ocrx_word' id='word_1_261' title='bbox 536 4200 680 4262; x_wconf 85' lang='lat' dir='ltr'>Matthaei</span> <span class='ocrx_word' id='word_1_262' title='bbox 705 4199 913 4260; x_wconf 78' lang='lat' dir='ltr'>animadvertit</span> <span class='ocrx_word' id='word_1_263' title='bbox 964 4200 1044 4278; x_wconf 88' lang='lat' dir='ltr'>apud</span> <span class='ocrx_word' id='word_1_264' title='bbox 1060 4199 1281 4279; x_wconf 87' lang='lat' dir='ltr'>Hieronymum</span> <span class='ocrx_word' id='word_1_265' title='bbox 1306 4203 1383 4260; x_wconf 81' lang='lat' dir='ltr'>conf.</span> <span class='ocrx_word' id='word_1_266' title='bbox 1410 4201 1494 4277; x_wconf 84' lang='lat' dir='ltr'>epist.</span> <span class='ocrx_word' id='word_1_267' title='bbox 1516 4203 1563 4277; x_wconf 87' lang='grc'>36,</span> <span class='ocrx_word' id='word_1_268' title='bbox 1588 4219 1617 4261; x_wconf 90' lang='lat' dir='ltr'>n.</span> 
     </span>
     <span class='ocr_line' id='line_1_30' title="bbox 259 4281 1616 4361; baseline -0.01 -13"><span class='ocrx_word' id='word_1_269' title='bbox 259 4299 383 4348; x_wconf 79' lang='lat' dir='ltr'>sanctus</span> <span class='ocrx_word' id='word_1_270' title='bbox 399 4285 603 4361; x_wconf 87' lang='lat' dir='ltr'>Hieronymus</span> <span class='ocrx_word' id='word_1_271' title='bbox 617 4282 663 4342; x_wconf 90' lang='lat' dir='ltr'>his</span> <span class='ocrx_word' id='word_1_272' title='bbox 675 4281 772 4343; x_wconf 85' lang='lat' dir='ltr'>verbis</span> <span class='ocrx_word' id='word_1_273' title='bbox 785 4303 791 4341; x_wconf 96' lang='lat'><strong>:</strong></span> <span class='ocrx_word' id='word_1_274' title='bbox 805 4282 912 4342; x_wconf 89' lang='lat' dir='ltr'>‘Nunc</span> <span class='ocrx_word' id='word_1_275' title='bbox 965 4301 1058 4360; x_wconf 89' lang='lat' dir='ltr'>9;ep.</span> <span class='ocrx_word' id='word_1_276' title='bbox 1076 4299 1126 4359; x_wconf 83' lang='lat'>53,</span> <span class='ocrx_word' id='word_1_277' title='bbox 1143 4302 1170 4344; x_wconf 91' lang='lat' dir='ltr'>n.</span> <span class='ocrx_word' id='word_1_278' title='bbox 1188 4303 1203 4342; x_wconf 86' lang='lat'><strong>2</strong></span> <span class='ocrx_word' id='word_1_279' title='bbox 1218 4285 1354 4356; x_wconf 87' lang='lat' dir='ltr'>;Comm.</span> <span class='ocrx_word' id='word_1_280' title='bbox 1366 4281 1396 4342; x_wconf 85' lang='lat' dir='ltr'>in</span> <span class='ocrx_word' id='word_1_281' title='bbox 1412 4284 1526 4343; x_wconf 83' lang='lat' dir='ltr'>Eccles,</span> <span class='ocrx_word' id='word_1_282' title='bbox 1540 4303 1565 4343; x_wconf 79' lang='lat' dir='ltr'>c,</span> <span class='ocrx_word' id='word_1_283' title='bbox 1583 4302 1616 4340; x_wconf 90' lang='lat'>11</span> 
     </span>
     <span class='ocr_line' id='line_1_31' title="bbox 259 4363 1329 4450; baseline -0.01 -19"><span class='ocrx_word' id='word_1_284' title='bbox 259 4369 413 4450; x_wconf 84' lang='lat' dir='ltr'>quaeritur</span> <span class='ocrx_word' id='word_1_285' title='bbox 422 4366 578 4445; x_wconf 89' lang='lat' dir='ltr'>quomodo</span> <span class='ocrx_word' id='word_1_286' title='bbox 587 4375 655 4442; x_wconf 88' lang='lat' dir='ltr'>post</span> <span class='ocrx_word' id='word_1_287' title='bbox 666 4383 717 4425; x_wconf 83' lang='lat' dir='ltr'>sex</span> <span class='ocrx_word' id='word_1_288' title='bbox 728 4364 792 4424; x_wconf 84' lang='lat' dir='ltr'>dies</span> <span class='ocrx_word' id='word_1_289' title='bbox 803 4381 915 4423; x_wconf 81' lang='lat' dir='ltr'>assum·</span> <span class='ocrx_word' id='word_1_290' title='bbox 966 4363 1084 4442; x_wconf 85' lang='lat' dir='ltr'>(Migne</span> <span class='ocrx_word' id='word_1_291' title='bbox 1100 4384 1114 4422; x_wconf 87' lang='lat'>2</span> <span class='ocrx_word' id='word_1_292' title='bbox 1120 4383 1146 4440; x_wconf 85' lang='lat'>3,</span> <span class='ocrx_word' id='word_1_293' title='bbox 1167 4363 1257 4444; x_wconf 82' lang='lat'>¹157)</span> <span class='ocrx_word' id='word_1_294' title='bbox 1272 4376 1329 4426; x_wconf 88' lang='lat' dir='ltr'>ete.</span> 
     </span>
     <span class='ocr_line' id='line_1_32' title="bbox 259 4443 1451 4531; baseline -0.008 -19"><span class='ocrx_word' id='word_1_295' title='bbox 259 4451 354 4531; x_wconf 73' lang='lat' dir='ltr'>poerit</span> <span class='ocrx_word' id='word_1_296' title='bbox 367 4468 429 4522; x_wconf 84' lang='lat' dir='ltr'>eos,</span> <span class='ocrx_word' id='word_1_297' title='bbox 444 4461 475 4510; x_wconf 89' lang='lat' dir='ltr'>et</span> <span class='ocrx_word' id='word_1_298' title='bbox 488 4445 605 4510; x_wconf 81' lang='lat' dir='ltr'>duxerit</span> <span class='ocrx_word' id='word_1_299' title='bbox 620 4445 650 4506; x_wconf 91' lang='lat' dir='ltr'>in</span> <span class='ocrx_word' id='word_1_300' title='bbox 672 4455 807 4506; x_wconf 87' lang='lat' dir='ltr'>montem</span> <span class='ocrx_word' id='word_1_301' title='bbox 822 4445 915 4505; x_wconf 84' lang='lat' dir='ltr'>excel·</span> <span class='ocrx_word' id='word_1_302' title='bbox 1008 4465 1053 4506; x_wconf 87' lang='lat'>20.</span> <span class='ocrx_word' id='word_1_303' title='bbox 1076 4443 1187 4526; x_wconf 88' lang='lat' dir='ltr'>snmus]</span> <span class='ocrx_word' id='word_1_304' title='bbox 1203 4449 1250 4506; x_wconf 87' lang='lat' dir='ltr'>Ps.</span> <span class='ocrx_word' id='word_1_305' title='bbox 1271 4466 1336 4522; x_wconf 82' lang='lat'>113,</span> <span class='ocrx_word' id='word_1_306' title='bbox 1355 4449 1451 4521; x_wconf 85' lang='lat'>17-18.</span> 
     </span>
     <span class='ocr_line' id='line_1_33' title="bbox 260 4524 1619 4608; baseline -0.009 -12"><span class='ocrx_word' id='word_1_307' title='bbox 260 4551 330 4596; x_wconf 83' lang='lat' dir='ltr'>sum</span> <span class='ocrx_word' id='word_1_308' title='bbox 355 4550 498 4604; x_wconf 80' lang='lat' dir='ltr'>seorsum,</span> <span class='ocrx_word' id='word_1_309' title='bbox 514 4547 585 4590; x_wconf 90' lang='lat' dir='ltr'>curn</span> <span class='ocrx_word' id='word_1_310' title='bbox 611 4530 707 4589; x_wconf 81' lang='lat' dir='ltr'>Lucas</span> <span class='ocrx_word' id='word_1_311' title='bbox 736 4525 915 4604; x_wconf 86' lang='lat' dir='ltr'>evangelista</span> <span class='ocrx_word' id='word_1_312' title='bbox 1008 4545 1053 4586; x_wconf 89' lang='lat'>21.</span> <span class='ocrx_word' id='word_1_313' title='bbox 1077 4524 1221 4608; x_wconf 80' lang='lat' dir='ltr'>or&#39;rrorum]</span> <span class='ocrx_word' id='word_1_314' title='bbox 1251 4530 1345 4588; x_wconf 85' lang='lat' dir='ltr'>Marc.</span> <span class='ocrx_word' id='word_1_315' title='bbox 1381 4547 1426 4601; x_wconf 71' lang='grc' dir='ltr'>ιι,</span> <span class='ocrx_word' id='word_1_316' title='bbox 1455 4545 1518 4602; x_wconf 82' lang='lat'>273</span> <span class='ocrx_word' id='word_1_317' title='bbox 1548 4527 1619 4586; x_wconf 90' lang='lat' dir='ltr'>Luc.</span> 
     </span>
    </p>

    <p class='ocr_par' dir='ltr' id='par_1_6' title="bbox 224 4606 1087 4776">
     <span class='ocr_line' id='line_1_34' title="bbox 224 4606 1087 4688; baseline -0.01 -10"><span class='ocrx_word' id='word_1_318' title='bbox 224 4617 231 4626; x_wconf 88' lang='lat'>&#39;</span> <span class='ocrx_word' id='word_1_319' title='bbox 259 4611 451 4678; x_wconf 80' lang='lat' dir='ltr'>octonarium</span> <span class='ocrx_word' id='word_1_320' title='bbox 466 4629 624 4672; x_wconf 87' lang='lat' dir='ltr'>numerum</span> <span class='ocrx_word' id='word_1_321' title='bbox 639 4619 739 4688; x_wconf 72' lang='lat' dir='ltr'>ponat</span> <span class='ocrx_word' id='word_1_322' title='bbox 751 4607 810 4669; x_wconf 87' lang='lat' dir='ltr'>Sed</span> <span class='ocrx_word' id='word_1_323' title='bbox 822 4606 915 4668; x_wconf 77' lang='lat' dir='ltr'>facilis</span> <span class='ocrx_word' id='word_1_324' title='bbox 969 4628 1014 4681; x_wconf 89' lang='lat'>20,</span> <span class='ocrx_word' id='word_1_325' title='bbox 1039 4612 1087 4685; x_wconf 89' lang='lat'>38.</span> 
     </span>
     <span class='ocr_line' id='line_1_35' title="bbox 258 4689 916 4776; baseline -0.017 -16"><span class='ocrx_word' id='word_1_326' title='bbox 258 4695 419 4776; x_wconf 69' lang='lat' dir='ltr'>responsio</span> <span class='ocrx_word' id='word_1_327' title='bbox 432 4706 486 4769; x_wconf 81' lang='lat' dir='ltr'>est,</span> <span class='ocrx_word' id='word_1_328' title='bbox 502 4691 574 4772; x_wconf 83' lang='lat' dir='ltr'>quia</span> <span class='ocrx_word' id='word_1_329' title='bbox 588 4691 637 4753; x_wconf 90' lang='lat' dir='ltr'>hic</span> <span class='ocrx_word' id='word_1_330' title='bbox 658 4689 750 4752; x_wconf 88' lang='lat' dir='ltr'>medii</span> <span class='ocrx_word' id='word_1_331' title='bbox 766 4701 916 4768; x_wconf 86' lang='lat' dir='ltr'>ponuntur</span> 
     </span>
    </p>
   </div>
   <div class='ocr_carea' id='block_1_6' title="bbox 0 0 2061 5492">
    <p class='ocr_par' dir='ltr' id='par_1_7' title="bbox 0 0 2061 5492">
     <span class='ocr_line' id='line_1_36' title="bbox 0 0 2061 5492; baseline 0 0"><span class='ocrx_word' id='word_1_332' title='bbox 0 0 2061 5492; x_wconf 95' lang='lat' dir='ltr'> </span> 
     </span>
    </p>
   </div>
  </div>
 </body>
</html>
