4202 5492
486 397 566 458 120
857 401 885 466 S„
909 400 1165 464 HIERONYMI
1187 402 1452 464 PRESBYTERI

482 612 695 678 sericordiam
714 624 806 678 tuam
822 625 856 680 et
871 619 1045 684 veritatem
1062 630 1155 685 tuam
1172 640 1231 703 per
1246 629 1388 688 noctem.
1405 620 1536 705 Singuli
1553 622 1704 687 versiculi
1717 624 1760 688 ad
1770 622 1836 688 sin·

481 721 578 803 gulos
594 719 797 796 referuntur.v
810 719 939 785 Bonum
965 733 1013 788 est
1037 723 1182 807 confiteri
1195 723 1347 802 Domina,
1371 723 1421 787 ad
1445 725 1713 790 adnuntiandum
1744 746 1838 789 mane

482 828 738 894 nn'sericordiam
753 839 854 894 tnarn.
871 831 908 896 Si
924 831 1091 898 confiteris
1108 833 1265 911 Domino,
1280 832 1459 897 adnuntias
1478 850 1576 895 mane
1593 829 1834 904 misericordias

483 933 627 996 Domini.
645 932 693 996 Et
702 932 841 1014 psallere
856 935 1051 1000 nominituo
1066 936 1246 1001 Altissime.
1265 937 1371 1000 Istum
1384 933 1583 1000 versiculum
1597 933 1682 998 reier
1692 934 1735 998 ad
1746 933 1833 997 hunc

483 1036 539 1117 qui
566 1035 724 1118 sequitur,
738 1035 787 1098 Et
812 1037 982 1102 veritatem
1008 1050 1100 1104 tuam
1119 1052 1183 1122 per
1205 1050 1331 1104 noctem.
1349 1037 1496 1122 Quando
1522 1037 1610 1100 enim
1639 1034 1836 1101 confitemur
1870 1051 1884 1108 s

483 1139 641 1216 Domino,
667 1158 839 1221 speramus
865 1141 1148 1208 misericordiam:
1178 1145 1314 1226 quando
1340 1163 1419 1207 vero
1445 1139 1629 1223 psallimus,
1659 1159 1836 1223 operamur

373 1281 375 1286 ,
481 1241 629 1306 virtutes.
644 1241 705 1305 Ad
717 1241 983 1308 adnuntiandum
1000 1265 1093 1308 nrane
1109 1245 1374 1310 rrrnericordiam.
1392 1246 1460 1310 Ubi
1476 1255 1564 1322 sunt,
1578 1245 1636 1328 qui
1651 1245 1834 1308 secundum

483 1345 627 1410 litteram
644 1347 823 1430 scripturas
839 1345 1063 1429 intellegunt?
1081 1349 1195 1413 Media
1210 1349 1266 1413 die
1282 1349 1543 1413 misericordiam
1562 1349 1625 1412 Dei
1635 1349 1836 1413 adnuntiare

483 1469 550 1513 non
577 1457 780 1532 possumus?
798 1450 843 1514 Et
869 1459 957 1514 certe
973 1452 1227 1533 Xpistianorum
1244 1463 1278 1517 et
1306 1452 1544 1516 monachorum
1565 1462 1615 1516 est
1631 1453 1780 1517 maxime
1802 1452 1835 1515 in

484 1554 636 1618 noctibus
653 1565 790 1636 peccata
804 1574 865 1618 sua
881 1553 1038 1618 confiteri.
1053 1555 1098 1619 Et
1109 1556 1281 1637 quomodo
1292 1576 1379 1619 nunc
1391 1555 1481 1634 dicit,
1497 1555 1554 1621 Ad
1568 1553 1835 1620 adnuntiandum
1855 1575 1886 1613 ro

483 1676 581 1720 mane
597 1657 855 1723 misericordiam
872 1658 984 1721 tuam?
1001 1657 1099 1740 Quod
1116 1659 1207 1736 dicit,
1221 1659 1285 1722 hoc
1301 1669 1361 1724 est.
1378 1657 1454 1722 Non
1483 1679 1661 1742 possumus
1687 1655 1834 1723 confiteri

484 1759 633 1824 Domino
658 1769 692 1824 et
719 1760 979 1824 misericordiam
1004 1761 1074 1824 eius
1095 1764 1267 1846 consequi,
1284 1762 1345 1827 nisi
1371 1762 1517 1844 coeperit
1541 1765 1574 1827 in
1603 1762 1705 1828 corde
1721 1769 1835 1826 nostro

483 1861 607 1926 clarum
624 1861 736 1927 lumen
753 1861 870 1927 lucere.
887 1863 960 1926 Nisi
976 1863 1216 1946 praecesserint
1232 1866 1398 1943 tenebrae,
1413 1875 1447 1930 et
1462 1885 1562 1931 mane
1589 1865 1714 1930 tactum
1731 1863 1836 1941 fuerit,

485 1965 743 2030 misericordiam
762 1967 899 2031 Domini
915 1969 1073 2050 consequi
1102 1989 1167 2032 non
1194 1989 1379 2052 possumus.
1394 1969 1491 2033 Tunc
1517 1979 1629 2034 autem
1658 1967 1835 2032 adnuntias

483 2089 582 2133 mane
599 2068 859 2134 misericordiam
878 2071 1026 2149 Domini,
1041 2092 1117 2135 curn
1134 2073 1183 2136 sol
1200 2073 1346 2137 iustitiae
1361 2083 1453 2138 ortus
1470 2073 1503 2135 in
1522 2074 1622 2136 corde
1648 2080 1708 2136 tuo
1731 2069 1835 2134 fuerit.
1854 2098 1884 2153 ις

482 2172 529 2236 Et
552 2173 722 2238 veritatem
737 2183 830 2238 tunm
847 2186 911 2256 per
924 2185 1050 2241 noctem.
1066 2177 1199 2242 Veritas
1225 2177 1363 2240 Domini
1389 2195 1455 2240 non
1472 2175 1698 2252 adnuntiatur,
1714 2174 1776 2239 nisi
1792 2173 1833 2236 ad

484 2289 636 2340 noctem:
653 2276 684 2340 in
702 2277 757 2339 die
773 2297 839 2341 non
856 2288 967 2361 potest
983 2281 1183 2346 adnuntiari.
1205 2280 1282 2344 Non
1300 2282 1388 2344 enlm
1418 2288 1556 2362 possunt
1582 2277 1728 2344 inbecilli
1754 2278 1835 2341 serre

484 2398 570 2460 quae
587 2399 710 2461 magna
726 2391 813 2454 sunt,
831 2401 938 2463 neque
954 2393 1093 2463 possunt
1109 2403 1149 2446 ea
1165 2383 1327 2448 sustinere
1343 2404 1430 2466 quae
1456 2385 1603 2466 pretiosa
1630 2393 1715 2448 sunt.
1734 2383 1835 2448 Unde

484 2481 605 2546 dicitur
621 2491 653 2546 et
670 2482 702 2545 in
721 2483 788 2546 alio
804 2483 877 2548 loco
893 2485 935 2548 de
952 2484 1047 2548 Deo:
1063 2491 1069 2517 ¹
1088 2487 1202 2550 Posuit
1213 2487 1366 2551 tenebras
1378 2487 1552 2552 latibulum
1565 2506 1661 2552 suum
1674 2486 1681 2512 ¹
1696 2487 1761 2551 hoc
1776 2495 1836 2562 est,

485 2584 652 2650 Dominus
679 2587 789 2668 posuit
821 2589 974 2652 tenebras
1012 2588 1187 2654 latibulum
1219 2610 1325 2656 suum.
1358 2591 1403 2655 Et
1433 2591 1555 2655 veritas
1584 2610 1665 2672 ergo
1696 2587 1835 2654 Domini
1854 2609 1885 2648 aa

483 2689 699 2754 adnuntiatur
719 2691 752 2753 in
781 2701 900 2756 nocte:
925 2693 1019 2774 quasi
1046 2692 1246 2775 quibusdam
1274 2696 1449 2760 verborum
1470 2693 1615 2759 tenebris
1639 2692 1836 2758 obvolvitur.

484 2791 524 2854 In
540 2793 731 2876 aenigmate
753 2795 875 2858 dicitur
890 2804 923 2858 et
940 2796 972 2859 in
989 2797 1179 2878 parabolis:
1195 2807 1231 2862 ut
1248 2798 1398 2862 videntes
1412 2817 1478 2862 non
1492 2797 1637 2875 videant,
1648 2804 1682 2859 et
1698 2795 1835 2860 audien·

482 2904 532 2960 tes
544 2917 611 2960 non
624 2898 771 2962 audiant
789 2898 949 2981 Legimus
964 2900 997 2962 in
1016 2899 1113 2978 Osee,
1129 2910 1162 2965 et
1177 2902 1297 2966 dicitur
1314 2902 1357 2965 ad
1370 2901 1567 2984 prophetam
1582 2923 1589 2963 :
1605 2905 1612 2932 ‘
1629 2900 1682 2963 Tu
1698 2900 1835 2978 vade,et

481 2999 596 3082 accipe
621 3001 682 3065 tibi
709 3020 860 3080 uxorem,
885 3022 1025 3068 uxorem
1054 3005 1261 3069 fornicariam
1279 3005 1295 3070 '.
1314 3003 1431 3069 Iudaei
1458 3004 1598 3069 audiunt
1625 3011 1658 3068 et
1683 3003 1835 3086 gentiles,

481 3113 514 3167 et
531 3103 647 3168 rident.
665 3103 777 3186 Quare
793 3105 926 3171 rident?
945 3106 1112 3190 Quoniam
1130 3109 1250 3173 veritas
1266 3109 1299 3173 in
1313 3118 1411 3174 nocte
1427 3108 1536 3191 posita
1563 3115 1623 3185 est,
1639 3127 1705 3171 non
1722 3106 1833 3170 indie
1852 3125 1882 3181 25

481 3205 594 3272 Vultis
618 3207 710 3283 scire,
725 3207 884 3288 quoniam
901 3211 1021 3274 veritas
1040 3212 1103 3274 Dei
1120 3212 1152 3274 in
1170 3221 1268 3276 nocte
1284 3222 1343 3290 est,
1359 3221 1393 3276 et
1412 3211 1507 3294 quasi
1531 3213 1563 3275 in
1580 3209 1734 3287 tenebris,
1751 3217 1784 3274 et
1800 3207 1832 3271 in

482 3309 651 3390 parabulis
677 3311 786 3393 posita
803 3317 879 3375 est?
896 3313 1033 3397 Moyses
1048 3315 1200 3379 ascendit
1216 3315 1248 3378 in
1263 3324 1411 3380 montem
1425 3316 1509 3381 Sina
1523 3335 1530 3378 :
1546 3325 1580 3379 et
1596 3315 1763 3397 ingressus
1775 3320 1834 3389 est,

483 3411 600 3494 inquit,
615 3412 647 3476 in
675 3414 806 3478 turbine
828 3425 862 3480 et
889 3417 922 3480 in
948 3417 1091 3500 caligine
1114 3428 1148 3483 et
1172 3419 1205 3482 in
1233 3419 1386 3497 tenebris,
1402 3429 1436 3483 et
1451 3420 1500 3484 ibi
1525 3420 1654 3484 locutus
1680 3427 1732 3482 est
1758 3437 1832 3482 cum

482 3516 639 3581 Domino.
657 3517 776 3600 Neque
791 3520 880 3582 enim
897 3530 1027 3602 poterat
1055 3522 1178 3586 Israhel
1196 3522 1339 3604 populus
1357 3522 1467 3586 videre
1491 3523 1649 3607 mysteria
1666 3522 1741 3600 Dei,
1756 3521 1834 3604 quia

481 3619 514 3683 in
530 3619 673 3703 caligine
690 3621 756 3686 Dei
772 3643 838 3687 non
857 3624 1047 3690 intraverat.
1852 3637 1883 3690 ³⁰

523 3723 564 3786 In
580 3724 944 3810 decachordopsalterio,
965 3749 1038 3792 cum
1060 3729 1181 3792 cantico
1204 3728 1238 3792 in
1258 3727 1396 3793 cithara.
1414 3728 1618 3813 Simpliciter
1628 3727 1727 3793 dico:
1754 3746 1834 3813 quo·

512 3935 528 3983 4
540 3921 615 3988 refer]
628 3923 650 3973 G
663 3941 671 3984 ς
683 3922 761 3988 refert
772 3921 841 3990 pAS.
853 3923 892 3974 Ci.
907 3925 1113 3975 Commentariol.
1128 3941 1166 3990 ps.
1180 3941 1205 3989 p.
1223 3937 1259 3988 13›
1275 3925 1291 3974 Ι.
1305 3937 1338 3985 24
1349 3931 1374 3972 et
1387 3923 1493 3975 Hieron.
1507 3925 1533 3976 iu
1546 3925 1605 3977 Ose.
1620 3938 1644 3987 2,
1661 3937 1689 3974 ra
1703 3927 1711 3952 ‘
1725 3926 1795 3990 Quae
1803 3925 1835 3976 de

481 4001 576 4053 Iudaea
587 4003 705 4065 diximus,
718 4004 782 4054 reier
793 4006 825 4055 ad
837 4005 985 4068 haereticos,
997 4006 1041 4072 qui
1053 4005 1060 4030 ’
1071 4015 1119 4058 etc.
1220 4021 1236 4069 9
1247 4007 1284 4056 Et
1295 4005 1367 4066 certe]
1377 4012 1439 4055 certe
1448 4012 1473 4054 el
1483 4006 1516 4056 G.
1611 4019 1640 4070 13
1649 4006 1835 4072 praecesserint]

482 4083 499 4158 β
511 4094 536 4137 et
547 4087 622 4138 codd.
637 4103 683 4152 pro
701 4089 861 4138 recesserint?
961 4102 991 4151 14
1001 4089 1150 4152 adnuntias]
1169 4089 1304 4138 adnuncies
1317 4090 1345 4140 B.
1449 4088 1525 4138 idad
1533 4093 1635 4156 nectens]
1654 4090 1684 4138 in
1696 4097 1762 4139 nacte
1772 4089 1794 4140 C
1805 4105 1835 4140 ea

480 4169 566 4229 inacte,
589 4169 615 4218 H
628 4181 643 4218 2
655 4186 688 4220 m.
817 4181 845 4233 17
866 4170 986 4232 inbecilla]
1006 4172 1042 4231 S;
1063 4173 1165 4221 inbecili
1183 4171 1226 4232 G,
1249 4171 1370 4221 inbecillis
1390 4173 1411 4221 B
1422 4188 1429 4230 ;
1458 4171 1579 4221 inbicilles
1598 4171 1637 4231 C;
1659 4172 1788 4222 imbecilles
1808 4169 1832 4238 β.

479 4261 511 4313 23
522 4250 640 4312 audiant]
652 4251 796 4314 intellegant
808 4253 834 4303 S.
918 4267 950 4315 24
961 4253 1083 4314 audirent]
1095 4269 1145 4303 om.
1161 4251 1199 4321 βΒ
1210 4271 1218 4313 ;
1229 4269 1280 4303 nan
1290 4255 1395 4303 audient
1408 4255 1439 4304 G.
1524 4262 1555 4317 25
1567 4250 1694 4313 strident]
1706 4251 1722 4322 β
1734 4270 1785 4304 om.
1797 4261 1820 4304 el
1827 4269 1836 4312 3

480 4331 501 4381 B
513 4333 630 4383 mutatio
643 4333 700 4382 leaec
711 4335 813 4396 rident;
825 4335 938 4386 arrident
949 4336 981 4386 G.
1082 4349 1114 4398 29
1128 4335 1235 4398 Israhel]
1247 4336 1416 4386 israheliticus
1428 4336 1460 4386 G.

485 4491 488 4496 ’
524 4517 568 4574 19.
585 4495 683 4579 suum]
698 4501 744 4558 Ps.
765 4516 809 4573 17,
829 4519 873 4557 12.
1225 4515 1269 4572 27·
1287 4505 1315 4555 et
1327 4497 1470 4572 ingressus
1484 4504 1525 4554 est
1537 4492 1607 4576 etc].
1621 4497 1715 4557 Exod.
1735 4517 1781 4571 24,
1799 4515 1833 4573 1⁵

525 4599 570 4656 23.
586 4600 643 4639 non
657 4577 795 4741 audianq]
813 4582 905 4639 Marc.
922 4599 950 4652 4,
970 4599 1003 4637 12
1020 4593 1075 4638 etc.
1183 4596 1225 4652 sq.

523 4680 569 4734 24.
576 4659 773 4736 fornican’am
801 4659 871 4722 Ose.
892 4680 916 4732 1,
934 4679 957 4718 a.
