4060 5498
392 497 450 570 lN
491 496 660 570 ESAIA
700 495 963 568 PARVULA
1000 495 1399 570 ADBREVIATIO
1441 553 1443 558 -

560 623 632 695 DE
672 621 974 694 CAPITULIS
1016 621 1227 696 PAUClS.

265 835 362 899 Unus
379 835 463 898 liber
478 845 528 898 est
545 835 720 898 duodecim
739 835 998 916 prophetarum:
1026 843 1059 897 et
1075 836 1163 917 quod
1183 836 1291 900 solent
1322 837 1428 901 lacere
1454 843 1573 905 medici

222 942 254 1003 in
272 939 569 1022 aegrotationibus,
585 938 647 1000 hoc
664 935 848 1020 prophetae
865 938 958 1020 quasi
975 939 1142 1019 spiritales
1159 940 1279 1002 medici
1296 943 1328 1003 in
1347 945 1479 1006 animae
1504 946 1573 1007 vul·

163 1068 181 1119 5
219 1045 355 1108 neribus
382 1044 588 1125 diversisque
613 1042 759 1123 peccatis
787 1041 893 1104 lacere
920 1052 1131 1105 consuerunt.
1149 1043 1188 1104 In
1205 1044 1382 1106 duodecim
1402 1043 1574 1126 prophetis

219 1149 315 1229 quasi
332 1158 519 1229 aegrotans,
535 1149 590 1231 qui
608 1148 689 1210 vitio
705 1166 766 1209 suo
782 1148 887 1210 curari
906 1147 1059 1222 noluerit,
1075 1150 1117 1210 ad
1137 1158 1278 1211 mortem
1297 1168 1400 1231 usque
1417 1151 1574 1214 describi·

220 1263 293 1326 tur;
310 1262 343 1313 et
360 1261 478 1333 postea
494 1272 552 1334 per
569 1251 750 1326 Christum,
765 1251 822 1332 qui
839 1271 937 1313 verus
953 1260 1005 1312 est
1022 1251 1180 1327 medicus,
1192 1263 1329 1315 sanatus
1343 1265 1418 1334 post
1432 1267 1572 1319 mortem

221 1373 294 1417 esse
322 1365 484 1420 narratur.
510 1355 611 1439 Quod
640 1375 720 1435 ergo
747 1354 924 1417 duodecim
953 1354 1137 1436 prophetae
1165 1375 1223 1436 per
1248 1366 1357 1436 partes
1384 1357 1522 1437 faciunt,
1542 1373 1574 1424 et

224 1456 441 1522 nihilominus
471 1459 532 1540 ipsi
561 1459 704 1520 breviter
730 1457 953 1532 subindicant,
970 1457 1032 1518 hoc
1057 1457 1216 1520 latissime
1234 1461 1374 1524 maiores
1390 1464 1576 1544 prophetae

169 1589 203 1625 ιο
225 1557 333 1623 lacere
351 1573 563 1626 consuerunt.
580 1563 682 1625 Ezras
698 1572 823 1638 autem,
840 1561 895 1642 qui
912 1561 1148 1642 interpretatur
1164 1563 1304 1639 adiutor,
1320 1573 1353 1626 et
1378 1565 1576 1644 Zorohabel,

223 1664 279 1746 qui
298 1665 537 1746 interpretatur
553 1668 617 1729 iste
633 1668 789 1749 princeps
804 1667 836 1726 in
855 1665 1037 1746 Babylone,
1052 1675 1086 1727 et
1103 1665 1206 1742 Iesus,
1218 1669 1275 1748 qui
1289 1668 1320 1729 in
1335 1669 1448 1749 lingua
1462 1683 1576 1735 nostra

222 1775 322 1830 sonat
338 1768 496 1843 salvator,
512 1767 544 1831 in
563 1767 668 1850 ligura
685 1776 936 1850 praecesserunt
952 1767 1090 1830 Domini
1104 1793 1111 1830 :
1125 1779 1159 1830 ut
1173 1771 1262 1850 quod
1276 1772 1376 1833 ceteri
1390 1773 1575 1853 prophetae

223 1869 480 1934 medicinalibus
497 1873 565 1934 suis
581 1873 672 1935 libris
689 1891 801 1934 curare
819 1891 885 1934 oon
903 1883 1093 1952 potuerunt,
1109 1871 1162 1934 isti
1176 1873 1374 1950 curaverint,
1387 1885 1419 1934 et
1434 1877 1574 1939 reduxe-

222 1979 288 2042 rint
305 1977 464 2059 populum
484 1990 559 2060 post
575 1975 816 2057 captivitatem.

169 2067 200 2161 rs
276 2082 368 2146 Vitia
385 2081 515 2145 Esaiae.
533 2083 712 2162 Propterea
729 2081 812 2141 visio
836 2079 967 2154 dicitur,
983 2081 1060 2160 quia
1088 2078 1270 2160 prophetae
1296 2079 1406 2142 lutura
1434 2101 1576 2163 cognos-

223 2198 314 2265 cunt,
335 2198 368 2251 et
395 2187 601 2270 spiritalibus
631 2183 737 2246 oculis
769 2182 955 2247 Salvatoris
987 2184 1157 2245 intuentur
1187 2184 1391 2246 adventum:
1424 2187 1512 2248 unde
1542 2197 1576 2252 et

222 2291 387 2355 Videntes
412 2292 502 2373 apud
530 2288 686 2370 antiquos
717 2285 923 2349 vocabantur
954 2285 1146 2367 prophetae.
1171 2285 1257 2346 Filii
1283 2286 1395 2351 Amas.
1424 2288 1577 2373 Plerique

222 2404 352 2476 putant,
370 2395 488 2470 Amos,
500 2395 557 2476 qui
574 2391 692 2455 tertius
704 2399 754 2452 est
767 2391 809 2451 de
819 2389 997 2452 duodecim
1012 2387 1195 2470 prophetis,
1204 2399 1334 2469 patrem
1348 2411 1419 2452 esse
1434 2391 1556 2457 Esaiae
1569 2417 1577 2474 ;

223 2499 281 2560 sed
298 2499 516 2561 vehementer
532 2503 652 2558 errant.
670 2492 820 2555 Diversis
837 2491 961 2573 quippe
976 2493 1065 2572 apud
1085 2490 1259 2554 Hebraeos
1280 2495 1470 2558 scribuntur
1487 2498 1576 2562 litte·

258 2711 267 2746 1
282 2701 323 2742 ΙΝ
331 2699 430 2742 ESAIA
444 2690 496 2752 etc]
507 2691 545 2739 Ex
556 2688 631 2739 codd.
642 2688 735 2736 Veron.
747 2685 805 2734 XV.
823 2697 860 2746 13,
874 2683 926 2732 loll.
941 2682 1016 2744 3842
1029 2683 1102 2742 l=Vl
1114 2692 1138 2731 et
1150 2683 1259 2732 Bruxell.
1276 2683 1311 2732 11.
1329 2682 1399 2746 1636,
1413 2701 1455 2748 pp.
1470 2699 1579 2749 312·319

225 2781 296 2842 (ΞΒ)
312 2777 412 2828 collatis
423 2791 480 2825 cnm
492 2773 553 2823 edit.
569 2771 656 2836 Migne
667 2771 694 2818 P.
707 2769 736 2818 L.
748 2767 1062 2828 24‚c011·937·942t=vl·
1165 2775 1178 2826 5
1190 2766 1222 2812 lrr
1230 2765 1368 2827 duaiecim]
1377 2767 1397 2816 B
1407 2786 1415 2826 ;
1425 2767 1469 2830 Vp
1478 2784 1528 2818 orn.
1539 2771 1576 2820 in.

224 2856 558 2925 91atissr'me]latr'ssinriss.
637 2866 666 2902 10
678 2851 770 2912 Erras]
783 2851 827 2913 Vp
835 2849 954 2910 ;Ezdras
965 2849 993 2898 Β.
1097 2847 1188 2908 triste]
1200 2847 1245 2896 isti
1253 2849 1281 2898 B.
1386 2851 1575 2916 t3non]suppl,

226 2961 281 3010 sup.
295 2943 340 2992 lin.
355 2941 384 2991 B.
489 2948 517 3000 15
531 2935 637 2996 Esaiae]
648 2935 670 2982 V
683 2950 690 2992 ς
702 2933 787 2982 Isaiae
798 2933 849 2996 Βμ.
959 2931 1024 2978 visio
1034 2929 1137 2988 dicitur,
1147 2929 1218 2992 quia]
1229 2929 1273 2992 Vp
1283 2947 1291 2988 ;
1300 2929 1475 2992 dr'citurairio,
1486 2947 1538 2995 qua
1546 2931 1574 2981 B.

225 3025 254 3076 18
266 3022 371 3084 Esaeae]
381 3022 479 3071 aerar'ae
491 3019 519 3068 B.

267 3220 294 3278 3.
317 3199 401 3258 Urias
415 3203 458 3255 est
470 3195 543 3254 liber
555 3195 583 3252 d.
593 3189 640 3270 p]
664 3191 789 3250 Hieron.
807 3191 875 3248 Pro·
975 3208 1018 3246 ro.
1035 3182 1166 3266 adiutor]
1184 3187 1262 3264 Lege
1278 3187 1317 3246 sis
1332 3187 1433 3246 adnot.
1450 3189 1489 3247 ad
1516 3190 1580 3248 111²

223 3285 280 3359 log.
297 3281 416 3342 Comm.
433 3276 464 3336 in
482 3276 553 3337 loel.
580 3272 736 3334 enuntiato
763 3271 875 3329 duode·
932 3287 997 3344 113,
1017 3289 1030 3325 2
1036 3288 1061 3344 3.

223 3364 283 3434 cim
299 3361 516 3438 Prophetarum
533 3355 639 3415 ordine
654 3353 735 3412 iuxta
751 3353 835 3412 LXX
846 3362 876 3410 et
975 3370 1019 3408 ιι.
1038 3350 1174 3426 princeps
1198 3350 1229 3407 in
1258 3347 1418 3430 Babylone]
1450 3351 1495 3410 lta
1520 3351 1580 3411 sere

224 3443 396 3506 hebraicam
421 3438 585 3510 veritatem,
603 3437 643 3494 ita
667 3434 875 3511 prosequitur:
930 3433 1055 3492 Hieron.
1074 3433 1103 3488 in
1130 3431 1194 3490 Lib.
1212 3433 1251 3490 de
1267 3433 1356 3491 Nom.
1375 3434 1455 3490 hebr.
1475 3431 1524 3492 ubi
1541 3435 1580 3492 de

226 3529 284 3586 ‘Et
298 3525 370 3602 quia
384 3521 478 3583 semel
493 3538 599 3579 omnes
615 3513 874 3576 uniusvoluminis
928 3511 1071 3572 Zacharia
1085 3533 1093 3585 3
1109 3513 1138 3569 in
1155 3512 1383 3573 Commentario
1394 3525 1495 3572 autem
1508 3515 1580 3572 Eze-

224 3607 387 3685 prophetas
411 3599 667 3664 enumeravimus’
693 3609 748 3656 etc.
767 3597 875 3671 Neque
927 3593 1032 3652 chielis
1048 3611 1113 3668 ι9,ι
1128 3611 1192 3668 sqq.
1205 3595 1436 3653 Zorobabel‘ex
1449 3595 1579 3669 eoquod

224 3690 361 3750 dissonat
373 3683 467 3762 Epist.
483 3682 560 3741 Llll
572 3681 611 3740 ad
623 3678 790 3749 Paulinum,
804 3697 832 3734 n.
847 3679 874 3746 8,
928 3675 957 3734 in
969 3675 1124 3750 Babylone
1134 3687 1220 3732 natus
1230 3685 1274 3733 est
1286 3677 1293 3702 '
1306 3692 1416 3733 nomen
1427 3675 1579 3751 accepisse

225 3771 276 3831 ubi
291 3769 434 3830 dicuntur
449 3761 631 3824 ‘duodecim
655 3760 823 3835 Prophetae
845 3757 875 3815 in
928 3756 1060 3816 traditur.

225 3852 314 3912 unius
328 3845 489 3910 voluminis
504 3843 655 3919 angustias
670 3839 822 3900 coartati’
973 3841 1016 3895 16.
1042 3839 1116 3896 ande
1139 3844 1167 3893 e!
1201 3837 1330 3895 tollentes
1357 3832 1426 3915 etc].
1452 3836 1577 3896 Hieron.

268 3951 292 4008 7.
308 3949 394 3993 verus
406 3936 448 3987 est
467 3921 601 4003 medicus]
624 3923 670 3983 Cl.
698 3939 786 3999 supra
813 3919 876 3978 111²
929 3919 1089 3981 Commio
1102 3918 1153 3978 Os.
1172 3916 1579 3993 12,9sq.‘Sciamus,inquit,

228 4033 297 4092 337,
317 4033 353 4086 14
369 4008 534 4085 ‘Egregius
557 4003 693 4064 medicus
709 4000 831 4080 (lesus),
847 4011 877 4059 et
929 4018 1051 4059 omnem
1063 3999 1251 4076 prophetiam
1264 4000 1293 4057 in
1305 3997 1456 4073 scripturis
1468 4001 1580 4059 sanctis

225 4115 314 4157 verus
337 4107 381 4153 est
408 4090 562 4150 archiater.
580 4083 720 4144 Medicus
744 4085 876 4158 Moyses,
930 4082 1072 4158 appellari
1088 4079 1271 4139 visionem...
1287 4101 1293 4138 :
1309 4081 1389 4137 unde
1405 4093 1433 4137 et
1455 4081 1580 4157 prophe·

225 4175 363 4237 medicus
379 4170 491 4241 Esaias,
508 4167 618 4228 medici
634 4183 740 4226 omnes
761 4161 879 4223 sancti:
931 4176 978 4220 tae
988 4175 1056 4220 ante
1066 4160 1243 4220 dicebantur
1254 4161 1401 4219 Videntes
1412 4162 1427 4218 '.
1440 4162 1580 4236 Itemque

225 4259 280 4319 sed
302 4256 359 4316 iste
379 4252 526 4314 archiater
541 4250 611 4309 est'.
629 4248 728 4323 Quam
744 4243 877 4304 similitu·
931 4243 960 4301 in
991 4246 1084 4302 Amos
1116 4261 1141 4315 7,
1172 4261 1206 4299 ιο
1232 4259 1296 4317 sqq.
1323 4243 1522 4318 ‘Prophetae
1549 4258 1580 4302 ut

225 4340 328 4400 dinem
345 4335 552 4410 Hieronymus
576 4327 740 4406 sumpsisse
762 4327 879 4385 videtur
931 4325 1036 4383 crebro
1050 4322 1187 4392 diximus,
1201 4321 1281 4398 prius
1293 4323 1520 4398 appellabantur
1532 4325 1580 4381 Vi·

225 4423 264 4481 ab
299 4417 440 4496 Origene,
463 4415 492 4474 in
524 4410 682 4473 letemiam
705 4409 806 4468 homil.
835 4426 879 4478 ιι,
931 4408 1048 4474 dentes,
1072 4405 1141 4480 quia
1171 4421 1248 4478 quae
1277 4416 1398 4461 ventura
1427 4403 1579 4475 dicebant,

225 4500 320 4563 initio
933 4487 1032 4546 cordis
1047 4486 1142 4545 oculis
1158 4484 1349 4543 intuebantur
1359 4485 1373 4543 ’.

277 4683 388 4726 emmor·
402 4680 554 4722 Maredsolaoa
564 4677 608 4728 lll,
619 4691 637 4728 3.
1509 4677 1533 4713 ¹3
