4202 5492
658 433 912 494 TRACTA‘I’US
935 433 992 490 DE
1015 431 1182 492 PSAI.MO
1204 431 1352 494 XCVIII.
1609 433 1686 516 149

332 649 452 732 Moysi.
470 650 625 714 Flumina
651 649 811 732 plaudent
828 668 929 712 manu
953 648 1050 712 simul
1063 673 1070 714 ε
1084 648 1148 712 hoc
1164 658 1214 713 est
1230 649 1422 730 prophetae.
1440 649 1574 714 Montes
1590 651 1683 715 exul·

329 756 450 821 tabunt
475 776 494 817 a
519 765 700 836 conspectu
729 753 866 816 Domini
882 776 890 815 ε
905 752 969 815 hoc
993 761 1044 815 est
1059 751 1210 833 apostoli.
1239 749 1401 829 Quoniam
1425 753 1515 816 verrit
1541 755 1686 818 iudicare

330 871 461 925 terram.
473 861 696 942 Nequaquam
712 857 803 921 venit
820 855 956 920 humilis
971 865 1102 920 tantum
1120 856 1152 918 in
1169 874 1278 933 carne,
1292 857 1350 920 sed
1363 857 1527 940 gloriosus
1543 862 1633 923 venit
1650 861 1683 924 in

331 965 504 1030 maiestate
531 981 600 1027 sua.
628 961 793 1041 Quoniam
819 959 909 1024 verrit
929 959 1223 1026 iudicareterram.
1251 959 1328 1023 Non
1355 961 1444 1025 dixit
1463 962 1609 1045 perdere,
1625 965 1683 1027 sed

298 1086 311 1138 5
330 1068 483 1132 Iudicate.
500 1067 604 1131 Venit
620 1066 775 1141 iudicare,
786 1073 823 1128 ut
839 1064 965 1126 zizania
989 1072 1121 1145 separet
1136 1083 1156 1126 a
1173 1061 1359 1130 frumento:
1374 1067 1474 1144 venit,
1492 1074 1529 1130 ut
1545 1067 1684 1150 piscicu-

330 1171 378 1235 los
395 1171 501 1234 malos
517 1179 680 1254 separeta
696 1169 801 1232 bonis.

373 1274 537 1339 Iudicabit
562 1273 668 1338 orbem
692 1282 859 1336 terronam
882 1270 1074 1348 iniustitia,
1094 1271 1325 1353 etpopulosin
1351 1274 1521 1355 aequitate.
1551 1275 1684 1339 Iustitia

330 1380 464 1462 ponitur
478 1387 511 1442 et
528 1377 687 1461 aequitas.
706 1377 742 1442 Si
756 1377 881 1442 iustitia
897 1377 1039 1460 ponitur,
1055 1385 1088 1440 et
1101 1387 1217 1458 postea
1233 1377 1392 1460 aequitas,
1410 1376 1535 1457 εὐθύτης
1551 1381 1683 1463 proprie

331 1488 460 1566 dicitur,
471 1507 557 1571 quae
573 1507 712 1571 pravum
730 1496 856 1551 rectum
879 1486 967 1552 lacit.
985 1486 1089 1550 Venit
1105 1507 1186 1570 ergo
1201 1486 1346 1551 iudicare
1362 1487 1394 1550 in
1412 1509 1472 1552 sua
1496 1489 1631 1566 iustitia,
1646 1498 1684 1554 ut

283 1610 312 1646 ro
330 1591 419 1674 quod
436 1608 576 1673 pravum
587 1601 648 1668 est,
664 1591 696 1653 in
714 1590 773 1654 illo
788 1601 915 1654 rectum
933 1589 997 1654 fiat.
1015 1589 1076 1656 Cui
1093 1591 1136 1653 sit
1145 1591 1252 1674 gloria
1269 1591 1449 1655 insaecula
1466 1593 1683 1658 saeculorum.

328 1696 449 1759 Amen.

733 1823 808 1896 DE
833 1822 1055 1898 PSALMO
1080 1821 1270 1897 XCVIII.

372 2029 537 2092 Dominus
559 2028 720 2110 regnauit,
741 2027 930 2094 irascantur
940 2025 1063 2111 populi.
1079 2027 1162 2090 Tres
1177 2025 1298 2110 psalmi
1318 2027 1406 2091 idem
1423 2027 1548 2095 habent
1564 2031 1681 2114 princi·

328 2132 436 2214 pium:
449 2131 685 2214 nonagesimus
698 2132 871 2209 secundus,
888 2142 920 2196 et
937 2131 1173 2213 nonagesimus
1189 2142 1315 2210 sextus,
1331 2142 1365 2196 et
1377 2135 1613 2218 nonagesimus
1629 2158 1682 2201 oc-

281 2265 289 2299 r
295 2263 308 2314 5
328 2247 433 2302 tavus.
444 2235 510 2301 Sed
523 2254 599 2300 cum
618 2236 706 2300 idem
723 2236 870 2299 habeant
887 2235 1085 2317 principium
1097 2234 1130 2297 in
1147 2235 1318 2311 versiculo
1333 2237 1364 2299 in
1380 2235 1444 2300 fine
1458 2239 1579 2303 diversi
1597 2249 1684 2306 sunt.

328 2338 510 2423 Quomodo
521 2341 610 2402 enim
621 2337 701 2403 dicit
715 2340 746 2400 in
761 2338 1155 2420 nonagesimosecundo?
1166 2335 1346 2404 ‘Dominus
1360 2345 1519 2424 regnavit,
1528 2345 1682 2410 decorem

328 2445 463 2507 indutus
473 2443 544 2507 est'.
559 2443 596 2506 ln
609 2442 828 2524 nonagesimo
840 2462 917 2505 vero
930 2451 1029 2504 sexto
1039 2447 1061 2504 :¹
1076 2441 1243 2506 Dominus
1254 2445 1413 2525 regnavit,
1423 2445 1552 2511 exultet
1565 2457 1651 2512 terra
1664 2450 1684 2526 '3

328 2551 361 2611 in
389 2548 607 2636 nonagesimo
632 2556 745 2610 autem
763 2554 902 2610 octavo:
927 2544 1119 2609 ‘Dominus
1147 2548 1306 2629 regnavit,
1328 2548 1510 2615 irascantur
1535 2551 1650 2636 populi
1668 2553 1685 2618 ¹.

328 2651 472 2716 Videtur
486 2651 582 2734 quasi
598 2652 682 2716 ordo
697 2649 761 2713 sibi
777 2669 848 2714 esse
859 2650 1053 2714 contrarius.
1066 2649 1193 2714 Debuit
1206 2650 1294 2713 enim
1312 2651 1456 2734 primurn
1470 2655 1579 2718 dicere
1595 2655 1683 2718 ‘Do-

278 2787 310 2824 ιο
329 2755 438 2819 minus
454 2755 614 2838 regnavit,
630 2755 815 2819 irascantur
839 2753 974 2836 populi'
991 2763 1025 2817 et
1040 2763 1157 2836 postea
1184 2755 1294 2818 dicere
1316 2760 1323 2787 ‘
1341 2756 1508 2820 Dominus
1524 2758 1684 2841 regnavit,

327 2861 458 2924 exultet
467 2859 571 2924 terra’
587 2869 620 2924 et
633 2860 666 2923 in
684 2860 802 2925 ultimo
818 2861 1006 2924 ‘Dominus
1023 2860 1347 2943 regnavit,decorem
1364 2861 1500 2924 indutus
1516 2871 1566 2925 est
1583 2860 1599 2926 ’.
1614 2860 1681 2924 Ve-

329 2985 399 3029 mm
411 2965 560 3028 diversus
570 2964 653 3029 ordo
664 2965 722 3028 dat
733 2965 829 3028 nobis
839 2963 986 3048 aliquam
999 2964 1245 3046 intellegentiae
1255 2965 1487 3048 suspicionem.
1497 2970 1505 2997 ‘
1516 2963 1683 3029 Dominus

328 3069 489 3151 regnavit,
503 3068 657 3132 decorem
671 3068 808 3132 indutus
825 3079 875 3132 est
892 3069 908 3132 ¹.
922 3067 1089 3132 Dominus
1106 3069 1266 3150 regnavit,
1278 3079 1311 3132 et
1327 3069 1462 3133 indutus
1478 3078 1528 3132 est
1545 3068 1681 3151 patriar·

327 3174 397 3236 chis
409 3185 442 3238 et
459 3174 630 3257 prophetis
647 3183 680 3238 et
697 3174 822 3260 populo
837 3176 1002 3239 credente.
1016 3173 1181 3238 Decorem
1194 3175 1331 3237 indutus
1343 3183 1413 3237 est:
1429 3173 1638 3256 patriarchae
1649 3183 1683 3235 et

277 3309 307 3360 ²5
327 3279 509 3362 prophetae
537 3279 633 3362 quasi
655 3278 767 3361 Xpisti
793 3279 1028 3342 vestimentum
1046 3276 1186 3341 suerunt.
1214 3277 1300 3341 Illud
1317 3287 1367 3341 est
1391 3276 1567 3358 perizoma,
1590 3275 1681 3358 quod

327 3383 359 3444 in
380 3383 551 3446 Hieremia
566 3382 738 3446 scribitur:
754 3381 835 3445 illud
852 3391 902 3444 est
919 3381 1096 3462 perizoma,
1112 3381 1201 3463 quod
1219 3381 1335 3445 babuit
1351 3381 1437 3446 circa
1455 3381 1588 3446 lumbos
1605 3401 1681 3445 sitos

329 3485 526 3549 Hieremias.
549 3484 663 3550 Vultis
687 3486 770 3576 scire
792 3486 952 3568 quonlam
979 3485 1095 3562 sancti,
1120 3485 1213 3566 quasi
1239 3486 1416 3566 perizoma,
1442 3489 1678 3554 vestimentum

358 3654 618 3719 zaconspeaquc.
633 3657 684 3706 SG.
753 3667 802 3720 33.
815 3654 928 3722 veniqg.
940 3655 1022 3704 verrat
1034 3655 1060 3704 S.
1129 3657 1539 3722 amaiestatelmagestataCcorr.
1616 3666 1680 3722 5sq.

325 3738 565 3802 separetlseporaret
577 3739 606 3786 B.
706 3736 885 3799 8Siiurtitia]
899 3738 1016 3786 Primum
1034 3737 1135 3786 iustitia
1148 3737 1172 3804 β,
1188 3738 1266 3788 Som.
1280 3741 1310 3789 si.
1413 3734 1532 3802 εὐθύτης]
1550 3739 1638 3787 rutiles
1653 3739 1680 3788 S.

330 3833 358 3868 12
370 3827 415 3868 DE
422 3825 554 3868 PSALMO
567 3819 684 3881 XCVIII]
698 3819 835 3869 Exordium
854 3818 972 3868 convenit
984 3834 1041 3868 cum
1062 3819 1189 3868 Breviorio
1200 3820 1248 3868 col.
1267 3820 1346 3882 1189;
1362 3820 1458 3886 reliqua
1477 3836 1536 3870 vero
1547 3819 1622 3882 longe
1634 3818 1684 3867 alia

327 3901 710 3970 sunteaque,utputo,inedita.
782 3900 1263 3966 14ης.ηοηαμείηηιήηοηαμπίνηω
1274 3902 1301 3949 Β.
1373 3899 1683 3964 r5inaiersirulo]om.S;

327 3997 384 4052 post
396 3985 700 4052 praepositionemCsup.
710 3984 755 4034 lin.
765 3983 839 4033 inser.
851 3984 942 4046 primo.
1010 3984 1039 4030 in
1043 3982 1111 4047 sinc]
1122 3983 1328 4041 om.G;Padd.
1338 3999 1392 4048 sup.
1403 3984 1446 4034 lin.
1507 3982 1536 4032 16
1551 3981 1683 4043 eromodo]

327 4069 522 4136 codd3quando
534 4067 559 4136 β
651 4065 722 4127 dicit]
732 4065 829 4114 dicitur
841 4063 865 4131 β
956 4064 1247 4127 decoredecroreBCP.
1338 4078 1370 4126 24
1378 4066 1497 4126 credente]
1505 4065 1615 4114 credenti
1625 4063 1680 4112 BG.

329 4152 455 4213 Decorem]
467 4153 547 4200 decor-e
558 4151 588 4201 C.
689 4150 720 4197 26
734 4146 876 4208 Hieremia]
890 4147 1004 4196 Geremr'a
1017 4145 1037 4196 C
1046 4163 1110 4198 corr.
1211 4160 1242 4210 27
1247 4146 1385 4212 perizoma]
1392 4152 1545 4214 perizomata
1556 4151 1613 4198 AG.

369 4289 395 4346 8.
413 4287 523 4355 εὐθύτης
538 4283 658 4363 propria
670 4277 789 4362 dt'cr'tur]
806 4279 930 4340 Hleron.
947 4279 977 4338 in
1074 4298 1117 4355 17.
1133 4283 1254 4340 r'rrdrrtus
1267 4279 1320 4362 est]
1337 4285 1381 4341 Ps.
1400 4302 1446 4358 92,
1469 4302 1491 4341 r.

329 4369 368 4428 Is.
386 4371 432 4440 26,
451 4386 465 4442 7
482 4387 547 4444 sqq.
564 4371 571 4396 ⁶
589 4367 689 4424 Huius
704 4383 774 4441 ergo
790 4361 858 4422 iusti
873 4360 979 4421 semita
1131 4359 1222 4441 terra]
1243 4366 1285 4422 Ps.
1305 4366 1352 4438 96,
1372 4383 1393 4420 1.

328 4461 475 4522 recteest,
499 4449 569 4520 sive,
586 4459 617 4507 ut
642 4447 764 4506 uerbum
791 4462 901 4503 novum
927 4443 979 4501 fin·
1075 4445 1117 4503 18.
1128 4441 1247 4524 populi]
1267 4447 1310 4502 Ps.
1328 4447 1375 4519 98,
1396 4463 1418 4502 r.

329 4551 405 4608 gam,
428 4531 606 4590 rectitudines
620 4552 626 4588 :
640 4546 715 4605 quas
740 4523 846 4586 Graeci
872 4534 979 4584 vocant
1073 4543 1118 4599 27.
1135 4522 1492 4606 sanctr'quasiperizoma]
1510 4525 1634 4585 Hieron.
1652 4524 1681 4581 in

331 4614 481 4682 ιύθύτητας,
495 4623 524 4671 et
540 4629 594 4670 nos
608 4610 765 4686 aequitates
780 4605 899 4666 latinius
914 4624 980 4683 pos-
1032 4607 1135 4666 Ierem.
1158 4627 1202 4682 13,
1222 4627 1233 4665 1
1252 4625 1316 4683 sqq.
1341 4606 1471 4668 ‘Omnis
1493 4624 1616 4684 quoque
1639 4604 1681 4662 vir

330 4713 431 4754 sumus
445 4692 594 4771 appellare
608 4693 623 4750 '.
1030 4703 1149 4746 sanctus
1166 4687 1298 4748 lumbare
1316 4687 1372 4748 Dei
1387 4701 1431 4748 est
1446 4691 1461 4747 ².
