4154 5494
486 393 564 474 168
849 417 877 476 s
905 417 1158 480 umuouum
1181 419 1445 482 sussurrant

524 631 582 697 Sit
593 633 701 716 gloria
716 634 858 698 Domini
872 635 1096 702 insnecnlum.
1117 635 1154 704 Si
1175 637 1280 720 gloria
1298 638 1438 704 Domini
1459 641 1491 705 in
1509 641 1687 722 saeculum,
1708 655 1838 729 ergoet

478 757 548 815 nos,
563 741 619 821 qui
636 737 869 821 glorificamus,
886 741 1078 825 sempiterni
1095 742 1226 807 erimus.
1248 741 1445 808 Laetabitur
1458 743 1623 809 Dominus
1643 746 1678 810 in
1692 747 1838 830 operibns

476 843 555 906 snis.
573 843 717 907 Laetitia
733 853 784 907 est
800 843 890 906 enim
908 843 1056 923 Domini,
1072 846 1208 928 quando
1224 865 1294 924 nos,
1310 855 1460 911 creatura
1482 847 1594 931 ipsius,
1609 848 1837 914 benedicimus

478 967 553 1010 eum
572 947 604 1010 in
622 947 676 1009 dle
691 948 947 1011 resurrectionis.

524 1049 593 1129 Qui
613 1051 741 1133 respicit
762 1061 894 1128 ternam,
910 1061 942 1115 e!
956 1051 1046 1134 facit
1067 1073 1138 1116 eam
1155 1061 1296 1118 tremere.
1313 1054 1449 1120 Tremet
1465 1055 1553 1120 enim
1571 1066 1657 1121 terra
1673 1066 1786 1121 nostra
1801 1058 1834 1121 in
1872 1078 1885 1130 5

476 1157 532 1219 die
560 1155 680 1220 iudicii.
705 1153 881 1238 Significat
906 1167 1018 1220 autem
1040 1166 1231 1238 peccatores
1257 1168 1415 1224 terrenos.
1442 1157 1510 1236 Qui
1532 1161 1641 1242 tang-ir
1656 1169 1785 1236 montes,
1802 1170 1836 1223 ct

467 1261 652 1343 fumigant.
679 1261 715 1326 Si
742 1270 873 1324 montes
896 1260 1071 1343 fumigant,
1095 1272 1221 1344 quanto
1246 1263 1352 1344 magis
1378 1265 1491 1326 terra?
1517 1264 1633 1329 Sancti
1659 1263 1833 1348 fumigant,

476 1363 634 1446 quonlam
645 1384 763 1428 omnes
773 1383 831 1448 per
841 1364 952 1446 ignem
963 1364 1173 1430 salvabimur,
1186 1365 1263 1430 Non
1274 1367 1363 1430 euim
1375 1367 1520 1432 habebat
1534 1368 1738 1446 iumum‚nisi
1749 1371 1834 1452 ignis

475 1477 572 1533 esset.

522 1573 666 1643 Cantabo
678 1573 821 1636 Domino
833 1573 867 1636 in
880 1573 951 1638 vira
966 1594 1037 1638 mea
1047 1597 1063 1650 ,·
1073 1574 1215 1654 psallam
1227 1574 1296 1638 Deo
1313 1595 1380 1638 meo
1393 1575 1551 1658 quamdiu
1566 1597 1649 1643 mm.
1665 1577 1834 1661 Quemad·
1858 1599 1887 1636 ro

478 1683 614 1746 modum
641 1689 674 1744 et
702 1678 780 1743 alibi
804 1678 907 1742 dixit:
923 1677 1087 1742 ‘Dimitte
1107 1699 1160 1742 me
1180 1690 1216 1743 ut
1242 1679 1413 1762 refrigerer
1436 1679 1627 1763 priusquam
1651 1681 1778 1756 abeam,
1801 1690 1835 1744 et

478 1784 621 1870 amplius
637 1804 702 1848 non
721 1804 777 1846 ero
790 1783 805 1847 '.
823 1782 966 1846 Dimitte
983 1801 1036 1846 me
1052 1782 1223 1864 paululum
1237 1784 1405 1866 temporis,
1422 1792 1460 1847 ut
1475 1802 1572 1865 agam
1596 1783 1833 1866 paenitentiam

477 1911 538 1972 pro
555 1887 700 1972 peccatis
717 1887 814 1951 meis:
829 1887 987 1970 quoniam
1002 1887 1034 1949 in
1053 1885 1181 1950 inferno
1198 1906 1263 1950 non
1281 1887 1399 1970 estqui
1414 1887 1518 1970 possit
1533 1887 1682 1953 confiteri
1700 1900 1835 1970 peccata

477 2014 545 2059 sua.

521 2097 699 2163 Iucundum
714 2095 761 2159 si!
770 2095 803 2159 ei
810 2093 973 2177 eloquium
986 2115 1097 2158 11111111.
1112 2094 1297 2158 iocundum
1314 2095 1357 2158 sit
1369 2094 1408 2171 ei,
1419 2103 1455 2158 ut
1468 2097 1586 2160 merito
1596 2095 1714 2179 aliquis
1731 2095 1834 2179 possit
1857 2119 1883 2172 ¹5

478 2205 612 2268 laudare
629 2211 661 2265 et
685 2201 879 2264 benedicere
905 2199 1024 2262 Deum.
1042 2199 1205 2281 Optativo
1226 2199 1329 2262 modo
1352 2199 1449 2274 dixit,
1466 2219 1531 2264 non
1555 2200 1749 2282 inperative.
1763 2201 1835 2282 Ego

475 2329 549 2372 uero
563 2305 738 2370 delectabor
753 2305 787 2367 in
803 2303 952 2367 Domino.
971 2303 1068 2366 Beati
1084 2304 1140 2385 qui
1158 2312 1233 2385 post
1250 2304 1408 2368 iudicium
1425 2302 1488 2366 hoc
1504 2304 1628 2369 dicunt.

518 2410 683 2493 Deficiunt
690 2416 868 2490 peccatores
879 2428 901 2470 a
916 2416 1012 2470 terra.
1030 2407 1107 2470 Non
1124 2407 1214 2471 dixit
1230 2417 1266 2471 ut
1283 2416 1473 2490 peccatores
1487 2417 1634 2490 pereant,
1648 2409 1707 2472 sed
1724 2408 1833 2491 ipsum

472 2527 657 2599 peccatum,
674 2525 709 2576 ut
726 2533 791 2576 non
806 2522 974 2595 appareat.
988 2512 1129 2574 Peccato
1142 2521 1253 2574 autem
1273 2529 1338 2574 non
1352 2524 1544 2592 apparente,
1556 2515 1670 2596 utique
1683 2513 1748 2576 iam
1766 2533 1831 2576 non

473 2632 550 2686 sunt
567 2629 766 2702 peccatores,
781 2619 838 2681 sed
852 2635 969 2680 omnes
985 2617 1061 2679 iusti
1080 2616 1296 2680 invenientur.
1312 2615 1361 2679 Et
1376 2615 1485 2699 iniqui
1498 2618 1546 2680 ito
1563 2627 1676 2682 utnon
1692 2617 1768 2682 sint.
1784 2617 1832 2683 Ut
1850 2636 1881 2672 ω

474 2747 539 2790 non
557 2727 623 2790 sint
637 2723 749 2808 iniqui,
765 2725 821 2787 sed
836 2722 922 2785 iusti.

904 2915 978 2989 DE
1011 2914 1234 2989 PSALMO
1263 2915 1399 2988 Cllll.

519 3146 725 3229 Confitemr'ni
738 3143 881 3208 Domino
895 3153 927 3208 et
942 3142 1085 3206 invocate
1105 3161 1217 3205 nomen
1232 3140 1310 3205 eins.
1334 3137 1548 3203 Confitemini
1569 3149 1602 3202 et
1618 3137 1732 3203 dicite:
1749 3159 1829 3222 quo-

474 3249 563 3312 niam
581 3259 770 3332 peccatores
781 3265 905 3322 sumus,
918 3255 952 3310 tu
964 3257 1075 3309 autem
1088 3245 1281 3318 misericors,
1292 3252 1326 3306 et
1339 3241 1501 3305 misereris
1514 3241 1619 3306 nobis.
1628 3242 1677 3306 Et
1687 3243 1831 3307 invocate

472 3372 585 3415 nomen
606 3351 684 3416 eius.
705 3352 753 3416 Ut
777 3370 842 3414 non
868 3349 1034 3432 fingamus
1055 3349 1144 3412 idola
1168 3349 1200 3411 in
1222 3346 1378 3411 cordibus
1398 3347 1532 3411 nostris:
1557 3347 1614 3411 sed
1643 3345 1826 3412 Dominum
1846 3371 1873 3421 ²5

470 3467 619 3519 nostrum
647 3456 884 3531 invocabimus,
909 3463 943 3517 et
968 3454 1038 3535 ipse
1062 3453 1123 3515 erit
1152 3451 1337 3531 redemptio
1362 3460 1483 3514 nostra.
1511 3451 1719 3516 Adnnntiate
1745 3451 1830 3516 inter

464 3569 576 3640 gentes
590 3571 684 3642 opero
706 3559 783 3628 eins.
803 3559 1009 3622 Erubescant
1030 3557 1156 3629 Iudaei,
1180 3555 1235 3637 qui
1252 3555 1367 3618 dicunt
1384 3555 1415 3617 in
1435 3554 1561 3618 Israhel
1586 3564 1717 3620 tantum
1740 3555 1827 3621 iacta

468 3683 539 3726 esse
557 3663 719 3727 mirabilia
736 3674 769 3727 et
784 3683 886 3746 opera
902 3661 979 3725 eius.

480 3767 482 3772 ’
514 3764 652 3830 Contnte
670 3767 703 3829 ci
723 3777 755 3830 et
769 3765 902 3848 psallite
923 3766 963 3829 ei.
986 3763 1052 3847 Qui
1079 3763 1241 3846 intellegit
1268 3772 1400 3826 sanctas
1421 3763 1610 3845 scripturas,
1637 3774 1670 3829 et
1697 3765 1730 3829 iu
1754 3766 1825 3848 lege

504 3968 512 4004 1
527 3957 559 4004 Si
563 3972 588 4018 g.
606 3955 638 4003 D.
651 3954 668 4004 i.
679 3953 815 4014 saeculnm]
828 3969 878 4001 om.
895 3950 933 4018 βΒ
944 3969 951 4010 ;
964 3951 983 4000 P
996 3952 1054 4002 add.
1068 3959 1110 4000 est.
1212 3949 1227 3998 8
1239 3949 1349 4011 tamon]
1362 3950 1448 4000 BPSG
1460 3966 1466 4008 ;
1479 3949 1577 4000 iniere!
1588 3950 1634 4001 Ac
1646 3967 1653 4010 ;
1668 3951 1787 4002 haberent
1798 3951 1821 4019 β.

472 4049 502 4086 ιο
513 4037 636 4100 quamdin
655 4034 722 4095 snm]
740 4036 856 4100 quandin
875 4051 916 4083 ero
937 4035 968 4084 G.
1073 4046 1101 4083 12
1116 4031 1265 4096 paulutum]
1284 4049 1313 4082 ex
1328 4033 1462 4097 paululum
1475 4033 1525 4082 ΕΡ.
1629 4043 1657 4096 15
1676 4033 1823 4093 Iornmirmr]

469 4118 607 4181 iogrrndrrm
621 4119 642 4168 G
657 4136 663 4175 r
677 4118 817 4167 iucundum
831 4119 856 4167 S.
934 4128 966 4165 20
978 4116 1039 4176 11111]
1050 4132 1106 4164 nun
1120 4115 1147 4164 Β.
1222 4115 1256 4164 Ul
1265 4130 1315 4163 11111
1326 4114 1388 4175 sint]
1401 4129 1450 4163 non
1464 4124 1542 4179 repet.
1559 4112 1627 4181 βΒΡ.
1706 4129 1733 4166 21
1748 4116 1823 4176 iusti]

468 4199 507 4248 BS
520 4199 578 4248 add.
593 4200 763 4264 doxologiam.
864 4211 895 4248 22
909 4207 954 4246 DE
966 4204 1097 4245 I’SALMO
1110 4195 1293 4257 cllll]Omnia
1308 4195 1358 4244 sere
1375 4196 1400 4243 in
1421 4197 1548 4246 Breviario
1565 4197 1687 4248 habentur
1699 4199 1746 4249 col.
1764 4211 1823 4262 1203

465 4295 521 4345 sqq.
536 4280 620 4330 multis
633 4280 658 4330 ln
672 4279 721 4331 fine
732 4280 825 4330 additis
836 4297 900 4345 quae
914 4281 1063 4344 Hieronymi
1076 4295 1126 4329 non
1139 4289 1204 4329 sunt.
1306 4278 1528 4341 reformabimus]
1541 4279 1596 4340 GP,
1609 4280 1631 4331 C
1647 4292 1656 4329 1
1672 4296 1695 4330 ur
1707 4297 1715 4340 ;
1727 4282 1821 4330 inuoca-

466 4364 552 4412 vimus
563 4364 581 4414 S
594 4382 601 4423 3
613 4365 757 4414 invocamus
770 4365 790 4413 B
801 4382 809 4423 ;
821 4365 959 4412 invocemus
972 4365 992 4414 C
1005 4379 1058 4427 sup.
1074 4364 1117 4412 lin.

464 4545 576 4604 sancto,
594 4532 644 4609 qui
659 4543 689 4593 et
703 4531 766 4609 ipse
777 4531 938 4592 vivificator
949 4530 1083 4591 omnium
1099 4549 1117 4588 a
1171 4528 1257 4600 ditor,
1273 4539 1303 4587 et
1319 4529 1410 4587 Deus.
1427 4527 1647 4600 Ernr'lteenim,
1663 4528 1714 4603 ait,
1729 4530 1819 4607 Spiri-

465 4611 611 4692 principio
634 4612 749 4673 dicitur.
776 4614 806 4674 Si
825 4625 924 4672 autem
945 4611 1114 4684 vivificator,
1168 4619 1229 4668 111111
1244 4620 1327 4670 tunm
1345 4617 1373 4667 11
1385 4610 1560 4668 creabuntur
1568 4613 1582 4668 '.

464 4707 681 4772 consequenter
696 4705 725 4756 et
740 4694 896 4766 conditor;
911 4695 993 4770 quod
1009 4694 1032 4752 sl
1047 4713 1116 4752 con·
1215 4713 1257 4751 12.
1274 4710 1329 4749 non
1340 4687 1400 4768 ero]
1416 4691 1462 4748 Ps.
1475 4695 1522 4765 38,
1543 4711 1585 4764 ¹4·
