<?xml version="1.0" encoding="UTF-8"?>
<!DOCTYPE html PUBLIC "-//W3C//DTD XHTML 1.0 Transitional//EN"
    "http://www.w3.org/TR/xhtml1/DTD/xhtml1-transitional.dtd">
<html xmlns="http://www.w3.org/1999/xhtml" xml:lang="en" lang="en">
 <head>
  <title>
</title>
<meta http-equiv="Content-Type" content="text/html;charset=utf-8" />
  <meta name='ocr-system' content='tesseract 3.04.00' />
  <meta name='ocr-capabilities' content='ocr_page ocr_carea ocr_par ocr_line ocrx_word'/>
</head>
<body>
  <div class='ocr_page' id='page_1' title='image "./commentarioliin00morigoog/commentarioliin00morigoog_0598.png"; bbox 0 0 4160 5500; ppageno 0'>
   <div class='ocr_carea' id='block_1_1' title="bbox 824 419 1079 482">
    <p class='ocr_par' dir='ltr' id='par_1_1' title="bbox 824 419 1079 482">
     <span class='ocr_line' id='line_1_1' title="bbox 824 419 1079 482; baseline 0.02 -6"><span class='ocrx_word' id='word_1_1' title='bbox 824 419 1079 482; x_wconf 75' lang='lat' dir='ltr'><strong>PRAEFATIO.</strong></span> 
     </span>
    </p>
   </div>
   <div class='ocr_carea' id='block_1_2' title="bbox 618 574 1372 1252">
    <p class='ocr_par' dir='ltr' id='par_1_2' title="bbox 618 574 1372 1252">
     <span class='ocr_line' id='line_1_2' title="bbox 657 574 1349 658; baseline 0.007 -22"><span class='ocrx_word' id='word_1_2' title='bbox 657 574 766 636; x_wconf 91' lang='lat' dir='ltr'><strong>Cantet</strong></span> <span class='ocrx_word' id='word_1_3' title='bbox 782 593 867 636; x_wconf 90' lang='lat' dir='ltr'><strong>amor</strong></span> <span class='ocrx_word' id='word_1_4' title='bbox 882 577 1000 650; x_wconf 89' lang='lat' dir='ltr'><strong>mentis,</strong></span> <span class='ocrx_word' id='word_1_5' title='bbox 1012 580 1121 656; x_wconf 75' lang='lat' dir='ltr'>psallat</span> <span class='ocrx_word' id='word_1_6' title='bbox 1136 599 1213 658; x_wconf 89' lang='lat' dir='ltr'><strong>opus</strong></span> <span class='ocrx_word' id='word_1_7' title='bbox 1230 581 1349 642; x_wconf 85' lang='lat' dir='ltr'><strong>fidibus.</strong></span> 
     </span>
     <span class='ocr_line' id='line_1_3' title="bbox 621 673 1360 756; baseline 0.008 -22"><span class='ocrx_word' id='word_1_8' title='bbox 621 675 708 736; x_wconf 90' lang='lat' dir='ltr'><strong>Haec</strong></span> <span class='ocrx_word' id='word_1_9' title='bbox 723 673 809 735; x_wconf 84' lang='lat' dir='ltr'><strong>vobis</strong></span> <span class='ocrx_word' id='word_1_10' title='bbox 823 673 934 735; x_wconf 87' lang='lat' dir='ltr'>cecinit</span> <span class='ocrx_word' id='word_1_11' title='bbox 948 695 1050 756; x_wconf 79' lang='lat' dir='ltr'><strong>regum</strong></span> <span class='ocrx_word' id='word_1_12' title='bbox 1068 677 1249 740; x_wconf 73' lang='lat' dir='ltr'><strong>fortissimus</strong></span> <span class='ocrx_word' id='word_1_13' title='bbox 1264 681 1360 755; x_wconf 88' lang='lat' dir='ltr'><strong>beros,</strong></span> 
     </span>
     <span class='ocr_line' id='line_1_4' title="bbox 658 771 1356 852; baseline 0.007 -19"><span class='ocrx_word' id='word_1_14' title='bbox 658 777 750 834; x_wconf 89' lang='lat' dir='ltr'><strong>Vates</strong></span> <span class='ocrx_word' id='word_1_15' title='bbox 764 771 816 836; x_wconf 90' lang='lat' dir='ltr'><strong>ille</strong></span> <span class='ocrx_word' id='word_1_16' title='bbox 831 772 939 848; x_wconf 83' lang='lat' dir='ltr'><strong>David,</strong></span> <span class='ocrx_word' id='word_1_17' title='bbox 955 792 1033 852; x_wconf 85' lang='lat' dir='ltr'><strong>quae</strong></span> <span class='ocrx_word' id='word_1_18' title='bbox 1048 776 1229 839; x_wconf 87' lang='lat' dir='ltr'><strong>celebranda</strong></span> <span class='ocrx_word' id='word_1_19' title='bbox 1245 789 1356 839; x_wconf 90' lang='lat' dir='ltr'><strong>monet.</strong></span> 
     </span>
     <span class='ocr_line' id='line_1_5' title="bbox 619 871 1313 952; baseline 0.004 -18"><span class='ocrx_word' id='word_1_20' title='bbox 619 875 672 934; x_wconf 76' lang='lat' dir='ltr'><strong>Ast</strong></span> <span class='ocrx_word' id='word_1_21' title='bbox 687 892 744 951; x_wconf 84' lang='lat' dir='ltr'><strong>ego</strong></span> <span class='ocrx_word' id='word_1_22' title='bbox 759 871 944 951; x_wconf 83' lang='lat' dir='ltr'>prospiciens</span> <span class='ocrx_word' id='word_1_23' title='bbox 956 873 1068 952; x_wconf 85' lang='lat' dir='ltr'><strong>passim</strong></span> <span class='ocrx_word' id='word_1_24' title='bbox 1087 875 1222 937; x_wconf 86' lang='lat' dir='ltr'><strong>florentia</strong></span> <span class='ocrx_word' id='word_1_25' title='bbox 1237 896 1313 949; x_wconf 85' lang='lat' dir='ltr'><strong>rura,</strong></span> 
     </span>
     <span class='ocr_line' id='line_1_6' title="bbox 657 972 1372 1054; baseline 0.008 -24"><span class='ocrx_word' id='word_1_26' title='bbox 657 973 714 1033; x_wconf 91' lang='lat' dir='ltr'><strong>Per</strong></span> <span class='ocrx_word' id='word_1_27' title='bbox 729 972 807 1050; x_wconf 81' lang='lat' dir='ltr'><strong>iuga,</strong></span> <span class='ocrx_word' id='word_1_28' title='bbox 823 990 875 1050; x_wconf 94' lang='lat' dir='ltr'><strong>per</strong></span> <span class='ocrx_word' id='word_1_29' title='bbox 889 985 1009 1034; x_wconf 85' lang='lat' dir='ltr'><strong>montes</strong></span> <span class='ocrx_word' id='word_1_30' title='bbox 1023 973 1220 1035; x_wconf 88' lang='lat' dir='ltr'><strong>Hieronimus</strong></span> <span class='ocrx_word' id='word_1_31' title='bbox 1233 977 1352 1054; x_wconf 85' lang='lat' dir='ltr'><strong>gradior</strong></span> <span class='ocrx_word' id='word_1_32' title='bbox 1364 1000 1372 1052; x_wconf 87' lang='lat'>;</span> 
     </span>
     <span class='ocr_line' id='line_1_7' title="bbox 618 1067 1271 1150; baseline 0.009 -20"><span class='ocrx_word' id='word_1_33' title='bbox 618 1067 767 1132; x_wconf 74' lang='lat' dir='ltr'><strong>Puniceus</strong></span> <span class='ocrx_word' id='word_1_34' title='bbox 783 1071 870 1132; x_wconf 84' lang='lat' dir='ltr'><strong>flores</strong></span> <span class='ocrx_word' id='word_1_35' title='bbox 885 1089 1011 1150; x_wconf 88' lang='lat' dir='ltr'><strong>carpens</strong></span> <span class='ocrx_word' id='word_1_36' title='bbox 1025 1084 1054 1134; x_wconf 91' lang='lat' dir='ltr'><strong>et</strong></span> <span class='ocrx_word' id='word_1_37' title='bbox 1070 1071 1131 1133; x_wconf 82' lang='lat' dir='ltr'><strong>lilia</strong></span> <span class='ocrx_word' id='word_1_38' title='bbox 1147 1071 1271 1150; x_wconf 86' lang='lat' dir='ltr'><strong>blanda,</strong></span> 
     </span>
     <span class='ocr_line' id='line_1_8' title="bbox 657 1170 1272 1252; baseline 0.003 -20"><span class='ocrx_word' id='word_1_39' title='bbox 657 1173 758 1236; x_wconf 91' lang='lat' dir='ltr'><strong>Vitem</strong></span> <span class='ocrx_word' id='word_1_40' title='bbox 773 1192 842 1233; x_wconf 88' lang='lat' dir='ltr'><strong>cum</strong></span> <span class='ocrx_word' id='word_1_41' title='bbox 858 1170 966 1252; x_wconf 88' lang='lat' dir='ltr'><strong>pomis,</strong></span> <span class='ocrx_word' id='word_1_42' title='bbox 981 1191 1093 1250; x_wconf 86' lang='lat' dir='ltr'><strong>pascua</strong></span> <span class='ocrx_word' id='word_1_43' title='bbox 1105 1174 1192 1234; x_wconf 87' lang='lat' dir='ltr'><strong>mitto</strong></span> <span class='ocrx_word' id='word_1_44' title='bbox 1206 1171 1272 1252; x_wconf 90' lang='lat' dir='ltr'><strong>piis.</strong></span> 
     </span>
    </p>
   </div>
   <div class='ocr_carea' id='block_1_3' title="bbox 246 1375 1605 1835">
    <p class='ocr_par' dir='ltr' id='par_1_3' title="bbox 246 1375 1605 1835">
     <span class='ocr_line' id='line_1_9' title="bbox 303 1375 1603 1479; baseline 0.008 -29"><span class='ocrx_word' id='word_1_45' title='bbox 303 1375 458 1451; x_wconf 80' lang='lat' dir='ltr'><strong>Ultimis</strong></span> <span class='ocrx_word' id='word_1_46' title='bbox 476 1381 626 1479; x_wconf 84' lang='lat' dir='ltr'><strong>paginis</strong></span> <span class='ocrx_word' id='word_1_47' title='bbox 640 1382 766 1455; x_wconf 90' lang='lat' dir='ltr'><strong>insunt</strong></span> <span class='ocrx_word' id='word_1_48' title='bbox 786 1379 939 1454; x_wconf 90' lang='lat' dir='ltr'><strong>nomina</strong></span> <span class='ocrx_word' id='word_1_49' title='bbox 966 1382 1162 1466; x_wconf 89' lang='lat' dir='ltr'><strong>mensium,</strong></span> <span class='ocrx_word' id='word_1_50' title='bbox 1198 1383 1414 1459; x_wconf 89' lang='lat' dir='ltr'><strong>Translatio</strong></span> <span class='ocrx_word' id='word_1_51' title='bbox 1442 1387 1481 1461; x_wconf 90' lang='lat' dir='ltr'><strong>S.</strong></span> <span class='ocrx_word' id='word_1_52' title='bbox 1518 1388 1603 1462; x_wconf 91' lang='lat' dir='ltr'><strong>Bar-</strong></span> 
     </span>
     <span class='ocr_line' id='line_1_10' title="bbox 247 1493 1604 1602; baseline 0.01 -36"><span class='ocrx_word' id='word_1_53' title='bbox 247 1493 450 1570; x_wconf 88' lang='lat' dir='ltr'><strong>tholomaei</strong></span> <span class='ocrx_word' id='word_1_54' title='bbox 487 1497 660 1574; x_wconf 87' lang='lat' dir='ltr'><strong>inchoata</strong></span> <span class='ocrx_word' id='word_1_55' title='bbox 688 1498 783 1597; x_wconf 80' lang='lat' dir='ltr'><strong>(Est</strong></span> <span class='ocrx_word' id='word_1_56' title='bbox 819 1497 858 1571; x_wconf 86' lang='lat' dir='ltr'><strong>in</strong></span> <span class='ocrx_word' id='word_1_57' title='bbox 894 1499 1009 1574; x_wconf 82' lang='lat' dir='ltr'><strong>India</strong></span> <span class='ocrx_word' id='word_1_58' title='bbox 1038 1501 1218 1598; x_wconf 82' lang='lat' dir='ltr'><em>quaedam</em></span> <span class='ocrx_word' id='word_1_59' title='bbox 1249 1502 1413 1599; x_wconf 78' lang='lat' dir='ltr'><strong>ciuitas),</strong></span> <span class='ocrx_word' id='word_1_60' title='bbox 1458 1504 1604 1602; x_wconf 87' lang='lat' dir='ltr'><strong>aliaque</strong></span> 
     </span>
     <span class='ocr_line' id='line_1_11' title="bbox 246 1617 1605 1719; baseline 0.008 -33"><span class='ocrx_word' id='word_1_61' title='bbox 246 1631 427 1709; x_wconf 88' lang='lat' dir='ltr'><strong>excerpta</strong></span> <span class='ocrx_word' id='word_1_62' title='bbox 454 1643 551 1715; x_wconf 89' lang='lat' dir='ltr'><strong>quae</strong></span> <span class='ocrx_word' id='word_1_63' title='bbox 581 1619 629 1692; x_wconf 87' lang='lat' dir='ltr'><strong>ad</strong></span> <span class='ocrx_word' id='word_1_64' title='bbox 661 1642 784 1691; x_wconf 88' lang='lat' dir='ltr'><strong>mores</strong></span> <span class='ocrx_word' id='word_1_65' title='bbox 816 1617 1017 1714; x_wconf 89' lang='lat' dir='ltr'><strong>pertinent,</strong></span> <span class='ocrx_word' id='word_1_66' title='bbox 1051 1618 1150 1692; x_wconf 88' lang='lat' dir='ltr'><strong>inter</strong></span> <span class='ocrx_word' id='word_1_67' title='bbox 1178 1644 1274 1714; x_wconf 89' lang='lat' dir='ltr'><strong>quae</strong></span> <span class='ocrx_word' id='word_1_68' title='bbox 1306 1618 1497 1719; x_wconf 84' lang='lat' dir='ltr'><strong>singulare</strong></span> <span class='ocrx_word' id='word_1_69' title='bbox 1533 1621 1605 1697; x_wconf 93' lang='lat' dir='ltr'><strong>hoc</strong></span> 
     </span>
     <span class='ocr_line' id='line_1_12' title="bbox 246 1734 1453 1835; baseline 0.009 -34"><span class='ocrx_word' id='word_1_70' title='bbox 246 1735 422 1803; x_wconf 57' lang='lat' dir='ltr'><strong>temnas</strong></span> <span class='ocrx_word' id='word_1_71' title='bbox 439 1737 631 1811; x_wconf 90' lang='lat' dir='ltr'><strong>cuiusdam</strong></span> <span class='ocrx_word' id='word_1_72' title='bbox 653 1734 771 1835; x_wconf 87' lang='lat' dir='ltr'><strong>ignoti</strong></span> <span class='ocrx_word' id='word_1_73' title='bbox 791 1735 839 1809; x_wconf 88' lang='lat' dir='ltr'><strong>de</strong></span> <span class='ocrx_word' id='word_1_74' title='bbox 853 1734 1090 1809; x_wconf 88' lang='lat' dir='ltr'><strong>ordinatione</strong></span> <span class='ocrx_word' id='word_1_75' title='bbox 1108 1761 1177 1809; x_wconf 87' lang='lat' dir='ltr'><strong>sua</strong></span> <span class='ocrx_word' id='word_1_76' title='bbox 1195 1735 1426 1832; x_wconf 82' lang='lat' dir='ltr'><strong>deprehendi</strong></span> <span class='ocrx_word' id='word_1_77' title='bbox 1446 1766 1453 1813; x_wconf 93' lang='lat'>:</span> 
     </span>
    </p>
   </div>
   <div class='ocr_carea' id='block_1_4' title="bbox 411 1936 1608 2791">
    <p class='ocr_par' dir='ltr' id='par_1_4' title="bbox 411 1936 1608 2791">
     <span class='ocr_line' id='line_1_13' title="bbox 452 1936 1605 2017; baseline 0.001 -18"><span class='ocrx_word' id='word_1_78' title='bbox 452 1941 516 2016; x_wconf 84' lang='lat' dir='ltr'><strong>Ego</strong></span> <span class='ocrx_word' id='word_1_79' title='bbox 531 1941 620 2017; x_wconf 87' lang='lat' dir='ltr'><strong>plane</strong></span> <span class='ocrx_word' id='word_1_80' title='bbox 635 1937 704 1998; x_wconf 89' lang='lat' dir='ltr'><strong>licet</strong></span> <span class='ocrx_word' id='word_1_81' title='bbox 720 1939 807 1998; x_wconf 86' lang='lat' dir='ltr'><strong>ledus</strong></span> <span class='ocrx_word' id='word_1_82' title='bbox 822 1949 851 1998; x_wconf 90' lang='lat' dir='ltr'><strong>et</strong></span> <span class='ocrx_word' id='word_1_83' title='bbox 863 1947 893 1997; x_wconf 95' lang='lat' dir='ltr'><strong>te</strong></span> <span class='ocrx_word' id='word_1_84' title='bbox 906 1949 934 1997; x_wconf 90' lang='lat' dir='ltr'><strong>et</strong></span> <span class='ocrx_word' id='word_1_85' title='bbox 949 1936 1052 1998; x_wconf 90' lang='lat' dir='ltr'><strong>omnia</strong></span> <span class='ocrx_word' id='word_1_86' title='bbox 1066 1948 1119 1996; x_wconf 89' lang='lat' dir='ltr'><strong>tua</strong></span> <span class='ocrx_word' id='word_1_87' title='bbox 1133 1937 1256 2014; x_wconf 88' lang='lat' dir='ltr'><strong>pulchra</strong></span> <span class='ocrx_word' id='word_1_88' title='bbox 1272 1939 1425 2015; x_wconf 81' lang='lat' dir='ltr'><strong>conspexi,</strong></span> <span class='ocrx_word' id='word_1_89' title='bbox 1440 1950 1469 2000; x_wconf 91' lang='lat' dir='ltr'><strong>et</strong></span> <span class='ocrx_word' id='word_1_90' title='bbox 1485 1952 1605 2002; x_wconf 90' lang='lat' dir='ltr'><strong>memet-</strong></span> 
     </span>
     <span class='ocr_line' id='line_1_14' title="bbox 411 2034 1606 2117; baseline 0.003 -19"><span class='ocrx_word' id='word_1_91' title='bbox 411 2037 508 2114; x_wconf 87' lang='lat' dir='ltr'><strong>ipsum</strong></span> <span class='ocrx_word' id='word_1_92' title='bbox 531 2037 562 2098; x_wconf 94' lang='lat' dir='ltr'><strong>in</strong></span> <span class='ocrx_word' id='word_1_93' title='bbox 577 2035 803 2114; x_wconf 87' lang='lat' dir='ltr'><strong>comparatione</strong></span> <span class='ocrx_word' id='word_1_94' title='bbox 818 2047 871 2096; x_wconf 90' lang='lat' dir='ltr'><strong>tua</strong></span> <span class='ocrx_word' id='word_1_95' title='bbox 886 2035 957 2097; x_wconf 84' lang='lat' dir='ltr'><strong>satis</strong></span> <span class='ocrx_word' id='word_1_96' title='bbox 973 2035 1151 2096; x_wconf 89' lang='lat' dir='ltr'><strong>indecorum</strong></span> <span class='ocrx_word' id='word_1_97' title='bbox 1173 2034 1243 2096; x_wconf 88' lang='lat' dir='ltr'><strong>vidi.</strong></span> <span class='ocrx_word' id='word_1_98' title='bbox 1261 2037 1354 2097; x_wconf 91' lang='lat' dir='ltr'><strong>Unde</strong></span> <span class='ocrx_word' id='word_1_99' title='bbox 1367 2057 1472 2115; x_wconf 83' lang='lat' dir='ltr'><strong>precor</strong></span> <span class='ocrx_word' id='word_1_100' title='bbox 1482 2040 1606 2117; x_wconf 78' lang='lat' dir='ltr'><strong>gratiam</strong></span> 
     </span>
     <span class='ocr_line' id='line_1_15' title="bbox 414 2135 1607 2216; baseline 0.001 -19"><span class='ocrx_word' id='word_1_101' title='bbox 414 2135 481 2212; x_wconf 90' lang='lat' dir='ltr'><strong>Dei,</strong></span> <span class='ocrx_word' id='word_1_102' title='bbox 496 2156 576 2216; x_wconf 82' lang='lat' dir='ltr'><strong>quae</strong></span> <span class='ocrx_word' id='word_1_103' title='bbox 596 2135 626 2196; x_wconf 89' lang='lat' dir='ltr'><strong>in</strong></span> <span class='ocrx_word' id='word_1_104' title='bbox 648 2146 677 2196; x_wconf 89' lang='lat' dir='ltr'><strong>te</strong></span> <span class='ocrx_word' id='word_1_105' title='bbox 700 2135 852 2208; x_wconf 85' lang='lat' dir='ltr'><strong>exuberet,</strong></span> <span class='ocrx_word' id='word_1_106' title='bbox 877 2147 909 2196; x_wconf 90' lang='lat' dir='ltr'><strong>ut</strong></span> <span class='ocrx_word' id='word_1_107' title='bbox 932 2154 992 2195; x_wconf 91' lang='lat' dir='ltr'><strong>non</strong></span> <span class='ocrx_word' id='word_1_108' title='bbox 1014 2154 1138 2213; x_wconf 85' lang='lat' dir='ltr'><strong>respuas</strong></span> <span class='ocrx_word' id='word_1_109' title='bbox 1159 2137 1382 2213; x_wconf 81' lang='lat' dir='ltr'><strong>deprecantem,</strong></span> <span class='ocrx_word' id='word_1_110' title='bbox 1403 2138 1457 2197; x_wconf 91' lang='lat' dir='ltr'><strong>sed</strong></span> <span class='ocrx_word' id='word_1_111' title='bbox 1479 2137 1607 2200; x_wconf 86' lang='lat' dir='ltr'><strong>libenter</strong></span> 
     </span>
     <span class='ocr_line' id='line_1_16' title="bbox 411 2233 1608 2313; baseline 0.003 -17"><span class='ocrx_word' id='word_1_112' title='bbox 411 2237 523 2296; x_wconf 89' lang='lat' dir='ltr'><strong>doceas</strong></span> <span class='ocrx_word' id='word_1_113' title='bbox 537 2252 615 2312; x_wconf 88' lang='lat' dir='ltr'><strong>quae</strong></span> <span class='ocrx_word' id='word_1_114' title='bbox 630 2255 679 2296; x_wconf 92' lang='lat' dir='ltr'><strong>me</strong></span> <span class='ocrx_word' id='word_1_115' title='bbox 693 2237 789 2297; x_wconf 78' lang='lat' dir='ltr'><strong>fateor</strong></span> <span class='ocrx_word' id='word_1_116' title='bbox 805 2235 949 2313; x_wconf 85' lang='lat' dir='ltr'><strong>ignorare.</strong></span> <span class='ocrx_word' id='word_1_117' title='bbox 966 2235 1186 2312; x_wconf 80' lang='lat' dir='ltr'><strong>compellimur</strong></span> <span class='ocrx_word' id='word_1_118' title='bbox 1206 2233 1295 2313; x_wconf 84' lang='lat' dir='ltr'><strong>igitur</strong></span> <span class='ocrx_word' id='word_1_119' title='bbox 1316 2235 1494 2298; x_wconf 81' lang='lat' dir='ltr'><strong>necessitate</strong></span> <span class='ocrx_word' id='word_1_120' title='bbox 1509 2239 1608 2299; x_wconf 82' lang='lat' dir='ltr'><strong>lacere</strong></span> 
     </span>
     <span class='ocr_line' id='line_1_17' title="bbox 411 2331 1608 2411; baseline 0 -18"><span class='ocrx_word' id='word_1_121' title='bbox 411 2333 494 2411; x_wconf 91' lang='lat' dir='ltr'><strong>quod</strong></span> <span class='ocrx_word' id='word_1_122' title='bbox 514 2333 665 2411; x_wconf 84' lang='lat' dir='ltr'><strong>prohibes.</strong></span> <span class='ocrx_word' id='word_1_123' title='bbox 682 2333 800 2395; x_wconf 78' lang='lat' dir='ltr'><strong>Peritos</strong></span> <span class='ocrx_word' id='word_1_124' title='bbox 815 2333 896 2394; x_wconf 93' lang='lat' dir='ltr'><strong>enim</strong></span> <span class='ocrx_word' id='word_1_125' title='bbox 912 2335 985 2394; x_wconf 92' lang='lat' dir='ltr'><strong>dum</strong></span> <span class='ocrx_word' id='word_1_126' title='bbox 1001 2352 1063 2396; x_wconf 89' lang='lat' dir='ltr'><strong>non</strong></span> <span class='ocrx_word' id='word_1_127' title='bbox 1078 2331 1231 2410; x_wconf 87' lang='lat' dir='ltr'><strong>reperitur,</strong></span> <span class='ocrx_word' id='word_1_128' title='bbox 1244 2331 1296 2410; x_wconf 92' lang='lat' dir='ltr'><strong>qui</strong></span> <span class='ocrx_word' id='word_1_129' title='bbox 1316 2333 1355 2393; x_wconf 85' lang='lat' dir='ltr'><strong>ad</strong></span> <span class='ocrx_word' id='word_1_130' title='bbox 1370 2333 1502 2393; x_wconf 87' lang='lat' dir='ltr'><strong>officium</strong></span> <span class='ocrx_word' id='word_1_131' title='bbox 1515 2354 1608 2395; x_wconf 88' lang='lat' dir='ltr'><strong>sacer·</strong></span> 
     </span>
     <span class='ocr_line' id='line_1_18' title="bbox 411 2429 1605 2512; baseline 0.001 -21"><span class='ocrx_word' id='word_1_132' title='bbox 411 2431 512 2492; x_wconf 83' lang='lat' dir='ltr'><strong>dotale</strong></span> <span class='ocrx_word' id='word_1_133' title='bbox 537 2431 646 2510; x_wconf 77' lang='lat' dir='ltr'><strong>veniat,</strong></span> <span class='ocrx_word' id='word_1_134' title='bbox 662 2433 736 2512; x_wconf 90' lang='lat' dir='ltr'><strong>quid</strong></span> <span class='ocrx_word' id='word_1_135' title='bbox 760 2431 932 2493; x_wconf 89' lang='lat' dir='ltr'><strong>laciendum</strong></span> <span class='ocrx_word' id='word_1_136' title='bbox 955 2441 1010 2502; x_wconf 87' lang='lat' dir='ltr'><strong>est,</strong></span> <span class='ocrx_word' id='word_1_137' title='bbox 1034 2429 1090 2491; x_wconf 90' lang='lat' dir='ltr'><strong>nisi</strong></span> <span class='ocrx_word' id='word_1_138' title='bbox 1113 2441 1145 2492; x_wconf 91' lang='lat' dir='ltr'><strong>ut</strong></span> <span class='ocrx_word' id='word_1_139' title='bbox 1168 2431 1332 2509; x_wconf 84' lang='lat' dir='ltr'><strong>imperitus,</strong></span> <span class='ocrx_word' id='word_1_140' title='bbox 1353 2431 1430 2492; x_wconf 90' lang='lat' dir='ltr'><strong>sicut</strong></span> <span class='ocrx_word' id='word_1_141' title='bbox 1451 2451 1508 2512; x_wconf 83' lang='lat' dir='ltr'><strong>ego</strong></span> <span class='ocrx_word' id='word_1_142' title='bbox 1530 2453 1605 2507; x_wconf 86' lang='lat' dir='ltr'><strong>sum,</strong></span> 
     </span>
     <span class='ocr_line' id='line_1_19' title="bbox 412 2528 1607 2608; baseline 0.001 -19"><span class='ocrx_word' id='word_1_143' title='bbox 412 2529 593 2590; x_wconf 85' lang='lat' dir='ltr'><strong>ordinetur?</strong></span> <span class='ocrx_word' id='word_1_144' title='bbox 609 2532 701 2594; x_wconf 86' lang='lat' dir='ltr'><strong>Iubes</strong></span> <span class='ocrx_word' id='word_1_145' title='bbox 715 2531 807 2604; x_wconf 91' lang='lat' dir='ltr'><strong>enirn,</strong></span> <span class='ocrx_word' id='word_1_146' title='bbox 824 2542 857 2591; x_wconf 93' lang='lat' dir='ltr'><strong>ut</strong></span> <span class='ocrx_word' id='word_1_147' title='bbox 872 2549 933 2592; x_wconf 91' lang='lat' dir='ltr'><strong>non</strong></span> <span class='ocrx_word' id='word_1_148' title='bbox 948 2529 1104 2591; x_wconf 90' lang='lat' dir='ltr'><strong>ordinetur</strong></span> <span class='ocrx_word' id='word_1_149' title='bbox 1115 2528 1280 2607; x_wconf 86' lang='lat' dir='ltr'><strong>imperitus.</strong></span> <span class='ocrx_word' id='word_1_150' title='bbox 1295 2530 1356 2589; x_wconf 90' lang='lat' dir='ltr'><strong>Sed</strong></span> <span class='ocrx_word' id='word_1_151' title='bbox 1370 2541 1529 2607; x_wconf 84' lang='lat' dir='ltr'><strong>pertractet</strong></span> <span class='ocrx_word' id='word_1_152' title='bbox 1541 2551 1607 2608; x_wconf 90' lang='lat' dir='ltr'><strong>pru-</strong></span> 
     </span>
     <span class='ocr_line' id='line_1_20' title="bbox 412 2626 1605 2708; baseline -0.003 -17"><span class='ocrx_word' id='word_1_153' title='bbox 412 2629 515 2692; x_wconf 86' lang='lat' dir='ltr'><strong>dentia</strong></span> <span class='ocrx_word' id='word_1_154' title='bbox 537 2642 597 2703; x_wconf 87' lang='lat' dir='ltr'><strong>tua,</strong></span> <span class='ocrx_word' id='word_1_155' title='bbox 614 2649 653 2690; x_wconf 92' lang='lat' dir='ltr'><strong>ne</strong></span> <span class='ocrx_word' id='word_1_156' title='bbox 668 2632 743 2692; x_wconf 87' lang='lat' dir='ltr'><strong>lorte</strong></span> <span class='ocrx_word' id='word_1_157' title='bbox 757 2630 796 2690; x_wconf 87' lang='lat' dir='ltr'><strong>ad</strong></span> <span class='ocrx_word' id='word_1_158' title='bbox 817 2629 954 2708; x_wconf 90' lang='lat' dir='ltr'><strong>peritiam</strong></span> <span class='ocrx_word' id='word_1_159' title='bbox 970 2627 1097 2689; x_wconf 88' lang='lat' dir='ltr'><strong>sufficiat</strong></span> <span class='ocrx_word' id='word_1_160' title='bbox 1122 2629 1149 2688; x_wconf 90' lang='lat' dir='ltr'><strong>ei</strong></span> <span class='ocrx_word' id='word_1_161' title='bbox 1172 2627 1248 2689; x_wconf 89' lang='lat' dir='ltr'><strong>scire</strong></span> <span class='ocrx_word' id='word_1_162' title='bbox 1270 2626 1423 2690; x_wconf 88' lang='lat' dir='ltr'><strong>Christum</strong></span> <span class='ocrx_word' id='word_1_163' title='bbox 1441 2629 1553 2703; x_wconf 91' lang='lat' dir='ltr'><strong>lesum,</strong></span> <span class='ocrx_word' id='word_1_164' title='bbox 1576 2644 1605 2690; x_wconf 90' lang='lat' dir='ltr'><strong>et</strong></span> 
     </span>
     <span class='ocr_line' id='line_1_21' title="bbox 412 2729 692 2791; baseline 0 -1"><span class='ocrx_word' id='word_1_165' title='bbox 412 2730 494 2791; x_wconf 90' lang='lat' dir='ltr'><strong>hunc</strong></span> <span class='ocrx_word' id='word_1_166' title='bbox 508 2729 692 2790; x_wconf 84' lang='lat' dir='ltr'><strong>crucifixum.</strong></span> 
     </span>
    </p>
   </div>
   <div class='ocr_carea' id='block_1_5' title="bbox 247 2913 1606 4429">
    <p class='ocr_par' dir='ltr' id='par_1_5' title="bbox 248 2913 1604 3581">
     <span class='ocr_line' id='line_1_22' title="bbox 301 2913 1604 3011; baseline -0.004 -23"><span class='ocrx_word' id='word_1_167' title='bbox 301 2914 415 3008; x_wconf 87' lang='lat' dir='ltr'><strong>Quod</strong></span> <span class='ocrx_word' id='word_1_168' title='bbox 442 2915 489 2988; x_wconf 90' lang='lat' dir='ltr'><strong>ad</strong></span> <span class='ocrx_word' id='word_1_169' title='bbox 510 2914 674 2989; x_wconf 91' lang='lat' dir='ltr'><strong>indolem</strong></span> <span class='ocrx_word' id='word_1_170' title='bbox 694 2933 819 2988; x_wconf 87' lang='lat' dir='ltr'><strong>textus</strong></span> <span class='ocrx_word' id='word_1_171' title='bbox 838 2913 1111 3011; x_wconf 90' lang='lat' dir='ltr'><strong>hieronymiani</strong></span> <span class='ocrx_word' id='word_1_172' title='bbox 1131 2914 1303 3009; x_wconf 87' lang='lat' dir='ltr'><strong>pertinet,</strong></span> <span class='ocrx_word' id='word_1_173' title='bbox 1326 2913 1356 2985; x_wconf 91' lang='lat' dir='ltr'><strong>is</strong></span> <span class='ocrx_word' id='word_1_174' title='bbox 1384 2913 1604 3010; x_wconf 87' lang='lat' dir='ltr'><strong>pierumque</strong></span> 
     </span>
     <span class='ocr_line' id='line_1_23' title="bbox 248 3031 1603 3132; baseline -0.001 -25"><span class='ocrx_word' id='word_1_175' title='bbox 248 3032 349 3107; x_wconf 89' lang='lat' dir='ltr'><strong>haud</strong></span> <span class='ocrx_word' id='word_1_176' title='bbox 370 3034 495 3132; x_wconf 87' lang='lat' dir='ltr'><strong>magni</strong></span> <span class='ocrx_word' id='word_1_177' title='bbox 516 3032 717 3108; x_wconf 78' lang='lat' dir='ltr'><strong>faciendus.</strong></span> <span class='ocrx_word' id='word_1_178' title='bbox 735 3031 855 3105; x_wconf 89' lang='lat' dir='ltr'><strong>Multa</strong></span> <span class='ocrx_word' id='word_1_179' title='bbox 876 3032 989 3106; x_wconf 86' lang='lat' dir='ltr'><strong>habet</strong></span> <span class='ocrx_word' id='word_1_180' title='bbox 1007 3059 1053 3105; x_wconf 90' lang='lat' dir='ltr'><strong>ex</strong></span> <span class='ocrx_word' id='word_1_181' title='bbox 1074 3031 1228 3107; x_wconf 91' lang='lat' dir='ltr'><strong>libidine</strong></span> <span class='ocrx_word' id='word_1_182' title='bbox 1248 3047 1390 3107; x_wconf 89' lang='lat' dir='ltr'><strong>mutata</strong></span> <span class='ocrx_word' id='word_1_183' title='bbox 1410 3032 1468 3107; x_wconf 91' lang='lat' dir='ltr'><strong>vel</strong></span> <span class='ocrx_word' id='word_1_184' title='bbox 1489 3033 1603 3129; x_wconf 90' lang='lat' dir='ltr'><strong>impe-</strong></span> 
     </span>
     <span class='ocr_line' id='line_1_24' title="bbox 249 3149 1604 3248; baseline 0 -24"><span class='ocrx_word' id='word_1_185' title='bbox 249 3151 319 3224; x_wconf 88' lang='lat' dir='ltr'><strong>rite</strong></span> <span class='ocrx_word' id='word_1_186' title='bbox 337 3151 559 3236; x_wconf 72' lang='lat' dir='ltr'><strong>emendata:</strong></span> <span class='ocrx_word' id='word_1_187' title='bbox 576 3175 712 3248; x_wconf 84' lang='lat' dir='ltr'><strong>graeca</strong></span> <span class='ocrx_word' id='word_1_188' title='bbox 726 3149 873 3248; x_wconf 89' lang='lat' dir='ltr'><strong>aliaque</strong></span> <span class='ocrx_word' id='word_1_189' title='bbox 889 3149 1088 3246; x_wconf 88' lang='lat' dir='ltr'><strong>peregrina</strong></span> <span class='ocrx_word' id='word_1_190' title='bbox 1103 3150 1286 3223; x_wconf 89' lang='lat' dir='ltr'><strong>vocabula</strong></span> <span class='ocrx_word' id='word_1_191' title='bbox 1304 3169 1367 3225; x_wconf 89' lang='lat' dir='ltr'><strong>aut</strong></span> <span class='ocrx_word' id='word_1_192' title='bbox 1386 3152 1524 3225; x_wconf 86' lang='lat' dir='ltr'><strong>omissa</strong></span> <span class='ocrx_word' id='word_1_193' title='bbox 1540 3168 1604 3224; x_wconf 90' lang='lat' dir='ltr'><strong>aut</strong></span> 
     </span>
     <span class='ocr_line' id='line_1_25' title="bbox 249 3267 1604 3369; baseline 0 -26"><span class='ocrx_word' id='word_1_194' title='bbox 249 3269 407 3369; x_wconf 90' lang='lat' dir='ltr'><strong>turpiter</strong></span> <span class='ocrx_word' id='word_1_195' title='bbox 419 3269 638 3344; x_wconf 79' lang='lat' dir='ltr'><strong>deformata.</strong></span> <span class='ocrx_word' id='word_1_196' title='bbox 658 3269 718 3342; x_wconf 87' lang='lat' dir='ltr'><strong>Ex</strong></span> <span class='ocrx_word' id='word_1_197' title='bbox 743 3268 841 3342; x_wconf 85' lang='lat' dir='ltr'><strong>notis</strong></span> <span class='ocrx_word' id='word_1_198' title='bbox 855 3269 891 3340; x_wconf 91' lang='lat' dir='ltr'><strong>in</strong></span> <span class='ocrx_word' id='word_1_199' title='bbox 908 3269 1076 3366; x_wconf 85' lang='lat' dir='ltr'><strong>margine</strong></span> <span class='ocrx_word' id='word_1_200' title='bbox 1089 3267 1229 3364; x_wconf 88' lang='lat' dir='ltr'><strong>passim</strong></span> <span class='ocrx_word' id='word_1_201' title='bbox 1241 3271 1426 3366; x_wconf 89' lang='lat' dir='ltr'><strong>adpositis</strong></span> <span class='ocrx_word' id='word_1_202' title='bbox 1437 3289 1604 3367; x_wconf 85' lang='lat' dir='ltr'><strong>apparet,</strong></span> 
     </span>
     <span class='ocr_line' id='line_1_26' title="bbox 250 3386 1604 3486; baseline -0.001 -24"><span class='ocrx_word' id='word_1_203' title='bbox 250 3387 431 3478; x_wconf 88' lang='lat' dir='ltr'><strong>nonnulla</strong></span> <span class='ocrx_word' id='word_1_204' title='bbox 461 3404 685 3462; x_wconf 84' lang='lat' dir='ltr'><strong>tractatuum</strong></span> <span class='ocrx_word' id='word_1_205' title='bbox 716 3386 796 3460; x_wconf 88' lang='lat' dir='ltr'><strong>loca</strong></span> <span class='ocrx_word' id='word_1_206' title='bbox 826 3387 861 3460; x_wconf 94' lang='lat' dir='ltr'><strong>in</strong></span> <span class='ocrx_word' id='word_1_207' title='bbox 883 3386 1148 3462; x_wconf 88' lang='lat' dir='ltr'><strong>monachorum</strong></span> <span class='ocrx_word' id='word_1_208' title='bbox 1168 3386 1256 3462; x_wconf 91' lang='lat' dir='ltr'><strong>olim</strong></span> <span class='ocrx_word' id='word_1_209' title='bbox 1275 3390 1481 3486; x_wconf 87' lang='lat' dir='ltr'><strong>synaxibus</strong></span> <span class='ocrx_word' id='word_1_210' title='bbox 1508 3390 1604 3464; x_wconf 87' lang='lat' dir='ltr'><strong>lecta</strong></span> 
     </span>
     <span class='ocr_line' id='line_1_27' title="bbox 251 3501 597 3581; baseline 0.009 -3"><span class='ocrx_word' id='word_1_211' title='bbox 251 3504 377 3581; x_wconf 84' lang='lat' dir='ltr'><strong>luisse.</strong></span> <span class='ocrx_word' id='word_1_212' title='bbox 596 3501 597 3506; x_wconf 59' lang='grc'>’</span> 
     </span>
    </p>

    <p class='ocr_par' dir='ltr' id='par_1_6' title="bbox 247 3622 1606 4429">
     <span class='ocr_line' id='line_1_28' title="bbox 304 3622 1604 3720; baseline 0.002 -22"><span class='ocrx_word' id='word_1_213' title='bbox 304 3625 349 3698; x_wconf 89' lang='lat' dir='ltr'><strong>B.</strong></span> <span class='ocrx_word' id='word_1_214' title='bbox 379 3625 513 3699; x_wconf 89' lang='lat' dir='ltr'><strong>Codex</strong></span> <span class='ocrx_word' id='word_1_215' title='bbox 546 3622 955 3720; x_wconf 87' lang='lat' dir='ltr'><strong>Audomaropolitanus</strong></span> <span class='ocrx_word' id='word_1_216' title='bbox 984 3627 1043 3714; x_wconf 90' lang='lat'><strong>89,</strong></span> <span class='ocrx_word' id='word_1_217' title='bbox 1069 3649 1166 3698; x_wconf 90' lang='lat' dir='ltr'><strong>saec.</strong></span> <span class='ocrx_word' id='word_1_218' title='bbox 1198 3649 1248 3710; x_wconf 89' lang='lat' dir='ltr'><strong>rx,</strong></span> <span class='ocrx_word' id='word_1_219' title='bbox 1284 3643 1363 3698; x_wconf 89' lang='lat' dir='ltr'><strong>erat</strong></span> <span class='ocrx_word' id='word_1_220' title='bbox 1389 3628 1604 3700; x_wconf 87' lang='lat' dir='ltr'><strong>monasterii</strong></span> 
     </span>
     <span class='ocr_line' id='line_1_29' title="bbox 251 3741 1603 3840; baseline -0.001 -23"><span class='ocrx_word' id='word_1_221' title='bbox 251 3743 382 3817; x_wconf 88' lang='lat' dir='ltr'><strong>Sancti</strong></span> <span class='ocrx_word' id='word_1_222' title='bbox 406 3741 560 3830; x_wconf 89' lang='lat' dir='ltr'><strong>Bertini,</strong></span> <span class='ocrx_word' id='word_1_223' title='bbox 582 3743 653 3816; x_wconf 90' lang='lat' dir='ltr'><strong>sub</strong></span> <span class='ocrx_word' id='word_1_224' title='bbox 672 3767 828 3816; x_wconf 90' lang='lat' dir='ltr'><strong>numero</strong></span> <span class='ocrx_word' id='word_1_225' title='bbox 853 3765 893 3836; x_wconf 85' lang='lat'><strong>15</strong></span> <span class='ocrx_word' id='word_1_226' title='bbox 900 3766 919 3835; x_wconf 87' lang='lat'>3</span> <span class='ocrx_word' id='word_1_227' title='bbox 951 3741 985 3815; x_wconf 92' lang='lat' dir='ltr'><strong>in</strong></span> <span class='ocrx_word' id='word_1_228' title='bbox 1015 3741 1188 3840; x_wconf 86' lang='lat' dir='ltr'><strong>catalogo</strong></span> <span class='ocrx_word' id='word_1_229' title='bbox 1216 3744 1302 3815; x_wconf 87' lang='lat' dir='ltr'><strong>anni</strong></span> <span class='ocrx_word' id='word_1_230' title='bbox 1342 3746 1429 3815; x_wconf 88' lang='lat'>1861</span> <span class='ocrx_word' id='word_1_231' title='bbox 1467 3743 1603 3818; x_wconf 91' lang='lat' dir='ltr'><strong>descri-</strong></span> 
     </span>
     <span class='ocr_line' id='line_1_30' title="bbox 249 3858 1606 3962; baseline 0 -28"><span class='ocrx_word' id='word_1_232' title='bbox 249 3880 337 3958; x_wconf 85' lang='lat' dir='ltr'><strong>ptus</strong></span> <span class='ocrx_word' id='word_1_233' title='bbox 354 3859 413 3962; x_wconf 62' lang='grc' dir='ltr'>(Ι).</span> <span class='ocrx_word' id='word_1_234' title='bbox 436 3861 549 3935; x_wconf 90' lang='lat' dir='ltr'><strong>Initio</strong></span> <span class='ocrx_word' id='word_1_235' title='bbox 569 3883 680 3932; x_wconf 88' lang='lat' dir='ltr'><strong>manu</strong></span> <span class='ocrx_word' id='word_1_236' title='bbox 699 3885 840 3933; x_wconf 89' lang='lat' dir='ltr'><strong>coaeva</strong></span> <span class='ocrx_word' id='word_1_237' title='bbox 859 3858 1087 3954; x_wconf 86' lang='lat' dir='ltr'><strong>praemissus</strong></span> <span class='ocrx_word' id='word_1_238' title='bbox 1105 3877 1163 3932; x_wconf 89' lang='lat' dir='ltr'><strong>est</strong></span> <span class='ocrx_word' id='word_1_239' title='bbox 1182 3859 1294 3932; x_wconf 88' lang='lat' dir='ltr'><strong>index</strong></span> <span class='ocrx_word' id='word_1_240' title='bbox 1315 3860 1507 3934; x_wconf 89' lang='lat' dir='ltr'><strong>nominum</strong></span> <span class='ocrx_word' id='word_1_241' title='bbox 1529 3860 1606 3935; x_wconf 84' lang='lat' dir='ltr'><strong>iere</strong></span> 
     </span>
     <span class='ocr_line' id='line_1_31' title="bbox 252 3977 1605 4078; baseline -0.001 -24"><span class='ocrx_word' id='word_1_242' title='bbox 252 4004 335 4073; x_wconf 89' lang='lat'><strong>270,</strong></span> <span class='ocrx_word' id='word_1_243' title='bbox 354 4006 451 4078; x_wconf 90' lang='lat' dir='ltr'><strong>quae</strong></span> <span class='ocrx_word' id='word_1_244' title='bbox 469 3981 516 4052; x_wconf 90' lang='lat' dir='ltr'><strong>ad</strong></span> <span class='ocrx_word' id='word_1_245' title='bbox 546 3980 696 4053; x_wconf 90' lang='lat' dir='ltr'><strong>Novam</strong></span> <span class='ocrx_word' id='word_1_246' title='bbox 726 3977 928 4076; x_wconf 80' lang='lat' dir='ltr'><strong>Corbeiam</strong></span> <span class='ocrx_word' id='word_1_247' title='bbox 959 3978 995 4050; x_wconf 93' lang='lat' dir='ltr'><strong>in</strong></span> <span class='ocrx_word' id='word_1_248' title='bbox 1026 3977 1192 4051; x_wconf 89' lang='lat' dir='ltr'><strong>Saxonia</strong></span> <span class='ocrx_word' id='word_1_249' title='bbox 1221 3977 1408 4073; x_wconf 88' lang='lat' dir='ltr'><strong>pertinere</strong></span> <span class='ocrx_word' id='word_1_250' title='bbox 1439 3978 1605 4052; x_wconf 89' lang='lat' dir='ltr'><strong>ostendit</strong></span> 
     </span>
     <span class='ocr_line' id='line_1_32' title="bbox 249 4095 1604 4196; baseline 0 -26"><span class='ocrx_word' id='word_1_251' title='bbox 249 4099 309 4170; x_wconf 90' lang='lat' dir='ltr'><strong>vir</strong></span> <span class='ocrx_word' id='word_1_252' title='bbox 320 4096 380 4172; x_wconf 89' lang='lat' dir='ltr'><strong>ille</strong></span> <span class='ocrx_word' id='word_1_253' title='bbox 393 4097 599 4196; x_wconf 84' lang='lat' dir='ltr'><strong>gallicanae</strong></span> <span class='ocrx_word' id='word_1_254' title='bbox 617 4095 839 4170; x_wconf 90' lang='lat' dir='ltr'><strong>eruditionis</strong></span> <span class='ocrx_word' id='word_1_255' title='bbox 855 4115 982 4170; x_wconf 88' lang='lat' dir='ltr'><strong>nostra</strong></span> <span class='ocrx_word' id='word_1_256' title='bbox 1001 4114 1125 4171; x_wconf 88' lang='lat' dir='ltr'><strong>aetate</strong></span> <span class='ocrx_word' id='word_1_257' title='bbox 1138 4095 1243 4170; x_wconf 88' lang='lat' dir='ltr'><strong>facile</strong></span> <span class='ocrx_word' id='word_1_258' title='bbox 1256 4097 1429 4193; x_wconf 92' lang='lat' dir='ltr'><strong>princeps</strong></span> <span class='ocrx_word' id='word_1_259' title='bbox 1444 4096 1604 4194; x_wconf 90' lang='lat' dir='ltr'><strong>Leopol·</strong></span> 
     </span>
     <span class='ocr_line' id='line_1_33' title="bbox 247 4213 1604 4315; baseline 0 -25"><span class='ocrx_word' id='word_1_260' title='bbox 247 4217 321 4290; x_wconf 90' lang='lat' dir='ltr'><strong>dus</strong></span> <span class='ocrx_word' id='word_1_261' title='bbox 353 4214 497 4290; x_wconf 89' lang='lat' dir='ltr'><strong>Delisle</strong></span> <span class='ocrx_word' id='word_1_262' title='bbox 519 4213 578 4315; x_wconf 81' lang='lat'><strong>(²).</strong></span> <span class='ocrx_word' id='word_1_263' title='bbox 606 4217 807 4290; x_wconf 89' lang='lat' dir='ltr'><strong>Tractatus</strong></span> <span class='ocrx_word' id='word_1_264' title='bbox 840 4216 877 4289; x_wconf 92' lang='lat' dir='ltr'><strong>in</strong></span> <span class='ocrx_word' id='word_1_265' title='bbox 909 4213 1078 4288; x_wconf 90' lang='lat' dir='ltr'><strong>Psalmos</strong></span> <span class='ocrx_word' id='word_1_266' title='bbox 1108 4215 1222 4289; x_wconf 90' lang='lat' dir='ltr'><strong>tacito</strong></span> <span class='ocrx_word' id='word_1_267' title='bbox 1254 4215 1416 4289; x_wconf 88' lang='lat' dir='ltr'><strong>auctoris</strong></span> <span class='ocrx_word' id='word_1_268' title='bbox 1454 4215 1604 4290; x_wconf 87' lang='lat' dir='ltr'><strong>nomine</strong></span> 
     </span>
     <span class='ocr_line' id='line_1_34' title="bbox 248 4333 1605 4429; baseline 0 -20"><span class='ocrx_word' id='word_1_269' title='bbox 248 4333 500 4409; x_wconf 90' lang='lat' dir='ltr'><strong>inscribuntur</strong></span> <span class='ocrx_word' id='word_1_270' title='bbox 529 4359 730 4411; x_wconf 79' lang='lat' dir='ltr'><strong>nxeosrrro</strong></span> <span class='ocrx_word' id='word_1_271' title='bbox 759 4337 1243 4412; x_wconf 71' lang='lat' dir='ltr'><strong>psmnoxm.1ntersotia</strong></span> <span class='ocrx_word' id='word_1_272' title='bbox 1274 4361 1316 4428; x_wconf 85' lang='lat'><strong>41</strong></span> <span class='ocrx_word' id='word_1_273' title='bbox 1349 4354 1387 4410; x_wconf 89' lang='lat' dir='ltr'><strong>et</strong></span> <span class='ocrx_word' id='word_1_274' title='bbox 1406 4361 1451 4429; x_wconf 90' lang='lat'><strong>42</strong></span> <span class='ocrx_word' id='word_1_275' title='bbox 1474 4337 1605 4410; x_wconf 90' lang='lat' dir='ltr'><strong>mutilo</strong></span> 
     </span>
    </p>
   </div>
   <div class='ocr_carea' id='block_1_6' title="bbox 1016 4539 1605 4547">
    <p class='ocr_par' dir='ltr' id='par_1_7' title="bbox 1016 4539 1605 4547">
     <span class='ocr_line' id='line_1_35' title="bbox 1016 4539 1605 4547; baseline 0.005 -3"><span class='ocrx_word' id='word_1_276' title='bbox 1016 4540 1068 4544; x_wconf 82' lang='lat'><strong>.—.</strong></span> <span class='ocrx_word' id='word_1_277' title='bbox 1109 4539 1116 4544; x_wconf 90' lang='lat'><em>.</em></span> <span class='ocrx_word' id='word_1_278' title='bbox 1482 4540 1605 4547; x_wconf 84' lang='lat'><strong>——.</strong></span> 
     </span>
    </p>
   </div>
   <div class='ocr_carea' id='block_1_7' title="bbox 280 4602 1279 4742">
    <p class='ocr_par' dir='ltr' id='par_1_8' title="bbox 280 4602 1279 4742">
     <span class='ocr_line' id='line_1_36' title="bbox 284 4602 1279 4668; baseline -0.002 -14"><span class='ocrx_word' id='word_1_279' title='bbox 284 4617 304 4654; x_wconf 86' lang='lat'><strong>1.</strong></span> <span class='ocrx_word' id='word_1_280' title='bbox 322 4603 458 4668; x_wconf 78' lang='lat' dir='ltr'><strong>Catalogue</strong></span> <span class='ocrx_word' id='word_1_281' title='bbox 465 4602 573 4667; x_wconf 74' lang='lat' dir='ltr'><strong>glnlral</strong></span> <span class='ocrx_word' id='word_1_282' title='bbox 580 4603 622 4652; x_wconf 82' lang='lat' dir='ltr'><strong>des</strong></span> <span class='ocrx_word' id='word_1_283' title='bbox 636 4605 719 4653; x_wconf 86' lang='lat' dir='ltr'><strong>Mss...</strong></span> <span class='ocrx_word' id='word_1_284' title='bbox 732 4604 774 4651; x_wconf 86' lang='lat' dir='ltr'><strong>des</strong></span> <span class='ocrx_word' id='word_1_285' title='bbox 785 4603 975 4668; x_wconf 54' lang='lat' dir='ltr'><strong>departemmn,</strong></span> <span class='ocrx_word' id='word_1_286' title='bbox 989 4605 1086 4663; x_wconf 77' lang='lat' dir='ltr'><strong>(in-4⁰),</strong></span> <span class='ocrx_word' id='word_1_287' title='bbox 1102 4613 1119 4651; x_wconf 89' lang='lat' dir='ltr'><strong>t.</strong></span> <span class='ocrx_word' id='word_1_288' title='bbox 1136 4603 1185 4662; x_wconf 90' lang='grc' dir='ltr'>ΙΙΙ,</span> <span class='ocrx_word' id='word_1_289' title='bbox 1201 4619 1225 4665; x_wconf 93' lang='lat' dir='ltr'><strong>p.</strong></span> <span class='ocrx_word' id='word_1_290' title='bbox 1240 4602 1279 4665; x_wconf 87' lang='lat'><strong>83.</strong></span> 
     </span>
     <span class='ocr_line' id='line_1_37' title="bbox 280 4667 1226 4742; baseline 0 -16"><span class='ocrx_word' id='word_1_291' title='bbox 280 4691 304 4727; x_wconf 88' lang='lat'><strong>2.</strong></span> <span class='ocrx_word' id='word_1_292' title='bbox 319 4677 491 4742; x_wconf 75' lang='lat' dir='ltr'><strong>Br&#39;bliotlrlque</strong></span> <span class='ocrx_word' id='word_1_293' title='bbox 502 4678 531 4726; x_wconf 81' lang='lat' dir='ltr'><strong>de</strong></span> <span class='ocrx_word' id='word_1_294' title='bbox 542 4667 639 4726; x_wconf 80' lang='lat' dir='ltr'><strong>I’Ecole</strong></span> <span class='ocrx_word' id='word_1_295' title='bbox 649 4679 690 4727; x_wconf 82' lang='lat' dir='ltr'><strong>des</strong></span> <span class='ocrx_word' id='word_1_296' title='bbox 704 4677 815 4737; x_wconf 73' lang='lat' dir='ltr'><strong>Charus,</strong></span> <span class='ocrx_word' id='word_1_297' title='bbox 828 4687 845 4726; x_wconf 91' lang='lat' dir='ltr'><strong>t.</strong></span> <span class='ocrx_word' id='word_1_298' title='bbox 863 4677 918 4736; x_wconf 88' lang='lat' dir='ltr'><strong>LX,</strong></span> <span class='ocrx_word' id='word_1_299' title='bbox 930 4693 972 4727; x_wconf 87' lang='lat' dir='ltr'><strong>an.</strong></span> <span class='ocrx_word' id='word_1_300' title='bbox 990 4676 1059 4740; x_wconf 86' lang='lat'><strong>1899,</strong></span> <span class='ocrx_word' id='word_1_301' title='bbox 1071 4693 1096 4742; x_wconf 89' lang='lat' dir='ltr'><strong>p.</strong></span> <span class='ocrx_word' id='word_1_302' title='bbox 1112 4687 1226 4740; x_wconf 81' lang='lat'>215-227.</span> 
     </span>
    </p>
   </div>
   <div class='ocr_carea' id='block_1_8' title="bbox 0 0 2087 5500">
    <p class='ocr_par' dir='ltr' id='par_1_9' title="bbox 0 0 2087 5500">
     <span class='ocr_line' id='line_1_38' title="bbox 0 0 2087 5500; baseline 0 0"><span class='ocrx_word' id='word_1_303' title='bbox 0 0 2087 5500; x_wconf 95' lang='lat' dir='ltr'><strong> </strong></span> 
     </span>
    </p>
   </div>
  </div>
 </body>
</html>
