4154 5494
625 411 880 476 sonorosus
904 416 960 475 on
983 417 1152 480 Psoron
1173 419 1244 481 011.
1526 393 1597 476 161
1677 363 1679 368 ⁵

244 626 324 692 dicit
338 629 370 691 in
387 627 577 710 evangelio:
592 631 709 708 ‘Paten
720 631 861 698 revelavi
875 653 996 698 nomen
1008 644 1102 699 tuum
1116 635 1324 700 hominibus!
1337 635 1414 699 Non
1427 627 1604 716 possumus

245 731 277 795 in
295 733 434 815 singulis
450 733 618 800 versiculis
640 737 806 814 inmorari,
826 739 983 820 quoniam
1007 739 1125 822 longus
1146 751 1196 804 est
1219 740 1382 823 psalmus;
1408 741 1466 802 sed
1489 740 1604 803 breves

244 838 462 902 sententiolas
478 839 639 904 debemus
655 839 793 922 singulis
806 843 973 907 versiculis
986 854 1152 928 coaptare,
1164 845 1272 927 magis
1284 863 1417 907 sensum
1431 863 1603 927 exponen·

246 950 295 1004 tes
311 960 412 1024 quam
429 945 530 1008 verba
547 953 711 1016 texentes.

214 1061 228 1115 5
289 1045 426 1109 Bemdir
447 1045 564 1112 animo
582 1068 654 1112 mea
677 1048 828 1128 Domino,
847 1060 879 1114 et
899 1051 968 1114 noli
984 1044 1133 1116 oblivisci
1152 1074 1261 1116 omnes
1285 1041 1510 1117 retributiones
1527 1053 1604 1116 eius.

247 1149 373 1213 Multas
383 1151 617 1216 retributiones
628 1152 723 1216 nobis
735 1155 1224 1240 praestititDominus,grandia
1235 1158 1331 1221 nobis
1342 1156 1501 1221 beneficia
1512 1177 1605 1240 prae·

245 1254 345 1317 stitit:
360 1254 438 1337 qula
454 1255 594 1334 caelum,
608 1257 687 1340 quia
703 1267 833 1334 terram,
849 1260 927 1341 quia
943 1259 1108 1346 elementa
1124 1262 1237 1324 omnia
1254 1282 1314 1344 pro
1331 1263 1427 1325 nobis
1444 1262 1529 1325 lecit.
1545 1259 1603 1326 Sol

246 1357 317 1441 ipse
326 1367 359 1421 et
371 1357 448 1422 luna
463 1370 497 1423 et
507 1359 623 1426 stellae
639 1363 801 1424 etomoia
817 1362 983 1427 elementa
1000 1373 1134 1447 propter
1150 1387 1210 1429 nos
1226 1375 1360 1430 currunt
1377 1376 1410 1430 et
1427 1376 1606 1432 recurrunt.

247 1460 278 1526 Ο
295 1482 356 1526 nos
378 1462 547 1527 infelices:
566 1465 731 1530 elementa
752 1467 848 1530 nobis
864 1469 1019 1546 serviunt,
1040 1479 1073 1532 et
1098 1490 1158 1533 nos
1179 1491 1245 1534 non
1266 1471 1426 1534 servimus
1448 1471 1604 1548 Domino.

202 1585 230 1622 ιο
247 1567 382 1631 Grande
397 1578 448 1631 est
464 1587 553 1652 ergo,
569 1572 658 1654 quod
677 1590 738 1654 pro
753 1571 848 1634 nobis
866 1572 958 1636 Deus
975 1573 1052 1638 fecit
1067 1576 1180 1639 omnia
1195 1595 1282 1658 quae
1298 1575 1457 1640 videmus.
1475 1575 1605 1640 Domus

247 1671 335 1736 enim
363 1691 495 1754 semper
520 1683 655 1756 propter
682 1673 902 1739 habitatorem
931 1675 973 1740 fit.
1001 1675 1036 1742 Si
1061 1699 1122 1742 nos
1147 1679 1316 1744 habitores
1342 1677 1457 1744 mundi
1482 1699 1606 1756 sumus,

248 1776 392 1842 mundus
408 1785 520 1841 autem
542 1778 662 1842 domus
681 1788 731 1843 est
753 1779 936 1858 hominum,
949 1783 1068 1846 domus
1091 1793 1202 1846 autem
1225 1793 1360 1866 propter
1383 1764 1604 1846 habitatorem

248 1880 335 1946 lacta
347 1892 413 1946 est:
424 1883 551 1966 grande
563 1891 614 1946 est
627 1881 734 1964 igitur,
746 1886 835 1967 quod
850 1905 910 1968 pro
923 1886 1018 1950 nobis
1031 1887 1107 1951 lecit
1118 1888 1232 1951 omnia
1244 1907 1331 1970 quae
1342 1885 1502 1962 videmus,
1514 1885 1604 1967 quod

247 1986 325 2050 lecit
353 2006 413 2050 nos
440 1987 539 2060 nasci,
564 1988 653 2069 quod
679 1987 798 2063 vivere,
823 1987 912 2069 quod
943 1987 1075 2062 moveri,
1098 1988 1187 2070 quod
1214 1987 1406 2069 intellegere
1422 1985 1604 2078 creatorem

204 2105 231 2157 ¹5
249 2091 503 2174 nostrumquod
516 2091 673 2154 distinxit
684 2110 768 2154 nosa
780 2091 1041 2173 iumentis,quod
1054 2091 1108 2154 illa
1122 2101 1226 2172 prona
1236 2092 1268 2155 in
1283 2102 1404 2154 terram
1416 2091 1606 2171 respiciunt,
1698 2121 1701 2126 ·

250 2215 309 2258 nos
330 2203 438 2258 rectos
463 2193 495 2256 in
513 2194 641 2258 caelum
663 2192 742 2258 lecit
762 2195 917 2277 aspicere.
938 2195 982 2257 Et
1003 2195 1084 2257 haec
1104 2195 1238 2277 quidem
1260 2195 1400 2277 grandia
1422 2203 1517 2257 sunt:
1546 2191 1604 2256 sed

249 2298 356 2362 maius
376 2309 427 2364 est
450 2299 539 2382 quod
562 2318 622 2381 pro
639 2298 734 2362 nobis
759 2308 856 2363 natus
872 2310 930 2362 est.
952 2297 1137 2382 ‘Quicum
1159 2297 1314 2362 informa
1336 2297 1399 2360 Dei
1420 2307 1515 2375 esset,
1538 2317 1604 2360 non

249 2403 399 2486 rapinam
416 2403 595 2468 arbitratus
612 2412 661 2466 est
677 2423 713 2466 se
729 2422 801 2466 esse
816 2401 990 2485 aequalem
1008 2403 1091 2480 Deo,
1106 2404 1163 2466 sed
1185 2403 1401 2484 semetipsum
1418 2401 1605 2464 exinanivit

250 2503 390 2570 formam
403 2507 486 2570 servi
499 2505 675 2588 accipiens,
687 2508 793 2570 lactus
805 2507 986 2571 oboediens
999 2527 1102 2589 usque
1118 2506 1160 2569 ad
1173 2515 1323 2582 mortem,
1337 2516 1478 2570 mortem
1491 2514 1604 2569 autem

202 2627 232 2664 ao
249 2609 381 2676 crucis.’
398 2609 567 2694 Quoniam
591 2631 651 2674 nos
672 2611 829 2675 mortales
852 2631 983 2676 eramus
1003 2621 1137 2693 propter
1157 2620 1331 2697 peccatum
1353 2621 1513 2686 nostrum,
1534 2611 1605 2693 ipse

248 2731 308 2795 pro
324 2715 421 2780 nobis
437 2715 633 2780 mortalibus
650 2714 732 2777 mori
749 2715 907 2797 dignatus
923 2723 982 2790 est,
1000 2723 1036 2778 ut
1052 2733 1112 2777 nos
1128 2715 1221 2778 vivos
1238 2714 1368 2780 faceret.

294 2816 362 2896 Qui
382 2830 482 2884 sanat
505 2839 613 2883 ornnes
638 2817 849 2901 infirmitates
871 2828 953 2882 tuos.
980 2817 1105 2881 Multas
1131 2817 1340 2884 infirmitates
1365 2817 1466 2881 habet
1493 2800 1605 2880 anima

247 2931 368 2986 nostra.
386 2921 479 3006 Quot
495 2932 641 3005 peccata,
656 2930 706 2985 tot
720 2921 938 2988 infirmitates.
951 2923 1105 3004 Denique
1121 2930 1154 2984 et
1166 2922 1222 2984 illa
1239 2921 1356 2986 mulier
1372 2923 1404 2983 in
1422 2922 1606 3004 evangelio,

247 3047 332 3110 quae
348 3029 463 3094 decem
480 3037 514 3092 et
529 3038 606 3092 octo
622 3028 717 3090 annis
733 3025 879 3089 habebat
902 3025 1054 3108 spiritum
1080 3023 1289 3103 infirmitatis,
1306 3036 1339 3088 et
1361 3035 1461 3108 caput
1473 3043 1604 3088 sursum

200 3147 229 3201 ²⁵
246 3130 370 3214 erigere
387 3151 452 3196 non
470 3140 641 3214 poterat...
661 3129 783 3194 Videte
800 3130 877 3212 quid
903 3130 1001 3192 dicat.
1025 3129 1170 3211 Quando
1186 3129 1305 3212 aliquis
1325 3130 1427 3192 habet
1451 3129 1603 3211 spiritum

246 3231 458 3312 infirmitatis,
481 3242 671 3297 contractus
698 3242 757 3309 est,
778 3234 933 3296 deorsum
957 3234 1128 3316 conspicit,
1147 3243 1268 3296 terram
1296 3234 1452 3310 intuetur,
1475 3232 1603 3295 caelum

245 3337 356 3400 videre
372 3357 437 3402 non
455 3346 572 3420 potest.

293 3439 362 3520 Qui
376 3441 509 3508 redimit
522 3441 561 3503 de
577 3440 710 3504 interitu
727 3441 831 3504 vitam
855 3449 955 3504 tuom.
972 3445 978 3472 ‘
993 3441 1111 3516 Pretio¹
1133 3441 1249 3524 inquit,
1264 3441 1369 3524 empti
1392 3441 1487 3504 estis:
1503 3441 1605 3504 nolite

248 3545 314 3612 heri
326 3545 410 3612 servi
424 3544 615 3609 hominum.¹
627 3541 727 3626 Quod
738 3553 789 3606 est
800 3545 906 3608 maius
917 3546 1068 3626 pretium,
1079 3565 1179 3628 quam
1190 3554 1373 3610 creatorem
1384 3565 1444 3628 pro
1454 3553 1605 3608 creatura

201 3681 232 3732 10
248 3651 444 3734 sanguinem
461 3668 557 3713 suum
576 3647 740 3712 fundere?

294 3753 364 3834 Qui
379 3763 508 3818 coronat
529 3762 557 3816 te
580 3751 614 3815 in
639 3749 859 3814 misericordia
878 3761 910 3815 et
933 3751 1200 3817 irriserationibus.
1224 3753 1293 3832 Qui
1310 3764 1441 3818 coronat
1460 3763 1497 3817 te.
1520 3753 1603 3817 Cum

249 3859 434 3935 redemerit,
449 3859 494 3920 sic
508 3866 655 3921 coronat.
667 3857 815 3922 Coronat
827 3867 948 3932 autem,
961 3875 1027 3920 non
1041 3867 1176 3940 propter
1190 3859 1306 3920 merita
1319 3869 1385 3933 tua,
1399 3858 1455 3920 sed
1470 3865 1606 3939 propter

249 3983 341 4032 suam
360 3963 626 4028 misericordiam.
643 3961 809 4025 ‘Domine
833 3971 869 4024 ut
891 3971 986 4025 scuto
1002 3962 1110 4026 bonae
1137 3961 1318 4025 voluntatis
1341 3970 1418 4025 tuae
1439 3959 1604 4023 coronasti

281 4135 417 4202 Jsrruurn]
428 4150 477 4185 om.
492 4136 520 4184 C.
609 4143 637 4197 15
650 4133 782 4194 dutr'nxit]
793 4133 927 4182 distineri!
938 4133 991 4182 BG.
1079 4131 1108 4181 16
1120 4135 1203 4196 rectos]
1215 4131 1256 4181 CS
1268 4149 1276 4190 ;
1288 4138 1375 4179 erectos
1388 4130 1430 4178 BP
1441 4147 1448 4188 ς
1460 4135 1561 4178 creatur
1571 4130 1602 4178 G.

251 4229 279 4280 17
292 4217 385 4280 maius]
396 4217 476 4280 magas
487 4215 518 4265 G.
606 4215 879 4282 24quoc]Csup.lin.
894 4214 967 4263 inser.
980 4223 1032 4278 prr.
1123 4213 1210 4273 annis]
1221 4212 1451 4272 arrnusG3annos
1463 4211 1492 4260 C.
1584 4215 1607 4257 ct

247 4304 329 4368 copul]
339 4298 484 4353 coniunctio
495 4298 520 4346 in
534 4299 554 4346 C
567 4305 692 4361 expuncta
703 4307 749 4346 est.
835 4295 1191 4359 aspotcratlpotehatl'corr.
1286 4291 1604 4358 281'nquit1quidemGl'.

248 4379 517 4446 29maius1magirG.
618 4376 843 4444 creaturalfladd.
858 4395 912 4428 sua.
996 4378 1205 4440 ,3osuumlom
1221 4377 1271 4424 BP.

290 4535 314 4575 1.
327 4509 501 4593 tonitruus]
523 4515 566 4572 10.
588 4531 631 4586 ¹7·
653 4514 679 4570 6.
697 4513 742 4572 ct.
764 4530 852 4587 supra
873 4530 899 4586 p.
997 4530 1032 4585 ²3
1059 4513 1089 4568 in
1104 4505 1259 4588 euangelio]
1277 4511 1345 4567 Luc.
1368 4527 1412 4584 13,
1427 4527 1477 4578 11.

249 4619 296 4672 44,
309 4599 326 4657 l.
345 4616 360 4656 2
376 4614 441 4676 sqq.
998 4611 1043 4666 ²9·
1060 4587 1220 4668 horrrinum]
1241 4610 1250 4646 1
1271 4591 1339 4651 Cor.
1358 4609 1382 4664 7,
1398 4609 1412 4647 a
1417 4608 1443 4664 3.

291 4699 335 4738 20.
351 4673 453 4758 crucis]
470 4674 574 4751 Philip.
594 4693 620 4745 a,
636 4676 692 4732 6-8.

299 4805 410 4850 Ληθαίου
419 4801 570 4846 Maredsolana
581 4800 624 4850 lll,
635 4815 653 4841 a.
