4112 5496
221 438 259 521 11]
570 437 940 500 COMMENTARIOLI
971 438 1015 497 IN
1044 437 1244 500 PSALMOS.
1560 434 1584 520 7

224 654 525 764 apostolorum
556 651 710 736 dixerit
745 653 909 738 Petrus.
943 656 995 735 A
999 655 1241 737 dstiteruut
1272 683 1391 764 reges
1428 661 1583 774 terrae.

229 794 333 877 Non
367 794 512 876 solum
537 793 735 875 Herodes
767 819 850 890 rex,
884 791 959 874 sed
989 793 1119 876 etiam
1152 794 1213 875 illi
1236 822 1358 906 reges
1378 795 1586 878 adversus

228 931 474 1013 Dominum
496 930 792 1028 constiterunt,
817 956 1002 1039 quorum
1025 955 1154 1041 regna
1176 932 1213 1013 ei
1238 933 1279 1013 in
1305 944 1463 1041 puncto
1484 945 1587 1016 tem·

228 1069 348 1179 poris
376 1069 577 1151 diabolus
607 1067 809 1152 ostendit.
842 1069 1191 1177 Disrumpamus
1224 1071 1398 1154 m'uculu
1428 1098 1586 1158 aarum.

189 1209 450 1316 sQuattuor
478 1206 777 1317 praecedentes
807 1234 959 1290 versus
999 1208 1065 1290 vel
1108 1208 1314 1317 propheta
1345 1210 1411 1291 vel
1446 1211 1587 1321 angeli

228 1359 335 1429 sunt
355 1346 498 1447 locuti,
525 1345 728 1428 mirantes
749 1372 882 1456 quare
903 1345 1093 1427 humana
1115 1347 1332 1429 temeritas
1356 1346 1587 1430 adversum

230 1485 316 1569 Dei
342 1485 504 1569 Filium
525 1489 850 1570 consurrexerit.
876 1487 914 1566 A
932 1487 1086 1596 quinto
1106 1499 1250 1570 autem
1267 1488 1481 1570 versiculo
1494 1477 1589 1570 ,Doss

230 1623 379 1706 minus
400 1623 491 1734 ipse
512 1622 754 1733 respondet,
778 1623 1007 1715 cohortans
1038 1624 1245 1734 populum
1273 1625 1515 1736 gentilium,
1548 1639 1589 1708 et

228 1788 384 1845 omnes
419 1762 493 1872 qui
536 1761 617 1844 sibi
655 1788 706 1844 ex
744 1759 917 1844 ludaeis
951 1761 1153 1844 credituri
1190 1774 1304 1860 sunt,
1349 1774 1396 1844 ut
1436 1763 1590 1874 legalia

175 1934 210 1972 ιο
228 1900 404 1982 vincula
432 1899 686 1996 dissolvant,
719 1912 761 1982 et
789 1927 921 2010 grave
951 1926 1062 1981 onus
1096 1899 1203 2011 legis
1238 1900 1437 2001 abiciant,
1472 1901 1589 2011 quod

230 2066 320 2123 non
343 2051 575 2149 potuerunt
597 2050 765 2148 portare
781 2049 923 2146 patres
939 2063 1086 2119 eorum
1104 2067 1112 2137 ;
1130 2037 1205 2120 sed
1224 2021 1461 2149 sequantur
1475 2069 1586 2139 eum,

228 2179 356 2262 cuius
387 2175 539 2288 iugum
571 2201 703 2258 suave
737 2185 814 2273 est,
848 2186 889 2256 et
919 2201 1032 2256 onus
1072 2175 1175 2258 leve.
1212 2176 1306 2282 Qui
1335 2177 1591 2260 habitatin

227 2316 363 2401 caelis
382 2313 591 2397 inridebit
609 2340 686 2396 eus.
713 2313 795 2395 Per
815 2312 1030 2395 humanae
1051 2314 1424 2396 sermocinationis
1448 2342 1591 2398 exem-

230 2453 305 2564 pla
342 2452 520 2535 affectus
562 2434 644 2534 Dei
684 2451 927 2533 discimus:
969 2477 1055 2533 non
1096 2478 1184 2561 quo
1224 2451 1294 2534 ille
1326 2477 1588 2564 quemquam

175 2621 208 2676 15
229 2591 435 2690 derideat,
452 2589 527 2673 sed
549 2617 637 2700 quo
659 2616 738 2672 nos
752 2588 896 2671 derisu
911 2587 1043 2699 digna
1057 2575 1275 2671 faciamus.
1291 2590 1360 2671 Et
1374 2589 1592 2672 Dominus

228 2726 519 2813 subsannabit
547 2754 624 2811 eos
659 2724 957 2810 Subsannatio
987 2727 1156 2837 proprie
1192 2737 1344 2838 rugata
1380 2727 1518 2810 lronte
1548 2741 1590 2810 et

229 2877 451 2949 contracto
472 2889 579 2947 naso
598 2863 862 2976 exprimitur.
887 2863 1018 2947 Absit
1040 2853 1184 2976 itaque
1205 2865 1285 2948 hoc
1307 2893 1387 2948 nos
1418 2865 1469 2949 de
1492 2868 1588 2950 Deo

229 3003 510 3114 corporaliter
548 3001 785 3100 aestimare,
827 3000 944 3112 quod
985 3001 1115 3085 etiam
1158 3003 1199 3085 in
1239 3003 1446 3114 gravibus
1486 3004 1592 3087 viris

230 3141 413 3254 quidam
429 3139 758 3251 reprehensione
771 3141 954 3253 dignum
967 3141 1250 3225 arbitrantur.'
1263 3144 1304 3225 T
1301 3171 1384 3226 unc
1395 3145 1596 3252 loquetur

172 3278 301 3363 mad
327 3305 395 3363 eos
424 3279 469 3361 iu
505 3279 576 3361 ira
605 3305 699 3362 sua.
741 3278 809 3361 De
841 3279 903 3361 ira
940 3279 1021 3362 Dei
1057 3292 1098 3362 et
1141 3281 1392 3364 Lactantius
1432 3282 1591 3365 librum

231 3417 572 3530 pulcherrimum
594 3418 776 3528 scripsit,
798 3428 840 3500 et
862 3418 954 3529 ipse
974 3419 1184 3531 Origenes
1219 3421 1472 3504 creberrime
1504 3421 1592 3504 dis-

231 3555 436 3669 putavit:
461 3577 548 3639 non
581 3567 668 3638 tam
701 3553 807 3637 iram
838 3581 944 3658 esse,
976 3573 1106 3668 quam
1145 3560 1427 3642 necessariam
1458 3587 1594 3642 corre-

270 3768 282 3804 1
304 3754 468 3816 adstitmrut]
486 3753 582 3810 EAM;
627 3753 764 3801 astiterunt
783 3749 832 3818 (ἔβ.
941 3768 958 3812 4
977 3753 1177 3816 disrumpamus]
1202 3754 1301 3812 Eunu
1345 3755 1522 3817 dirumpamus
1542 3753 1590 3822 cp.

233 3853 248 3904 5
259 3837 391 3904 propbeta]
405 3837 466 3896 EC;
495 3836 629 3908 prophetae
640 3833 691 3902 Αβ.
784 3833 999 3898 8rerpaudet]C;
1033 3835 1158 3899 respondit
1170 3833 1244 3904 Eup.
1336 3836 1545 3900 gurtiliuru]om.
1560 3838 1592 3886 A.

234 3935 268 3973 12
281 3927 306 3969 et
315 3921 388 3982 mnis]
400 3920 421 3970 C
432 3920 492 3970 add.
505 3919 566 3970 eius.
668 3931 696 3966 21
711 3917 861 3982 disputavit]
874 3917 951 3966 EAM
962 3934 969 3974 ;
981 3917 1094 3982 disputat
1105 3915 1154 3984 cp.

285 4083 329 4123 rr.
345 4072 447 4141 patres
460 4057 569 4140 carnin]
585 4063 651 4119 Act.
671 4076 715 4136 15,
735 4079 778 4116 10.
943 4058 1077 4131 maticus,
1094 4069 1122 4117 et
1139 4057 1368 4134 pulcherrimum
1385 4059 1423 4118 de
1440 4059 1487 4118 Ira
1503 4058 1569 4119 Dei.
1586 4060 1593 4086 ’

285 4165 330 4204 ra.
352 4141 422 4224 leue]
440 4144 545 4203 Matth.
563 4160 610 4214 rr,
629 4159 675 4216 29·
865 4137 868 4144 ⁴
943 4141 1061 4200 Comm.
1089 4137 1119 4197 in
1146 4140 1254 4215 Ephes.
1272 4155 1299 4211 4,
1328 4141 1364 4197 26
1382 4161 1388 4198 :
1405 4145 1412 4171 ‘
1429 4139 1600 4216 Firmianus·

284 4245 328 4304 ¹5·
350 4227 449 4288 derna
467 4219 570 4302 digna]
598 4221 723 4282 Hieron.
746 4217 776 4280 in
800 4223 892 4280 Amos
944 4230 1044 4280 noster
1058 4219 1164 4280 librum
1180 4220 1217 4279 de
1241 4221 1288 4278 Ira
1304 4219 1361 4279 Dei
1376 4221 1467 4281 docto
1489 4222 1596 4298 pariter

236 4331 267 4388 7,
293 4328 308 4384 7
333 4309 389 4386 (Μ.
414 4325 460 4384 25,
488 4306 577 4383 1126)
600 4326 607 4363 ε
631 4307 685 4362 ‘ut
714 4301 893 4378 dissipentur
944 4312 974 4361 et
984 4301 1137 4378 eloquenti
1148 4319 1286 4361 sermone
1298 4301 1471 4378 conscripsit
1485 4321 1594 4378 ;quem

232 4410 317 4464 arae,
339 4407 415 4466 quae
436 4386 497 4447 risu
518 4399 548 4447 et
569 4385 803 4446 subsannatione
824 4392 893 4442 sunt
944 4381 1000 4459 qui
1010 4381 1120 4460 legerit,
1136 4394 1209 4459 puto
1230 4381 1258 4442 ei
1276 4382 1315 4442 ad
1330 4383 1389 4441 irae
1410 4383 1595 4443 intellectum

232 4471 349 4551 dignae
363 4475 379 4532 ¹,
944 4463 1014 4524 satis
1028 4464 1209 4540 abundeque
1225 4482 1310 4539 posse
1325 4464 1458 4524 sufficere
1473 4466 1488 4523 '.

282 4575 328 4614 20.
361 4554 471 4614 librum
493 4543 735 4628 pulcherrimum]
766 4548 891 4606 Hieron.
987 4565 1032 4604 22.
1057 4564 1113 4603 non
1128 4553 1189 4604 tam
1205 4546 1280 4604 iram
1303 4563 1358 4604 essa
1372 4541 1441 4624 ete]
1467 4545 1592 4606 Hieron.

237 4635 349 4700 Devir.
360 4635 474 4697 inlustr.
485 4651 510 4691 c.
524 4633 564 4689 80
577 4653 585 4690 ι
600 4632 608 4660 ‘
624 4629 781 4690 Habemus
790 4625 891 4686 eius...
945 4628 1074 4686 translat.
1090 4625 1191 4686 homil.
1212 4645 1224 4683 r
1243 4623 1379 4702 Origenis
1395 4628 1424 4685 in
1440 4627 1548 4686 Ezech.
1565 4645 1592 4687 n.

234 4733 267 4784 et
281 4718 373 4780 alium
397 4713 507 4776 librum
524 4711 577 4788 qui
601 4709 768 4772 inscribitur
792 4711 895 4769 Gram·
946 4728 962 4767 2
979 4709 1036 4786 (M.
1055 4728 1070 4766 2
1075 4727 1101 4785 5,
1120 4707 1190 4786 726)
1207 4731 1213 4766 :
1231 4711 1237 4738 ‘
1253 4709 1310 4768 Cui
1337 4706 1594 4784 respondebimus,
