4060 5498
500 444 555 524 44
878 431 906 490 S.
937 428 1192 489 HIERONYMI
1220 427 1488 487 PRESBYTERI

503 631 695 708 amiserunt,
710 629 774 692 hoe
792 637 851 704 est,
867 627 975 689 cordis
993 625 1215 704 prudentiam,
1241 645 1341 705 quam
1370 627 1520 688 conversi
1545 626 1587 687 ad
1614 624 1749 688 meliora
1774 624 1848 685 reci-

503 737 609 817 piunt.
626 735 717 798 Audi
735 735 907 807 Montane,
924 730 1003 793 audi
1020 730 1163 806 Novate,
1187 729 1264 792 audi
1284 729 1478 792 Maximilla
1495 739 1527 792 et
1544 730 1642 792 ceteri
1660 737 1735 791 cata
1752 727 1850 808 Phry·

503 860 573 921 gas,
598 839 653 921 qui
681 837 790 900 dicitis
818 857 883 898 non
911 854 983 897 esse
1008 833 1259 913 paenitentiam.
1286 833 1453 896 Dominus
1482 833 1629 916 loquitur
1655 833 1697 896 ad
1725 833 1849 914 plebem

503 963 609 1018 suam,
626 941 667 1004 ad
685 959 802 1005 omnes
819 939 934 1020 utique
949 936 1164 1012 christianos,
1181 945 1214 1000 et
1231 945 1366 1000 sanctos
1383 957 1460 1000 suos
1476 937 1535 1020 qui
1552 938 1584 999 in
1602 936 1744 1001 ecclesia
1757 936 1851 1018 primi

503 1055 590 1124 sunt,
606 1057 638 1108 et
655 1045 697 1109 ad
715 1043 844 1124 eosqui
861 1047 1102 1105 convertuntur
1119 1040 1161 1102 ad
1179 1060 1246 1116 cor,
1261 1039 1324 1102 hoc
1342 1049 1401 1116 est,
1413 1041 1470 1123 qui
1487 1050 1593 1122 agunt
1606 1041 1852 1122 paenitentiam.
1868 1069 1882 1120 5

504 1151 628 1214 Beatus
645 1148 780 1232 quidem
800 1155 859 1220 est,
875 1164 976 1227 quem
1002 1163 1186 1226 numquam
1216 1152 1390 1224 peccatum
1417 1143 1553 1226 aliquod
1587 1145 1776 1222 maculavit,
1802 1145 1851 1208 cui

504 1274 687 1337 numquam
716 1249 851 1333 aliquod
876 1248 996 1310 vulnus
1024 1245 1167 1310 infixum
1194 1258 1266 1310 est:
1291 1257 1403 1311 tamen
1428 1247 1576 1310 secunda
1599 1249 1776 1312 beatitudo
1799 1257 1854 1320 est,

503 1369 580 1442 post
596 1360 717 1422 vulnus
735 1375 853 1418 sanare
869 1353 1070 1417 cicatricem.

556 1463 785 1527 Verumtamen
793 1469 893 1539 prope
907 1466 955 1520 est
969 1455 1157 1518 timentibus
1171 1475 1243 1518 eum
1260 1456 1406 1518 salutare
1422 1455 1533 1537 ipsius.
1552 1456 1643 1519 Vide
1666 1458 1746 1539 quid
1769 1457 1854 1521 dicit.

505 1568 572 1651 Qui
589 1568 708 1630 timent
727 1564 922 1635 Dominum,
940 1580 1044 1641 prope
1060 1559 1186 1622 habent
1205 1560 1402 1637 Dominum,
1417 1561 1575 1642 quoniam
1594 1563 1697 1625 timor
1718 1563 1852 1624 necdum
1875 1590 1899 1624 to

504 1671 606 1733 habet
623 1669 880 1750 perfectionem:
898 1664 1071 1727 ‘Perfecta
1088 1664 1176 1726 enim
1194 1662 1332 1727 dilectio
1347 1663 1435 1727 foras
1453 1666 1556 1729 mittit
1573 1668 1728 1729 timorem
1739 1667 1755 1728 ¹.
1770 1666 1855 1747 Ergo

506 1796 567 1838 nos
583 1775 638 1856 qui
655 1771 827 1853 diligimus
847 1770 1040 1842 Dominum,
1058 1789 1123 1830 non
1143 1769 1250 1844 iuxta,
1266 1769 1324 1831 sed
1342 1769 1432 1832 intus
1448 1769 1619 1833 habemus.
1636 1769 1855 1833 ‘inhabitabo

506 1881 631 1962 quippe
655 1879 688 1940 in
716 1877 763 1938 eis
790 1885 823 1938 et
849 1872 1077 1946 inambulabo,
1100 1881 1134 1934 et
1157 1891 1214 1933 ero
1240 1869 1372 1933 illorum
1399 1872 1492 1934 Deus
1516 1881 1548 1936 et
1572 1874 1634 1953 ipsi
1660 1873 1740 1936 mihi
1764 1881 1856 1934 erunt

508 1983 650 2068 populus
663 1983 677 2045 ’.
701 1981 747 2046 Ut
760 1977 918 2042 inhabitet
928 1975 1038 2058 gloria
1055 1975 1088 2037 iu
1105 1985 1194 2038 terra
1212 1985 1331 2039 nostra.
1348 1975 1443 2038 Haec
1457 1985 1507 2039 est
1524 1989 1611 2039 terra
1629 1997 1729 2060 quarn
1747 1977 1778 2038 in
1795 1975 1858 2038 alio

507 2091 582 2153 loco
597 2087 678 2150 dicit
693 2091 701 2119 ⁴
717 2087 820 2148 Terra
836 2081 930 2146 dedit
948 2079 1090 2141 fructum
1108 2098 1206 2141 suum
1219 2079 1233 2141 ’.
1260 2079 1404 2142 Fructus
1421 2088 1529 2143 terrae
1546 2089 1681 2144 nostrae
1698 2090 1749 2144 est
1766 2079 1857 2162 panis
1877 2106 1900 2156 ¹5

508 2194 607 2267 vitae,
624 2191 680 2273 qui
697 2189 793 2251 nobis
810 2186 843 2248 in
862 2183 1035 2246 Bethleem
1054 2190 1153 2244 natus
1169 2191 1221 2244 est
1237 2202 1244 2258 ;
1272 2181 1444 2245 Bethleem
1471 2185 1597 2265 quippe
1620 2184 1742 2247 domus
1765 2182 1857 2264 panis

509 2300 756 2378 interpretatur.
776 2292 820 2354 Et
837 2289 890 2352 hic
907 2288 1012 2370 panis,
1029 2287 1083 2368 qui
1102 2287 1133 2348 in
1153 2286 1325 2350 Bethleem
1351 2298 1443 2350 ortus
1471 2299 1532 2360 est,
1559 2289 1666 2352 sactus
1688 2296 1739 2352 est
1767 2288 1857 2351 nobis

510 2401 552 2464 de
567 2398 661 2462 caelo
679 2393 897 2470 descendens,
914 2393 946 2453 in
964 2391 1057 2454 cuius
1075 2391 1233 2470 mysteria
1250 2390 1362 2470 angeli
1379 2391 1580 2456 desiderant.

563 2503 691 2568 Veritas
706 2499 745 2562 de
760 2509 849 2562 terra
864 2506 936 2560 orta
951 2504 1006 2570 est,
1032 2503 1064 2556 et
1088 2492 1218 2555 iustitia
1245 2493 1284 2554 de
1305 2494 1390 2556 caela
1409 2496 1580 2575 prospexit.
1598 2495 1734 2560 Veritas
1752 2516 1857 2578 repro-

512 2607 678 2671 missionis
706 2607 747 2668 de
774 2613 862 2666 terra
887 2608 961 2664 orta
986 2608 1045 2676 est,
1078 2607 1111 2660 et
1146 2597 1194 2660 sol
1228 2597 1375 2660 iustitiae
1401 2596 1445 2660 de
1472 2599 1565 2662 caelo
1593 2605 1792 2682 prospexit:
1824 2611 1899 2664 utro

510 2712 621 2776 lumen
650 2728 747 2773 suum
774 2707 807 2769 in
835 2704 982 2768 tenebris
1010 2711 1043 2765 et
1069 2701 1186 2764 umbra
1211 2701 1326 2764 mortis
1343 2702 1535 2765 constitutis
1552 2704 1746 2768 hominibus
1763 2706 1856 2788 largi·

509 2825 608 2880 retur.

552 2917 783 2983 Misericordia
795 2925 827 2979 et
841 2914 965 2978 veritas
980 2911 1195 2974 aberraverunt
1209 2909 1274 2972 sibi
1286 2934 1297 2973 .·
1321 2909 1452 2973 iustitia
1474 2921 1505 2974 et
1520 2923 1590 2993 pax
1603 2915 1763 2979 osculatae
1776 2925 1857 2978 sunt.

509 3025 740 3091 Misericordia
756 3032 789 3084 et
805 3019 927 3083 veritas
944 3017 1177 3080 obviaverunt.
1202 3015 1296 3078 Duas
1321 3034 1372 3076 res
1396 3015 1504 3092 video,
1528 3037 1613 3098 quae
1629 3021 1857 3082 conveniendo

509 3142 541 3194 et
558 3129 729 3192 obviando
746 3145 848 3188 uuum
867 3121 959 3185 fiunt.
986 3119 1116 3183 lustitia
1141 3128 1174 3182 et
1198 3139 1266 3201 pax
1290 3118 1461 3183 osculatae
1486 3130 1574 3186 sunt.
1600 3122 1675 3186 Hoc
1700 3133 1805 3188 toturn
1827 3125 1857 3187 io
1873 3144 1898 3196 ²5
1983 3195 1984 3200 γ

510 3235 706 3318 mysterium
725 3230 863 3295 Domini
883 3226 1066 3293 Salvatoris
1083 3233 1280 3306 coaptatur:
1304 3224 1367 3287 hoc
1391 3233 1442 3287 est
1467 3224 1531 3287 Dei
1548 3232 1581 3288 et
1597 3225 1746 3290 hominis
1769 3227 1858 3305 filius,

509 3341 565 3422 qui
592 3348 641 3400 est
670 3337 767 3400 nobis
795 3336 918 3398 veritas
948 3332 1176 3398 misericordia
1202 3351 1270 3411 pax
1297 3339 1398 3412 atque
1424 3330 1561 3406 iustitia,
1584 3331 1616 3393 in
1642 3351 1710 3412 quo
1737 3334 1858 3398 iustitia

510 3443 626 3526 prioris
650 3440 766 3523 populi
783 3449 816 3502 et
834 3438 1061 3502 misericordia
1084 3435 1255 3516 sequentis
1279 3436 1312 3496 in
1337 3453 1437 3497 unam
1464 3455 1580 3516 pacem
1606 3437 1858 3517 coniunguntur.

546 3611 624 3654 arata
634 3602 759 3666 Phrygas]
767 3601 864 3666 scripsi,
877 3609 903 3650 nt
912 3601 936 3650 in
945 3615 1034 3665 graeca
1044 3599 1130 3648 transl.
1142 3597 1200 3647 libri
1211 3598 1249 3646 De
1257 3598 1307 3647 vir.
1316 3597 1408 3646 illustr.
1417 3613 1438 3646 c.
1451 3611 1483 3658 40
1491 3593 1517 3659 (ἡ
1527 3592 1621 3664 αἵρεσις
1632 3595 1647 3660 ἡ
1658 3597 1727 3650 κατὰ
1738 3597 1859 3670 rupisset

509 3686 645 3750 catafrigas
659 3687 689 3746 L,
702 3683 836 3748 eatasriras
849 3685 875 3732 M
887 3699 894 3746 3
910 3681 1055 3746 Catasryaes
1068 3682 1108 3740 03
1131 3679 1293 3744 Cathasryges
1305 3679 1337 3728 V.
1439 3679 1552 3740 4ad]et
1567 3680 1602 3728 ad
1616 3681 1673 3731 OV.
1774 3683 1859 3744 mm]

509 3786 605 3820 onrnem
619 3770 647 3818 L.
749 3767 865 3831 sudeus]
879 3767 1038 3826 LM;ineos
1058 3764 1114 3814 OV.
1216 3761 1374 3823 9est]0V;
1396 3777 1445 3811 om.
1470 3762 1529 3810 LM.
1631 3766 1787 3829 timentibus]
1805 3765 1858 3824 OV,

510 3856 587 3905 Psait.
603 3851 885 3912 Rom3timentesLM,
902 3851 977 3900 Psalt.
993 3849 1084 3899 Gallie.
1194 3843 1263 3905 Vide]
1282 3847 1351 3906 LM;
1370 3846 1518 3896 videteOV.
1622 3859 1652 3895 10
1670 3847 1761 3897 habent
1777 3847 1859 3896 Derri-

510 3936 705 4000 mem]LM;}1.
721 3935 872 3984 DeumOV.
977 3945 1002 3980 11
1017 3931 1097 3992 hahet]
1110 3931 1200 3978 liabent
1212 3929 1242 3979 V.
1349 3941 1376 3976 12
1398 3928 1573 3989 iuxta1r'rrsta
1593 3929 1622 3980 L.
1728 3943 1757 3993 13
1774 3929 1859 3990 ineis]

510 4021 605 4070 inillis
618 4019 648 4068 L.
751 4031 780 4078 14
788 4015 906 4080 papulus]
915 4015 1036 4080 papulum
1051 4013 1079 4061 L.
1183 4022 1211 4073 ις
1223 4011 1300 4072 dedit]
1313 4010 1364 4060 LM
1376 4028 1383 4069 ;
1400 4017 1485 4058 nostra
1497 4010 1565 4060 dabit
1577 4011 1635 4071 OV,
1649 4027 1680 4061 ex
1692 4012 1741 4062 hoc
1752 4013 1804 4077 ipso
1821 4013 1856 4061 Ps.

510 4103 551 4164 84,
568 4115 604 4166 13.
709 4111 736 4162 17
756 4106 826 4150 artus
845 4100 890 4160 est]
911 4099 938 4146 M
952 4115 959 4154 ;
971 4096 1058 4145 hortus
1070 4096 1130 4153 (om.
1144 4096 1189 4154 est)
1203 4093 1251 4143 OV
1262 4111 1269 4152 ;
1281 4099 1357 4141 natus
1369 4099 1404 4141 est
1416 4091 1444 4141 L.
1550 4091 1578 4141 18
1597 4093 1751 4156 descendens]
1764 4095 1800 4153 L;
1813 4096 1859 4142 der

509 4187 592 4238 cendit
604 4185 689 4236 MOV.
791 4186 820 4233 in
832 4184 915 4244 cuius]
934 4183 973 4240 L;
989 4180 1066 4230 MOV
1079 4197 1129 4229 om.
1144 4181 1180 4228 in.
1284 4191 1313 4240 19
1332 4178 1429 4226 Veritas
1441 4176 1669 4242 repromissionis...
1679 4176 1815 4240 prospexit]
1828 4176 1859 4232 1.;

510 4287 561 4320 orn.
577 4269 663 4318 MOV.
767 4279 795 4315 21
809 4274 834 4314 et
844 4266 944 4326 unrbra]
958 4265 1009 4312 LM
1023 4283 1029 4323 ;
1041 4271 1064 4312 et
1076 4263 1104 4310 in
1116 4263 1206 4310 umbra
1218 4261 1273 4310 OV.
1374 4273 1405 4322 23
1422 4261 1553 4321 oseulatae]
1570 4259 1705 4308 obscuratae
1718 4259 1739 4306 V
1751 4259 1825 4308 semel
1835 4267 1859 4307 et

510 4352 631 4402 secundo.
734 4363 766 4409 24
779 4349 988 4398 Misericordiae.
1002 4363 1025 4396 u.
1040 4345 1151 4406 adrian]
1165 4345 1186 4393 L
1198 4358 1262 4393 unus
1271 4341 1370 4406 repetit.
1474 4355 1487 4389 2
1491 4353 1504 4404 5
1513 4342 1541 4389 in
1550 4339 1743 4401 mysterixm1in
1751 4337 1858 4400 mysteria

514 4436 549 4485 M.
652 4445 681 4494 27
692 4433 756 4498 pax]
767 4440 792 4482 et
797 4439 852 4496 pax
864 4431 920 4480 OV.

556 4595 600 4633 11.
623 4570 765 4654 umorem]
785 4595 796 4632 1
816 4575 859 4633 Io.
877 4592 904 4644 4,
924 4573 968 4631 18.
1258 4583 1301 4643 15.
1324 4561 1421 4646 suurn]
1437 4567 1485 4625 Ps.
1500 4567 1546 4636 66,
1565 4580 1589 4640 7.

556 4677 600 4731 ¹4·
616 4652 788 4737 populus]2
807 4655 920 4727 Confi,
940 4655 983 4712 16.
1258 4651 1300 4708 18.
1323 4643 1498 4727 desederant]
1514 4647 1558 4708 Cf.
1580 4665 1591 4704 1
1612 4646 1688 4704 Petr.
1711 4663 1733 4716 r,
1754 4663 1795 4702 ra.
