4154 5494
462 395 539 500 178
835 417 862 476 s.
888 417 1142 477 fflsuouuur
1167 417 1430 478 PRESBYTERI

454 637 629 700 danninum.
649 634 737 711 Quia
752 635 919 697 saturavit
932 634 1081 698 aninum
1098 634 1229 696 inanem
1245 645 1279 696 et
1295 645 1412 698 cetera.
1432 635 1553 697 Postea
1569 634 1722 697 scribitur
1737 631 1816 697 Con·

446 743 613 825 fitenutur
627 738 768 802 licutino
784 738 1022 801 misericordiae
1036 739 1114 813 eius,
1128 747 1160 802 et
1176 736 1345 800 mirabilia
1360 738 1430 801 eius
1435 737 1526 820 filiis
1536 737 1704 800 horninum
1715 760 1727 800 .·
1741 757 1817 818 qtro·

454 845 544 908 niam
560 843 714 905 contrivit
722 852 837 924 portas
850 861 970 904 aereas.
987 841 1033 905 Et
1056 851 1173 922 postea
1190 840 1310 904 dicitur
1324 840 1389 904 hoc
1406 842 1530 923 ipsum:
1547 843 1693 923 prudens
1715 840 1819 904 lector

454 950 609 1013 inveniat.
623 948 717 1012 Licet
728 948 862 1030 quidam
875 947 977 1010 etiam
990 956 1108 1028 quarto
1124 946 1239 1009 dicunt
1252 945 1411 1028 scriptum
1423 966 1512 1009 esse:
1525 955 1561 1010 ut
1574 947 1662 1029 quod
1678 945 1816 1009 trinitati

454 1052 607 1126 defertur,
625 1052 656 1114 in
673 1051 774 1114 semel
790 1051 822 1113 in
840 1049 1021 1132 evangeliis
1038 1058 1269 1132 congregetur.
1858 1070 1872 1120 5

500 1157 636 1238 Longus
649 1166 697 1217 est
710 1155 867 1236 psalmus,
880 1166 913 1218 et
927 1175 992 1219 non
1007 1175 1184 1238 possumus
1194 1156 1226 1219 in
1239 1157 1378 1238 singulis
1391 1155 1560 1220 versiculis
1570 1155 1735 1219 inmorari.
1749 1155 1817 1220 Sed

455 1261 517 1323 hoc
535 1270 664 1323 tantum
683 1257 906 1340 significatum
923 1271 983 1338 est,
998 1261 1156 1343 quoniam
1175 1261 1217 1323 de
1232 1260 1407 1324 vocatione
1419 1261 1568 1342 gentium
1585 1260 1707 1324 dicitur
1724 1270 1756 1324 et
1773 1261 1815 1324 de

441 1363 643 1454 repulsione
671 1362 880 1426 ludaeorum.
912 1362 1137 1444 Deprecemur
1167 1383 1248 1446 ergo
1275 1383 1336 1426 nos
1363 1364 1559 1442 Dominum,
1585 1372 1629 1442 ut,
1654 1364 1815 1446 quoniam
1875 1431 1883 1442 ,

456 1469 580 1550 priores
605 1466 687 1529 rami
716 1465 810 1528 tracti
832 1478 918 1545 sunt,
942 1478 975 1530 et
1003 1487 1064 1529 nos
1090 1468 1133 1531 de
1158 1466 1303 1530 oleastro
1331 1467 1446 1531 inserti
1473 1487 1588 1532 sumus
1613 1468 1645 1531 in
1674 1468 1818 1532 radicem

457 1574 564 1634 bonae
590 1569 708 1647 olivae,
729 1569 889 1632 iaciamus
913 1569 1038 1633 fructus
1062 1571 1179 1646 bonos,
1202 1590 1244 1634 ne
1265 1580 1299 1634 et
1320 1590 1382 1634 nos
1409 1569 1561 1634 similiter
1583 1571 1820 1653 praecidamur.
1844 1593 1877 1628 ιο

458 1673 617 1756 Agricola
640 1674 729 1736 euim
753 1684 865 1736 noster
888 1671 1012 1736 fructus
1030 1676 1168 1756 quaerit.
1192 1674 1228 1739 Si
1250 1675 1339 1738 enim
1363 1676 1488 1758 priores
1511 1695 1621 1738 ramos
1644 1687 1821 1758 propterea

458 1779 627 1861 praecidit,
651 1780 729 1861 quia
742 1777 866 1841 fructus
885 1796 951 1840 uon
980 1777 1189 1842 adserebant:
1213 1789 1246 1841 et
1271 1799 1332 1842 nos
1353 1781 1463 1844 sinon
1482 1779 1657 1843 fecerimus
1683 1779 1820 1858 fructus,

458 1883 578 1946 similia
594 1881 838 1946 sustinebimus.
852 1879 994 1944 Fructus
1010 1894 1122 1944 autem
1136 1891 1213 1945 sunt
1226 1900 1292 1944 uon
1310 1881 1417 1947 solum
1435 1883 1629 1965 incorpore,
1645 1885 1819 1947 sedetiam

459 1988 492 2049 in
509 1987 630 2051 anima.
643 1987 688 2049 Et
704 2005 824 2068 corpus
840 1986 974 2067 quidem
988 2003 1063 2048 cum
1081 1986 1180 2048 servit
1196 1985 1352 2064 Domino,
1367 1988 1468 2051 servit
1481 1998 1514 2051 et
1530 1988 1652 2065 anima,
1668 1988 1769 2051 servit
1785 1997 1819 2051 et

460 2111 579 2175 corpus
608 2091 690 2154 Deo.
717 2090 781 2153 ‘ln
810 2098 896 2152 terra
920 2089 1009 2152 inuia
1033 2101 1067 2152 et
1095 2089 1265 2172 inaquosa,
1287 2090 1333 2152 sic
1358 2091 1389 2153 in
1418 2099 1535 2154 sancto
1562 2093 1701 2173 apparui
1728 2091 1821 2156 tibi.’
1846 2114 1876 2165 ις

460 2195 590 2279 ‘Quam
606 2194 831 2278 multipliciter
843 2194 913 2270 tibi,
925 2194 1042 2276 inquit,
1055 2214 1133 2257 caro
1150 2213 1231 2258 mea
1246 2192 1254 2220 '
1270 2194 1358 2259 Vide
1374 2197 1453 2278 quid
1471 2196 1570 2272 dicat,
1584 2194 1694 2278 Quam
1712 2196 1821 2260 multi·

461 2302 589 2383 pliciter
605 2299 664 2363 tibi
681 2319 758 2362 caro
775 2317 858 2363 mea.
875 2295 1056 2379 Quomodo
1073 2297 1325 2379 multipliciter?
1342 2297 1419 2361 Non
1445 2298 1595 2380 legamus
1620 2297 1685 2371 πῶς
1701 2293 1820 2378 ἁπλῶς,

462 2410 519 2474 sed
531 2407 709 2488 ποσαπλῶς,
720 2407 782 2471 hoc
793 2419 843 2469 est
857 2405 1090 2489 multipliciter.
1103 2407 1219 2470 Multis
1230 2407 1407 2488 generibus
1419 2409 1479 2471 tibi
1493 2408 1593 2471 servit
1605 2425 1683 2469 caro
1694 2425 1778 2468 mea:
1788 2407 1821 2467 in

463 2521 600 2595 ieiuniis,
616 2520 649 2580 in
666 2517 881 2593 chameuniis,
894 2517 925 2578 in
943 2515 1166 2592 tribulatione,
1191 2517 1224 2579 in
1240 2516 1404 2598 augustia,
1420 2517 1453 2579 in
1477 2516 1573 2592 lame,
1589 2515 1622 2578 in
1639 2516 1703 2592 siti,
1719 2516 1750 2577 in
1768 2513 1822 2577 lri·

463 2647 550 2708 gore.
569 2624 679 2706 Quam
703 2621 929 2703 multipliciter
952 2621 1012 2684 tibi
1035 2641 1112 2684 caro
1140 2639 1222 2683 mea.
1247 2619 1344 2702 Quae
1367 2641 1447 2702 crgo
1472 2619 1701 2701 multipliciter
1723 2620 1823 2682 servit
1844 2645 1881 2682 ιο

466 2731 637 2793 Domino?
657 2729 694 2790 ln
711 2738 797 2789 terra
808 2727 895 2788 invia
906 2736 939 2788 et
953 2726 1122 2807 inaquosa.
1135 2723 1344 2806 Videtequid
1357 2725 1447 2789 dicat
1459 2749 1466 2789 :
1480 2723 1577 2801 invia,
1590 2725 1720 2786 deserta
1731 2733 1764 2786 et
1775 2724 1823 2786 irt-

465 2855 599 2918 aquosa.
614 2833 737 2896 Videte
754 2832 911 2914 quoniam
924 2848 1001 2892 caro
1018 2829 1080 2890 ista
1093 2847 1159 2890 non
1174 2836 1283 2909 potest
1297 2828 1524 2910 multipliciter
1541 2828 1662 2890 servire
1676 2825 1825 2888 Domino

466 2940 528 3002 nisi
552 2939 585 3000 in
610 2949 695 3001 terra
716 2937 855 3012 deserta,
880 2935 911 2996 in
934 2933 1123 2996 deserta'et
1149 2931 1180 2994 iu
1208 2931 1378 3013 inaquosa,
1397 2933 1533 3014 quando
1554 2931 1641 2992 sicca
1665 2939 1716 2992 est
1739 2948 1826 3005 caro,

467 3045 601 3128 quando
618 3041 777 3104 efficimur
793 3038 887 3122 quasi
904 3047 977 3100 uter
993 3036 1025 3098 in
1043 3035 1170 3118 pruina,
1185 3036 1320 3116 quando
1336 3037 1446 3098 omnis
1459 3054 1553 3098 umor
1570 3032 1757 3096 exsiccatus
1773 3040 1826 3093 est

468 3165 500 3216 et
516 3161 684 3228 excoctus,
701 3147 836 3231 quando
853 3166 929 3209 caro
946 3155 1059 3208 nostra
1076 3162 1141 3206 non
1168 3143 1339 3206 libidinem
1362 3141 1500 3225 quaerit,
1516 3139 1573 3202 sed
1597 3136 1717 3201 cibum.
1738 3135 1827 3200 Caro
1849 3169 1883 3219 ²5

469 3268 580 3318 nostra
593 3255 728 3337 quando
740 3252 832 3314 arida
846 3260 904 3327 est,
920 3259 953 3312 et
964 3249 1126 3330 inaquosa
1142 3257 1201 3323 est,
1211 3256 1244 3310 et
1261 3266 1393 3310 umores
1406 3265 1472 3308 non
1491 3243 1600 3318 habet,
1612 3259 1679 3304 non
1695 3238 1825 3322 quaerit

468 3359 645 3435 luxuriam,
660 3359 717 3420 sed
735 3356 864 3438 quaerit
880 3353 979 3415 cibos.
998 3351 1144 3435 Quando
1160 3359 1271 3412 autem
1288 3360 1375 3413 terra
1392 3361 1515 3426 nostra,
1530 3367 1616 3431 quae
1633 3345 1723 3428 prius
1738 3346 1827 3407 sicca

504 3563 550 3606 tel
561 3553 648 3614 cetera]
667 3552 741 3602 codd.
757 3551 851 3600 ACGP
872 3550 946 3599 inser.
962 3549 1023 3598 Ecce
1042 3555 1133 3612 quarto
1151 3548 1246 3596 tli'ctum
1266 3555 1317 3596 est:
1338 3563 1404 3611 quae
1416 3547 1518 3610 quidem
1531 3545 1608 3595 verba
1621 3543 1724 3594 alterius
1743 3541 1831 3592 nescio

470 3640 539 3690 cuius
550 3638 678 3701 ingenium
690 3635 799 3699 sapiunt,
814 3633 898 3682 hebeti
912 3631 1052 3682 tractatoris
1065 3630 1226 3679 memoriolne
1239 3640 1373 3693 utcumque
1393 3643 1536 3678 succurrere
1555 3619 1686 3691 cupientis.
1702 3625 1750 3674 Vix
1761 3622 1830 3673 enim

470 3721 573 3770 dubium
586 3728 631 3776 est,
645 3717 706 3781 quin
719 3717 826 3780 primum
838 3713 1017 3763 existimaverit
1033 3713 1212 3775 Hieronymus,
1228 3713 1375 3762 versiculum
1391 3710 1564 3774 Confitcuutur
1575 3719 1622 3758 etc.
1638 3706 1715 3758 ternis
1733 3715 1831 3756 tantum

470 3803 566 3851 vicibus
578 3801 602 3848 in
624 3801 722 3863 psalmo
745 3798 790 3845 106
810 3795 955 3858 interponi,
977 3797 1025 3842 iam
1047 3809 1106 3842 vero
1126 3795 1278 3856 procedente
1299 3793 1420 3851 oratione,
1436 3802 1461 3842 et
1481 3791 1609 3840 nonnullis
1620 3790 1684 3840 sorte
1703 3805 1733 3838 ex
1746 3787 1776 3838 iis
1786 3788 1832 3852 qui

472 3885 608 3932 audiebant
619 3879 808 3936 reluctantibus,
822 3889 931 3926 erratum
953 3893 1024 3926 suum
1037 3878 1150 3925 modeste
1170 3875 1285 3925 correxit.
1310 3875 1430 3925 Breviarii
1450 3885 1535 3924 autem
1553 3871 1706 3938 compositor
1724 3871 1786 3920 haec
1805 3879 1832 3920 et

471 3975 553 4014 cetera
564 3967 777 4028 quae‘sequuntur
789 3958 882 4018 omisit,
896 3957 1046 4007 consuendis
1058 3959 1089 4006 ad
1102 3957 1213 4020 singulos
1234 3957 1369 4006 versiculos
1386 3955 1599 4005 adnotatiunculis
1617 3969 1686 4002 more
1702 3967 1747 4001 suo
1759 3949 1833 4000 unice

473 4047 591 4095 intentus.
694 4054 708 4104 3
720 4041 813 4101 aereas]
826 4042 845 4090 C
859 4039 919 4088 add.
933 4047 955 4088 et
968 4039 1143 4101 vertesserreos
1155 4037 1282 4101 curffrrgil.
1375 4053 1391 4098 4
1402 4037 1501 4102 quarto]
1513 4043 1635 4102 quattuor
1646 4036 1666 4084 B
1678 4053 1684 4094 ς
1697 4041 1786 4100 quater
1796 4034 1830 4084 A.

474 4142 487 4193 5
507 4132 535 4178 in
556 4127 701 4192 evangeliis]
714 4128 756 4184 G;
777 4122 853 4173 ceteri
870 4122 944 4171 codd.
959 4137 1009 4170 om.
1025 4122 1062 4168 iu.
1163 4119 1244 4180 Snus]
1257 4137 1306 4170 om.
1322 4121 1351 4169 ll.
1456 4119 1484 4168 18
1497 4121 1525 4168 iu
1543 4117 1659 4180 ieiuniis]
1680 4117 1787 4166 Pinser.
1801 4117 1832 4166 in

472 4213 572 4274 vr'giliis
582 4228 589 4269 ;
602 4211 645 4259 sed
659 4209 700 4257 ubi
713 4206 872 4257 scribendum
883 4213 935 4253 erat
945 4205 974 4252 in
983 4203 1147 4259 ciuuuruuiis,
1159 4202 1313 4266 antiquarius
1322 4203 1434 4252 chartam
1445 4217 1532 4266 puram
1542 4198 1651 4264 reliquit.
1719 4211 1752 4247 20
1762 4199 1833 4259 Quae

472 4293 537 4358 ergo,
550 4296 597 4358 qui
608 4308 663 4355 ergo
676 4295 698 4340 Α
709 4309 715 4348 ;
728 4307 789 4353 praue
800 4292 868 4338 errim
882 4291 907 4340 S.
1010 4301 1040 4352 23
1053 4291 1080 4337 iu
1093 4289 1188 4336 deserta
1199 4295 1222 4336 et
1234 4290 1262 4336 iu
1275 4283 1406 4352 r'nuquosa]
1424 4289 1453 4337 in
1464 4289 1555 4337 deserto
1565 4293 1588 4336 el
1600 4288 1628 4336 iri
1640 4287 1758 4349 inaquoso
1771 4284 1812 4332 BP
1826 4301 1833 4340 ς

475 4381 502 4427 iu
514 4381 605 4426 deserto
624 4381 648 4422 et
667 4375 786 4438 inaquoso
798 4375 845 4422 AG
858 4389 865 4432 5
878 4374 906 4421 in
919 4373 1011 4421 deserto
1023 4379 1045 4420 el
1056 4373 1178 4434 inaquosa
1191 4371 1216 4420 S.
1328 4371 1401 4432 sicca]
1413 4370 1502 4418 siccata
1515 4369 1544 4418 C.
1656 4381 1688 4430 24
1699 4365 1833 4432 efficimur]

473 4463 580 4525 efficitur
592 4461 620 4510 C.
723 4452 804 4512 irritor]
817 4459 834 4506 S
845 4475 851 4514 ;
864 4457 956 4504 humor
967 4455 1044 4504 ceteri
1056 4455 1130 4503 codd.
1234 4465 1262 4514 27
1276 4449 1348 4509 sicca]
1361 4456 1378 4502 S
1390 4471 1397 4512 ς
1409 4453 1498 4500 siccata
1510 4461 1556 4500 cet.
1572 4450 1646 4500 codd.

517 4635 534 4688 9
550 4635 611 4690 sqq.
633 4614 719 4672 Rom.
741 4631 784 4680 ιι,
806 4629 847 4682 17.
1224 4606 1266 4662 16.
1284 4601 1357 4682 urea]
1375 4603 1450 4662 lbid.
1470 4623 1495 4661 a.

523 4717 564 4773 ¹5·
582 4691 647 4772 triu]
664 4697 708 4751 l‘s.
726 4695 773 4763 ⁶2,
792 4711 817 4765 3.
1223 4706 1267 4756 ²4·
1284 4687 1315 4743 in
1325 4682 1453 4764 pruina]
1471 4687 1516 4744 Ps.
1537 4687 1602 4756 118,
1618 4687 1664 4760 83.
