4060 5498
560 407 816 468 TRACTATUS
848 410 905 466 DE
936 409 1103 468 PSALMO
1133 411 1216 470 XCI.
1525 413 1577 499 73

264 610 287 670 Ι
284 631 305 672 n
315 607 504 670 deeneleerdo
506 608 663 690 psalterio
673 608 758 690 [cum
768 608 902 691 candeo]
915 609 949 671 r'n
959 609 1094 672 citlemn.
1104 610 1191 687 Quia
1203 611 1368 674 delectasti
1378 633 1428 673 me
1441 610 1580 674 Domine

220 735 255 774 en
262 716 402 792 sectura
418 723 486 788 tun,
499 723 530 775 et
539 713 573 774 iu
594 713 739 793 operibns
755 735 913 776 trenunum
942 724 1075 776 tatarum
1100 715 1255 778 exultabo.
1280 716 1355 778 Hoc
1383 735 1448 778 non
1467 725 1578 797 potest

219 817 328 879 dicere
346 819 407 880 nisi
426 817 473 879 vir
489 817 647 892 eruditus,
664 818 794 898 quiscit
812 819 1023 899 providentia
1042 819 1106 881 Dei
1124 821 1388 901 unumquodque
1400 839 1472 881 esse
1489 839 1577 882 crea-

219 930 290 983 tum
306 944 313 998 ;
329 924 384 1003 qui
402 942 467 983 non
486 920 731 984 scandalizatur
746 943 767 984 a
782 931 954 986 creaturae
971 943 1070 1003 opera
1087 972 1094 998 ,
1120 924 1178 986 sed
1204 921 1403 1004 intellegens
1431 924 1577 1004 singula-

166 1049 181 1099 5
219 1045 415 1087 cumrerum
441 1027 614 1102 rationem,
630 1025 796 1105 glorificat
812 1034 996 1090 creatorem
1025 1035 1058 1088 et
1085 1027 1174 1101 dicit,
1200 1025 1288 1108 Quia
1319 1025 1495 1090 delectasti
1525 1047 1578 1090 me

221 1128 365 1190 Domine
382 1129 414 1191 in
437 1128 564 1191 iactura
581 1139 648 1205 tua,
664 1139 697 1193 et
715 1129 746 1191 iu
771 1130 929 1210 operibus
944 1149 1104 1194 manuum
1130 1143 1261 1193 tuarum
1290 1131 1461 1194 exultabo.
1487 1130 1577 1193 Audi

220 1232 426 1307 Manichaee,
438 1235 516 1297 audi
532 1232 693 1307 Marcion,
706 1232 895 1309 Valentine,
907 1242 940 1295 et
956 1235 1058 1296 ceteri
1071 1234 1237 1311 haeretici,
1253 1235 1310 1316 qui
1324 1234 1463 1297 creatori
1477 1235 1577 1298 aude·

218 1338 260 1399 tis
277 1338 460 1412 detrahere,
476 1346 509 1399 et
526 1337 636 1400 videte
654 1337 753 1418 quod,
771 1338 802 1398 in
820 1356 888 1418 quo
906 1358 963 1399 vos
987 1338 1184 1401 scandalum
1213 1339 1398 1420 patiemini,
1414 1338 1579 1420 propheta

218 1441 412 1518 delectatur,
427 1450 459 1504 et
476 1442 609 1504 exultat
637 1441 669 1502 in
687 1439 843 1523 operibus
860 1441 1034 1517 creatoris;
1050 1441 1159 1504 sciens
1176 1443 1265 1523 quod
1283 1442 1311 1504 si
1327 1442 1408 1523 quid
1426 1442 1579 1505 videatur

168 1571 200 1606 10
218 1565 289 1607 esse
317 1545 484 1620 vitiosum,
508 1565 575 1609 non
592 1565 635 1607 ex
653 1555 782 1622 natura,
799 1546 856 1608 sed
875 1565 919 1607 ex
936 1545 1109 1609 voluntate
1126 1545 1266 1609 venisse.

265 1648 372 1726 Quam
389 1649 601 1732 ereagm'ficata
617 1658 696 1711 sunt
709 1659 802 1730 opera
819 1658 877 1711 tua
892 1649 1054 1712 Domine:
1071 1649 1172 1712 nimis
1180 1648 1368 1731 profundae
1374 1651 1488 1730 sactae
1502 1661 1580 1713 sunt

217 1753 423 1836 cogitationes
445 1764 527 1818 tuae.
554 1753 654 1818 Unde
684 1762 717 1816 et
741 1751 918 1835 apostolus
946 1753 1070 1816 dicit:‘
1097 1752 1129 1817 Ο
1155 1753 1358 1834 profundum
1385 1754 1575 1817 divitiarum

218 1859 402 1940 sapientiae
418 1869 452 1922 et
467 1859 626 1922 scientiae
644 1858 707 1920 Dei
727 1857 752 1920 l’
774 1861 952 1938 Propterea
969 1877 1057 1938 erg0,
1074 1858 1151 1940 quia
1177 1857 1276 1919 nimis
1298 1858 1484 1939 profundae
1513 1859 1577 1922 sac·

217 1971 271 2024 tae
286 1972 363 2025 sunt
380 1963 603 2044 cogitationes
620 1970 705 2036 tuae,
722 1970 756 2024 et
772 1981 873 2042 opera
898 1961 968 2023 eius
986 1981 1071 2042 quae
1096 1980 1157 2024 uec
1182 1979 1300 2023 sensus
1327 1981 1387 2024 nec
1415 1963 1500 2025 ratio
1517 1963 1577 2024 hu·

167 2089 197 2143 ις
219 2066 469 2148 manaadsequi
487 2076 608 2147 potest,
624 2065 657 2128 in
685 2065 751 2128 alio
776 2065 850 2128 loco
873 2065 1014 2129 dicitur:
1041 2064 1189 2128 ‘Omnia
1213 2085 1315 2146 opera
1341 2075 1399 2128 tua
1427 2066 1459 2127 in
1483 2065 1577 2130 fide.'

218 2169 306 2233 Vide
317 2170 397 2252 quid
415 2170 513 2245 dicat,
530 2169 644 2251 Opera
661 2178 718 2232 tua
735 2169 767 2231 in
786 2168 860 2232 fide.
877 2169 913 2233 Si
931 2177 1083 2232 creatura
1099 2169 1131 2230 in
1159 2167 1225 2232 fide
1242 2178 1275 2231 et
1292 2189 1358 2232 non
1387 2170 1420 2232 in
1448 2169 1577 2233 ratione

216 2275 379 2349 consistit,
394 2285 521 2356 quanto
534 2274 641 2356 magis
658 2282 786 2337 creator
802 2274 874 2355 ipse
889 2283 924 2336 et
940 2274 1094 2338 conditor
1118 2274 1269 2337 omnium
1287 2280 1301 2336 t
1327 2273 1473 2356 Quando
1497 2294 1577 2356 ergo

217 2378 349 2456 dicitur,
361 2379 405 2441 Et
422 2379 535 2442 omnia
550 2397 651 2459 opera
668 2387 727 2440 tua
741 2379 773 2440 in
792 2377 866 2454 fide,
879 2387 912 2441 et
928 2398 991 2459 ego
1009 2379 1080 2460 ipse
1095 2379 1152 2460 qui
1170 2378 1289 2460 loquor
1305 2376 1417 2442 infide
1433 2399 1506 2442 sum
1522 2401 1528 2441 :
1548 2379 1576 2441 si

217 2483 352 2563 quidem
371 2503 446 2565 pars
463 2501 601 2565 operum
618 2483 690 2544 eius
706 2501 789 2546 sum.
808 2482 851 2544 Et
867 2502 930 2564 ego
947 2481 1059 2545 infide
1075 2491 1107 2548 et
1125 2502 1190 2546 nou
1210 2482 1242 2546 in
1260 2483 1389 2547 ratione
1405 2484 1576 2546 consisto:

164 2571 199 2648 26
218 2607 284 2650 uon
302 2588 391 2650 enim
409 2607 545 2668 possum
572 2586 655 2648 scire
671 2586 834 2648 rationem
863 2587 1036 2668 quomodo
1063 2606 1195 2668 gressus
1223 2607 1385 2663 moveam,
1406 2587 1577 2668 quomodo

218 2691 332 2773 lingua
345 2701 450 2765 sonet,
466 2689 637 2772 quomodo
661 2690 823 2770 cogitatio
839 2691 1006 2772 disponat,
1034 2691 1190 2753 voluntas
1218 2692 1368 2772 imperet,
1395 2699 1428 2753 et
1456 2710 1576 2771 corpus

218 2796 338 2858 serviat
363 2795 538 2870 voluntati,
568 2793 739 2876 quomodo
773 2794 884 2856 anima
909 2815 995 2876 quae
1022 2795 1211 2858 inmortalis
1242 2804 1293 2857 est
1318 2795 1474 2874 iungatur
1500 2793 1577 2856 huic

218 2901 347 2981 corpori
371 2898 461 2980 quod
491 2897 630 2960 mortale
654 2908 714 2974 est,
740 2899 912 2979 quomodo
928 2898 1040 2961 anima
1058 2918 1131 2961 mea
1155 2899 1220 2960 huc
1237 2898 1380 2979 illucque
1405 2898 1577 2972 discurrat,

218 3015 251 3067 et
267 3024 335 3066 rem
360 3023 446 3086 quae
473 3021 611 3084 corpore
638 3002 934 3081 comprehenditur
952 3003 1068 3066 mundi
1086 3002 1143 3064 illa
1159 3001 1303 3066 latitudo
1327 3021 1394 3064 non
1412 3001 1533 3083 capiat.

166 3133 198 3186 ²5
264 3107 339 3171 Hoc
356 3115 465 3171 totum
483 3125 585 3187 quare
602 3106 700 3167 dico?
717 3103 806 3186 Quia
823 3105 935 3168 audivi
953 3107 1039 3170 inter
1056 3105 1173 3170 iratres
1190 3106 1453 3180 contentionem,
1474 3105 1578 3167 immo

218 3211 481 3293 disputationem
498 3209 599 3272 suisse
616 3206 726 3272 fidem.
746 3208 1021 3290 Disputationem
1039 3210 1125 3286 dico,
1141 3229 1207 3272 non
1225 3209 1473 3274 contentionem
1491 3232 1497 3271 :
1521 3207 1575 3272 ubi

218 3315 306 3378 enim
323 3315 570 3390 contentioest,
587 3313 632 3374 ibi
657 3322 854 3393 peccatum:
883 3313 938 3376 ubi
967 3323 1079 3376 autem
1111 3313 1306 3395 disputatio
1333 3313 1378 3376 ibi
1406 3313 1498 3394 pium
1527 3324 1577 3374 est

218 3418 377 3480 scientiae
393 3417 604 3480 desiderium.
633 3416 710 3479 Non
740 3417 828 3478 enim
853 3416 1036 3497 quaerebat
1065 3417 1294 3498 unusquisque
1326 3416 1466 3497 probare
1491 3437 1577 3498 quae

254 3595 431 3660 tdecaclordo]
442 3595 571 3644 decacorde
584 3596 614 3643 L.
715 3612 770 3643 cum
783 3597 947 3661 carrlico]om.
965 3596 993 3644 L.
1096 3597 1135 3662 r'n]
1146 3611 1211 3644 corr.
1225 3612 1255 3645 ex
1267 3611 1323 3643 cunt
1334 3597 1362 3643 L.
1466 3596 1579 3657 3d1'eere]

218 3686 311 3742 poster.
335 3695 366 3725 m.
390 3693 453 3726 corr.
476 3693 507 3726 ex
518 3678 576 3725 dici.
678 3682 787 3742 4epera]
803 3686 890 3726 mutat.
905 3686 993 3740 postea
1005 3677 1030 3725 in
1042 3678 1162 3740 operibns.
1264 3677 1278 3725 8
1286 3677 1434 3740 patienu'ni]
1442 3677 1580 3739 patiemini

219 3761 247 3808 L.
273 3759 393 3808 Litteratn
414 3775 434 3818 e,
456 3759 515 3807 licet
536 3758 698 3822 superfluam,
720 3759 761 3808 hic
779 3761 928 3808 servandam
948 3760 1017 3818 duxi,
1039 3775 1096 3808 curu
1116 3759 1240 3808 eiusmodi
1261 3759 1365 3808 vitiosae
1388 3757 1507 3807 dictionis
1530 3758 1579 3806 alia

218 3842 311 3905 passim
323 3841 467 3890 adferantur
479 3841 602 3904 exempla.
704 3852 769 3904 9sq.
789 3843 867 3890 sciens
886 3842 979 3904 qued...
1002 3858 1024 3890 v.
1032 3841 1108 3902 nisse]
1131 3843 1245 3890 Alterum
1264 3841 1366 3890 huiusce
1385 3839 1580 3890 constructionis

217 3924 345 3988 specimen
358 3923 436 3972 habes
447 3939 523 3986 supra
534 3923 575 3984 67,
593 3921 622 3970 16
634 3939 689 3986 sqq.
761 3936 790 3971 10
801 3925 844 3972 sed
852 3927 892 3988 ex]
906 3940 950 3972 ms.
966 3939 1009 3971 sex
1019 3939 1059 3976 ex,
1139 3924 1343 3987 recogitationes]
1354 3938 1379 3972 es
1391 3940 1420 3971 ex
1434 3923 1455 3971 is
1466 3939 1531 3971 corr.
1549 3923 1576 3970 L.

220 4019 250 4067 14
261 4005 334 4069 piene]
344 4006 433 4065 codex,
448 4005 553 4054 sortasse
565 4021 595 4054 ex
607 4005 757 4054 abundanti.
858 4019 886 4054 21
901 4006 980 4067 sonet]
992 4015 1065 4054 sonat
1078 4007 1108 4054 L.
1216 4018 1246 4068 23
1258 4004 1371 4062 neertalel
1390 4021 1401 4054 e
1413 4022 1443 4054 ex
1458 4006 1479 4053 is
1491 4015 1578 4068 postea

218 4104 282 4137 corr.
360 4101 392 4149 24
403 4092 466 4152 rem]
478 4103 516 4137 res
527 4103 573 4136 ms.
655 4088 686 4136 26
695 4087 850 4151 fidem]1m.
865 4104 931 4138 corr.
946 4105 975 4137 ex
980 4087 1063 4151 finem
1079 4089 1106 4136 L.
1177 4086 1257 4151 eosq,
1272 4091 1530 4152 roretent.]centempt.
1547 4087 1576 4136 L.

219 4169 251 4219 28
263 4171 343 4233 enim]
355 4171 366 4218 i
376 4186 429 4218 exe
444 4183 453 4218 1
469 4186 502 4218 m.
517 4186 580 4219 corr.

265 4330 308 4386 13.
331 4308 405 4390 Dei]
422 4313 512 4371 Rom.
534 4332 577 4384 11,
596 4331 641 4387 33.
927 4314 1040 4372 Be‘ned.
1057 4313 1178 4384 XVlIl,
1197 4330 1223 4387 p.
1243 4329 1310 4388 254,
1324 4314 1341 4370 l.
1360 4311 1578 4389 11):‘Lauda-

266 4408 308 4467 15.
333 4393 364 4450 in
372 4390 445 4473 fide]
463 4395 509 4451 Ps.
530 4413 577 4469 32,
594 4413 620 4466 4.
927 4413 993 4453 mus
1002 4394 1128 4470 quidem
1139 4393 1272 4454 studium
1284 4396 1481 4468 vestrum,sed
1495 4397 1578 4455 nolu-

264 4477 309 4532 28.
331 4475 464 4533 scientiae
498 4472 685 4555 deridentem]
718 4475 875 4536 Consonat
927 4494 993 4534 mus
1004 4473 1314 4547 essecontentiosum;
1330 4475 1486 4536 contentio
1497 4477 1577 4536 enim

222 4553 358 4614 Evodius
373 4555 531 4616 Uzalensis
555 4555 584 4614 in
612 4556 747 4631 Epistula
763 4557 802 4614 ad
817 4557 875 4614 Va·
928 4555 1185 4632 perturbationem
1202 4556 1321 4630 excitat,
1338 4557 1472 4618 studium
1489 4558 1579 4634 pieta·

220 4635 370 4698 lentinum
390 4656 483 4713 quam
500 4655 594 4714 nuper
609 4637 760 4697 edidimus
783 4637 872 4710 (Rev.
927 4647 988 4697 tem
1004 4636 1126 4714 requirit
1136 4639 1151 4696 ’.

252 4763 363 4806 anecdota
375 4763 529 4806 timaouns
542 4752 585 4813 ni,
596 4779 613 4816 3.
