4060 5498
539 424 793 485 TRACTATUS
825 424 882 482 DE
912 425 1081 486 PSALMO
1109 426 1211 488 XCII.
1507 439 1561 523 79

206 625 284 704 quia
300 643 361 688 nec
374 624 573 704 principium
591 623 701 686 habet.
713 621 1026 706 Quotienscumque
1043 624 1180 700 dixeris,
1200 645 1244 688 ex
1268 634 1358 704 tunc,
1375 649 1558 713 numquam

205 725 318 790 delicit
334 737 477 809 tempus,
493 729 550 789 sed
577 726 640 789 sub
660 727 788 789 incerto
805 727 972 807 relinquis.
992 727 1081 810 Quia
1107 747 1183 790 curn
1209 729 1347 808 dixeris,
1371 743 1459 810 tunc,
1481 758 1561 801 con-

205 831 295 893 venit
312 843 349 893 ut
365 831 599 912 interrogeris:
617 829 789 912 Quando?
806 829 912 892 Vides
929 851 1010 912 ergo
1026 832 1115 914 quod
1133 851 1244 896 sermo
1261 837 1477 916 propheticus
1489 842 1561 906 sine

205 935 400 999 delinitione
417 937 545 1017 positus
562 944 622 1012 est,
638 955 737 1018 quem
755 936 864 998 cernis
881 937 1003 999 habere
1020 937 1330 1019 interrogationem.
1358 939 1412 1002 Ex
1437 951 1519 1007 tunc
1542 968 1562 1009 a

155 1068 168 1118 5
205 1040 341 1104 saeculo
355 1051 390 1103 tu
408 1061 451 1103 es.
469 1039 612 1103 Pulchre
627 1040 726 1114 dixit,
742 1051 778 1102 tu
795 1059 830 1102 es
845 1060 852 1116 ;
870 1060 936 1103 non
954 1041 1051 1119 dixit,
1067 1063 1088 1105 a
1111 1043 1245 1106 saeculo
1267 1052 1304 1105 tu
1326 1046 1477 1127 coepisti,
1493 1052 1562 1128 sed,

205 1165 223 1206 a
240 1145 376 1209 saeculo
391 1153 427 1206 tu
444 1163 489 1207 es.
502 1144 555 1205 Tu
571 1163 607 1206 es
623 1144 679 1225 qui
697 1163 829 1224 semper
856 1163 901 1221 es,
925 1145 981 1226 qui
1009 1145 1126 1208 dixisti
1143 1148 1186 1208 ad
1204 1146 1347 1228 Moysen
1364 1171 1370 1211 :
1387 1150 1513 1229 ‘Vade,
1529 1161 1561 1216 et

205 1249 258 1311 dic
275 1247 351 1310 filiis
370 1248 470 1311 lsrael
486 1272 494 1312 :
511 1246 577 1329 Qui
594 1259 655 1324 est,
670 1247 760 1311 misit
778 1267 831 1310 me
847 1249 890 1310 ad
908 1268 967 1311 vos
980 1247 996 1312 '.

249 1349 626 1433 Elenuoeruutstnminn
642 1351 791 1428 Domine,
805 1351 1015 1415 elevaverunt
1025 1373 1113 1415 voces
1127 1373 1214 1433 snos,
1226 1377 1247 1419 a
1259 1359 1388 1423 vocibus
1396 1382 1561 1444 operarum

204 1457 394 1532 nautarum,
411 1455 576 1521 mirabiles
585 1457 738 1519 elationes
750 1457 861 1520 rnnris.
880 1457 972 1540 Quot
989 1458 1099 1536 verba,
1116 1468 1167 1522 tot
1183 1480 1301 1526 sensus
1315 1489 1322 1528 :
1336 1475 1429 1548 ,quot
1458 1471 1559 1532 versi·

157 1590 186 1623 ιο
204 1562 280 1638 culi,
297 1572 346 1625 tot
362 1574 580 1626 sacramenta.
600 1563 824 1625 Elevaverunt
841 1562 980 1625 flumina
996 1583 1094 1626 voces
1120 1584 1203 1628 suas.
1231 1567 1307 1630 Hoc
1332 1579 1383 1632 est
1411 1573 1500 1652 quod
1526 1574 1559 1637 in

205 1666 271 1729 alio
289 1665 362 1729 loco
377 1666 498 1729 dicitur
513 1691 519 1729 :
536 1673 543 1697 ⁴
562 1666 726 1729 Fluminis
743 1667 889 1747 impetus
907 1665 1064 1730 laetificat
1080 1667 1251 1733 civitatem
1270 1671 1335 1735 Dei
1348 1672 1364 1737 '.
1382 1673 1426 1738 Et
1443 1676 1476 1738 in
1494 1676 1561 1740 alio

205 1769 299 1834 loco:
315 1775 322 1801 ‘
338 1770 492 1833 Flumina
509 1771 669 1851 plaudent
687 1770 840 1833 manibus
858 1772 890 1833 in
915 1770 1060 1851 idipsum
1074 1769 1089 1835 '.
1114 1772 1271 1837 Flumina
1301 1776 1381 1839 mihi
1406 1780 1562 1844 videntur

204 1895 277 1936 esse
293 1895 379 1956 quae
396 1874 534 1956 irrigant
551 1875 741 1937 universum
766 1874 891 1950 orbern,
908 1875 1114 1956 apostolicae
1130 1886 1163 1940 et
1179 1880 1396 1962 propheticae
1415 1884 1561 1966 diguita-

205 1990 263 2043 tes.
282 1978 506 2042 Elevaverunt
523 1977 661 2041 flumina
675 1999 772 2042 voces
788 1998 875 2042 suas.
895 1979 1047 2042 Laudem
1064 1989 1098 2042 et
1115 1980 1254 2062 gloriam
1273 1983 1412 2047 Domini
1431 1990 1561 2067 praedi·

156 2107 184 2157 13
204 2093 328 2159 cantes,
344 2102 402 2165 per
418 2093 526 2147 toturn
543 2083 656 2146 orbern
674 2083 744 2145 eius
768 2083 891 2145 iudicia
914 2084 1162 2148 annuntiantes.
1189 2090 1195 2117 ¹
1213 2085 1252 2148 In
1277 2107 1413 2152 omnem
1438 2099 1559 2155 terram

204 2190 309 2254 exivit
335 2209 436 2252 sonus
463 2209 588 2265 eorum,
613 2197 646 2252 et
671 2189 704 2252 in
733 2188 814 2252 lines
842 2189 932 2253 orbis
960 2198 1068 2252 terrae
1095 2190 1197 2254 verba
1213 2191 1354 2255 eorum’.
1373 2193 1404 2256 A
1423 2195 1562 2260 vocibus

205 2315 365 2378 aquarum
385 2293 573 2359 multarum.
591 2295 701 2356 Voces
717 2313 879 2376 aquarum
898 2292 1076 2356 multarum
1095 2295 1157 2357 tria
1174 2295 1272 2358 nobis
1289 2298 1450 2377 mysteria
1467 2321 1560 2381 prae-

205 2402 373 2464 stiterunt.
388 2399 575 2461 Videamus
591 2417 678 2480 quae
694 2407 771 2460 sunt
788 2398 860 2479 ipsa
877 2399 1046 2478 mysteria.
1062 2399 1092 2460 Α
1113 2397 1241 2462 vocibus
1256 2421 1419 2480 aquarum
1441 2405 1560 2468 multa·

207 2527 291 2582 mern,
306 2503 474 2566 nrirrrbiles
488 2503 639 2567 elationes
655 2503 768 2577 enoris,
784 2501 947 2564 nu‘robilis
963 2501 997 2564 in
1012 2503 1143 2564 excelsis
1157 2503 1346 2567 Dominus:
1374 2507 1562 2573 testimonio

152 2639 188 2673 20
206 2621 264 2671 tua
279 2607 550 2686 credibiliafncta
565 2616 644 2668 sunt
659 2605 767 2669 nimis.
785 2605 821 2669 Si
840 2625 931 2668 mare
949 2605 1089 2687 mystice
1105 2605 1330 2688 intellegimus
1359 2609 1421 2672 hoc
1443 2631 1557 2675 saecu·

207 2715 317 2777 lum...
335 2731 485 2775 amarum
502 2718 553 2774 est
568 2709 659 2773 enirn
685 2719 718 2772 et
744 2708 1004 2789 tempestatibus
1031 2709 1178 2790 plenum,
1205 2711 1237 2772 in
1265 2731 1333 2792 quo
1361 2714 1558 2795 navigantes

205 2819 419 2884 considerant
435 2816 541 2879 multa
560 2813 696 2877 Domini
715 2813 886 2877 mirabilia.
905 2813 1045 2894 Propter
1060 2815 1149 2895 quod
1168 2813 1267 2876 dicit:
1295 2815 1466 2878 Mirabiles
1493 2819 1560 2883 ela-

205 2925 315 2987 tiones
331 2921 439 2984 maris.
466 2918 593 2983 Multos
620 2917 709 2980 enirn
739 2917 892 2979 videmus
917 2918 1015 2980 undis
1048 2917 1256 2980 tumentibus
1280 2917 1430 2982 elevatos
1446 2923 1560 2987 subito

205 3025 389 3091 corruisse:
406 3024 489 3086 alios
511 3043 589 3087 vero
606 3019 758 3084 videmus
774 3020 931 3083 fluctibus
948 3041 1127 3103 oppressos
1144 3041 1274 3086 rursum
1291 3023 1333 3084 ad
1351 3021 1471 3087 altiora
1488 3045 1557 3089 sus-

151 3165 185 3214 23
205 3131 286 3195 tolli.
305 3129 395 3191 Nihil
424 3128 513 3189 enirn
541 3128 574 3190 in
600 3127 664 3190 lroc
692 3125 826 3189 saeculo
854 3124 995 3202 firmum,
1019 3125 1101 3186 nihil
1133 3125 1254 3189 stabile
1281 3127 1457 3192 invenitur.
1490 3130 1561 3195 Ubi

203 3233 484 3315 tranquillitatem
498 3230 675 3312 putaveris,
687 3231 731 3292 ibi
744 3227 955 3310 naufragium
967 3237 1034 3292 est:
1046 3228 1102 3291 ubi
1115 3229 1236 3310 quietis
1248 3228 1349 3292 iacies
1362 3233 1562 3314 ostenditur,

239 3437 249 3471 1
263 3418 369 3480 dixeris]
381 3421 433 3468 Lu
445 3437 451 3476 ;
463 3420 559 3467 dixerit
570 3417 626 3466 OV.
728 3415 846 3480 adeficu]
857 3421 946 3478 postea
957 3421 1046 3463 mutat.
1057 3413 1082 3462 in
1091 3413 1181 3477 duisels
1191 3415 1228 3463 Μ.
1329 3419 1466 3488 relinquis]
1474 3423 1562 3488 scripsi

202 3525 233 3557 ex
246 3505 390 3555 coniectura
402 3520 408 3561 ;
421 3503 545 3566 relinquit
556 3501 589 3560 V,
603 3501 627 3549 O
640 3515 710 3563 marg
720 3517 728 3558 ;
740 3499 886 3562 relinqueres
899 3496 960 3555 Lu,
975 3496 1036 3546 Oin
1049 3504 1127 3546 textu.
1142 3496 1216 3546 Coni.
1230 3513 1305 3562 supra
1314 3509 1353 3560 77,
1368 3513 1396 3564 15
1407 3505 1563 3567 resplendens

202 3603 250 3654 pm
272 3585 417 3650 appendet,
517 3581 694 3646 32111supp1.
719 3597 774 3645 sup.
797 3581 895 3630 lin.O.
997 3575 1171 3643 interrogeris]
1189 3580 1325 3642 interroges
1343 3581 1373 3629 V.
1482 3587 1563 3647 Vides]

210 3673 309 3723 Videris
321 3672 351 3720 L.
452 3682 468 3729 4
476 3668 574 3731 positus
584 3663 629 3725 est]
644 3663 693 3712 LM
706 3680 713 3722 3
725 3669 760 3710 est
768 3670 818 3726 pos.
835 3663 890 3710 OV.
994 3671 1008 3723 5
1022 3661 1131 3709 Pulchre
1142 3661 1241 3710 dixit...
1255 3662 1299 3709 sed
1307 3678 1323 3710 a
1334 3663 1432 3712 saeculo
1443 3670 1472 3712 tu
1481 3669 1516 3729 es]
1525 3665 1561 3724 1.;

204 3773 255 3806 om·
270 3755 353 3804 MOV.
455 3749 529 3814 gqm·
538 3755 633 3811 mnpor
643 3743 677 3805 ις]
690 3745 768 3794 MOV
780 3763 786 3804 ;
799 3761 849 3793 om.
866 3744 896 3793 L.
997 3743 1563 3808 8suas1Linser.Eleunbuutfluminavoces

202 3855 271 3898 suas,
284 3837 389 3886 tortasse
411 3849 456 3898 pro
479 3832 569 3886 dectus
586 3845 650 3888 suos,
666 3835 691 3877 ut
712 3827 737 3876 in
759 3827 824 3877 Cod.
847 3825 1021 3876 Alexandrino
1042 3842 1148 3893 αρουσιν
1161 3842 1185 3874 or
1196 3825 1560 3894 ποταμοιεπιτριψιςαυτων.

206 3915 437 3980 10.14n0cessuus]
450 3915 638 3972 Lconstanter,
651 3911 721 3960 iuxta
732 3925 769 3974 gr.
781 3907 868 3977 φωνὰς
881 3903 967 3958 αὐτῶν
978 3925 985 3966 i
998 3923 1077 3956 vimi*
1089 3925 1161 3956 mam
1176 3907 1263 3956 Μον-
1359 3920 1388 3955 ¹⁰
1399 3909 1444 3969 isi]
1456 3925 1505 3958 ⁰¹¹¹·
1522 3911 1559 3959 M·

207 4015 237 4052 12
250 4002 278 4050 in
290 3998 412 4064 idipsum]
426 3997 447 4045 L
459 4003 483 4045 et
497 3996 574 4044 Psalt.
588 3995 662 4043 Rom.
682 3993 752 4042 iuxta
770 4009 807 4056 gr.
823 3986 866 4042 ἐπὶ
877 3988 908 4040 τὸ
919 3986 1002 4046 ἀυτό;
1020 3991 1101 4039 simul
1121 3990 1207 4039 MOV.
1308 3990 1441 4052 violentur]
1461 3992 1563 4041 videtur

205 4085 237 4132 v,
342 4076 529 4143 13dignitates]
541 4077 580 4126 Ci.
595 4075 709 4134 Goelzer,
722 4091 746 4138 p.
758 4071 1031 4136 3953d1'g’11'la52'50V·
1136 4069 1312 4134 ISP‘Yiiil‘r
1320 4072 1357 4120 M·
1459 4089 1561 4122 ‘'nimi''

203 4163 308 4224 tiantes]
320 4161 469 4210 nunciantes
482 4161 519 4211 M.
623 4159 652 4208 16
663 4157 755 4218 exivit]
768 4157 818 4205 LM
830 4173 838 4215 ς
849 4156 914 4204 exiit
926 4154 982 4204 OV.
1076 4165 1105 4213 19
1117 4153 1145 4200 in
1154 4152 1266 4213 excelsis]
1275 4153 1332 4212 OV,
1345 4154 1400 4203 Lin
1411 4171 1489 4218 marg.
1504 4168 1558 4205 tm.

204 4263 269 4296 corr.
284 4245 355 4294 exin
368 4243 446 4301 αἰτίη
459 4243 489 4291 in
500 4242 560 4290 altis
572 4241 631 4291 ilern
646 4241 682 4289 M.
699 4239 740 4290 Ci.
755 4254 812 4303 pag·
826 4253 892 4302 sequ
906 4238 950 4286 lin·
966 4251 989 4296 4·
1091 4247 1123 4282 ²⁰
1134 4235 1164 4282 Si
1176 4234 1255 4294 mari]
1274 4250 1362 4285 ⁰m¹¹⁸⁵
1373 4237 1461 4295 ⁶⁰dd'⁹
1474 4253 1562 4287 ”¹⁸⁰¹

203 4341 232 4380 ut
244 4336 321 4380 recte.
422 4323 600 4388 intellegimus]
621 4323 659 4382 L,
680 4321 840 4384 intellegitur
860 4319 946 4368 MOV.
1048 4329 1080 4376 24
1098 4316 1230 4380 oppressos}
1252 4331 1316 4366 corr.
1343 4335 1374 4368 ex
1396 4325 1506 4384 oppresus
1529 4321 1559 4368 V.

204 4414 237 4463 26
248 4411 352 4478 quietis]
363 4409 444 4476 quitis
455 4409 486 4457 V.

249 4603 274 4658 7.
290 4583 332 4640 ad
340 4577 400 4660 uos]
415 4580 508 4638 Ernd.
526 4599 551 4652 3,
571 4597 613 4646 14.
954 4589 987 4626 12
1015 4570 1047 4626 in
1063 4566 1200 4650 idipsum]
1214 4570 1259 4625 Ps.
1278 4586 1324 4642 97,
1342 4572 1368 4627 8,

252 4686 295 4724 11.
311 4660 386 4742 Dei]
404 4665 448 4720 PS.
467 4677 514 4735 45,
535 4677 559 4735 5.
955 4654 997 4709 16.
1014 4647 1124 4730 cortem]
1145 4655 1188 4710 Ps.
1209 4653 1251 4720 18,
1270 4669 1295 4724 5.
