4062 5504
703 422 750 481 ru
773 421 934 480 sssrnu
956 422 1011 492 vr,
1037 437 1091 494 η.
1496 423 1571 508 117

214 619 360 684 sanctior
385 619 437 687 sit.
458 619 576 703 Neque
606 621 696 684 enirn
722 620 877 683 novimus
903 619 959 702 qui
979 617 1182 700 Archangeli
1212 618 1333 701 quibus
1349 615 1572 697 Archangelis

214 725 397 789 sanctiores
421 726 496 800 sint,
512 745 572 789 nec
601 726 657 807 qui
685 724 809 806 Angeli
826 725 947 807 quibus
969 723 1111 805 Angelis
1131 723 1306 786 videantur
1322 740 1395 784 esse
1412 719 1573 783 meliores.

214 816 338 892 ‘Stella
355 828 399 892 ab
411 829 508 892 stella
518 827 628 892 differt
640 830 672 892 iu
687 828 839 892 claritate
850 829 865 891 '.
880 828 973 911 Quas
988 828 1093 890 oculis
1108 825 1388 908 contemplantes,
1398 843 1574 906 possumus

214 933 359 996 iudicare
374 953 460 1015 quae
473 933 569 996 stella
582 953 647 1015 qua
660 932 756 996 stella
771 932 876 996 maior
886 933 928 994 sit
944 955 951 1012 ;
965 931 1008 994 de
1023 929 1163 1010 Angelis
1176 939 1288 994 autem
1300 948 1383 1011 quos
1398 947 1464 990 non
1479 928 1569 990 vide·

178 1055 195 1106 5
215 1056 288 1100 mus
300 1047 334 1100 et
344 1037 576 1118 Archangelis,
590 1037 843 1117 Principatibus,
859 1033 1005 1098 Thronis
1021 1047 1053 1098 et
1066 1034 1372 1109 Dominationibus,
1382 1032 1575 1096 Virtutibus

213 1141 496 1216 etPotestatibus,
510 1142 598 1204 etde
614 1141 688 1203 aliis
705 1139 895 1203 ministeriis
915 1138 1119 1220 spiritalibus
1136 1139 1282 1202 iudicare
1298 1159 1363 1202 non
1378 1158 1554 1221 possumus
1568 1159 1575 1216 ;

213 1245 293 1325 quia
317 1244 451 1307 inlerior
475 1244 698 1327 humiliorque
722 1253 840 1307 natura
863 1244 905 1306 de
929 1243 1119 1306 melioribus
1136 1263 1171 1305 se
1188 1262 1254 1305 non
1273 1251 1384 1324 potest
1402 1241 1486 1305 ierre
1503 1262 1574 1305 sen-

213 1347 365 1424 tentiam,
381 1357 417 1411 ut
432 1350 521 1411 dicat
537 1371 544 1410 ι
560 1347 615 1410 ille
632 1347 784 1428 Angelus
804 1346 861 1409 illo
883 1345 1017 1428 Angelo
1035 1346 1152 1409 melior
1172 1357 1231 1420 est,
1253 1355 1285 1409 et
1301 1347 1367 1409 ista
1379 1345 1576 1408 Dominatio

213 1461 247 1514 et
264 1452 417 1516 Potestas
432 1462 466 1516 et
482 1452 598 1516 Virtus
615 1451 669 1513 illa
692 1449 935 1512 Dominatione
954 1459 988 1513 et
1010 1449 1183 1514 Potestate
1203 1460 1235 1513 et
1250 1449 1385 1513 Virtute
1403 1449 1576 1512 sublimior

161 1577 196 1614 ro
213 1565 276 1619 est.
299 1555 400 1638 Quod
425 1556 589 1638 Origenes
613 1556 655 1618 de
684 1554 847 1635 Seraphin
867 1555 1027 1618 audacter
1042 1554 1239 1635 pronuntiat
1254 1554 1378 1630 dicens,
1393 1553 1483 1634 quod
1513 1557 1519 1584 ¹
1539 1553 1572 1615 in

215 1659 367 1741 hisquae
383 1670 500 1724 sancta
515 1669 602 1736 sunt,
619 1660 700 1722 nihil
724 1659 887 1740 Seraphin
911 1660 1060 1723 sanctius
1076 1659 1147 1723 sit.’
1172 1659 1315 1722 Dicente
1330 1668 1443 1722 autem
1463 1656 1573 1720 David

215 1761 303 1844 ‘Qui
319 1763 406 1844 regis
424 1763 550 1826 Israhel
568 1763 714 1841 intende,
729 1763 785 1844 qui
803 1762 941 1825 deducis
960 1762 1044 1826 sicut
1060 1782 1139 1825 oves
1155 1761 1287 1844 loseph,
1297 1763 1354 1844 qui
1366 1763 1463 1824 sedes
1473 1781 1572 1844 super

216 1863 383 1930 Cherubin
411 1865 623 1930 manifestare
634 1866 652 1943 ³,
679 1875 822 1948 putasne
852 1866 972 1948 aliquis
1005 1875 1155 1930 nostrum
1192 1867 1276 1929 scire
1311 1875 1432 1948 potest,
1462 1876 1572 1930 utrum

216 1969 383 2034 Cherubin
401 1971 568 2034 sanctiora
584 1971 650 2034 sint
674 1989 773 2053 quam
792 1968 966 2050 Seraphin,
982 1990 1058 2033 cum
1075 1979 1109 2034 et
1129 1969 1185 2033 illa
1202 1971 1268 2034 sint
1289 1983 1414 2049 sancta,
1430 1981 1463 2033 et
1481 1971 1574 2034 Dens

161 2096 194 2149 ις
215 2072 305 2137 solus
328 2082 359 2136 et
384 2074 430 2136 hii
455 2075 578 2156 quibus
601 2076 672 2158 ipse
700 2073 845 2137 revelare
869 2075 1026 2156 dignatur
1051 2075 1198 2138 habeant
1222 2075 1320 2138 huius
1346 2077 1390 2138 rei
1408 2077 1575 2153 notitiam,

216 2199 301 2262 quae
324 2180 445 2260 quibus
468 2181 635 2245 sanctiora
652 2183 742 2244 sint?
759 2181 848 2244 Nam
866 2191 899 2243 et
916 2181 1059 2262 apostoli
1077 2201 1151 2244 cum
1170 2183 1362 2264 ignorarent
1381 2199 1571 2243 mensuram

216 2303 321 2361 suam,
336 2293 369 2347 et
394 2287 560 2348 nescirent
588 2285 662 2366 quis
690 2305 759 2367 quo
786 2287 892 2349 maior
908 2296 1004 2360 esset,
1020 2286 1193 2350 diiudicati
1211 2296 1288 2349 sunt
1304 2307 1322 2348 a
1341 2286 1490 2348 Domino
1506 2306 1513 2363 ;
1539 2293 1574 2348 et

216 2387 263 2450 ita
280 2389 378 2452 Petro
394 2389 493 2452 datus
509 2399 558 2452 est
576 2389 792 2471 principatus,
807 2400 844 2453 ut
866 2390 1202 2471 unusquisquesuum
1213 2391 1365 2453 ordinem
1377 2392 1572 2472 possideret.

219 2491 265 2555 Et
289 2492 398 2555 David
427 2493 537 2556 canit:
562 2493 734 2556 ‘Domine
769 2495 918 2576 probasti
943 2513 997 2557 me
1027 2503 1061 2557 et
1087 2495 1273 2575 cognovisti
1306 2494 1388 2559 me.'
1416 2494 1452 2559 Si
1484 2495 1572 2556 enim

158 2619 197 2656 20
217 2599 335 2658 ‘nemo
351 2597 444 2660 novit
460 2598 633 2661 hominum
651 2619 690 2661 ea
707 2619 793 2680 quae
808 2607 887 2662 sunt
908 2601 940 2661 in
963 2599 1108 2676 homine,
1124 2601 1188 2662 nisi
1205 2600 1340 2680 spiritus
1356 2598 1500 2662 hominis
1516 2598 1572 2679 qui

217 2697 251 2760 in
277 2718 318 2761 eo
342 2710 393 2763 est
405 2700 421 2777 ',
445 2721 511 2783 qua
537 2702 725 2765 temeritate
746 2701 911 2784 Origenes
928 2723 1028 2764 ausus
1044 2712 1094 2766 est
1110 2703 1220 2766 dicere
1236 2723 1272 2765 se
1289 2723 1396 2778 nosse,
1409 2702 1487 2783 quid
1506 2720 1573 2784 quo

217 2803 250 2866 in
262 2802 461 2866 caelestibus
473 2806 727 2882 sanctiussit,et
739 2806 828 2888 quod
842 2805 964 2869 nihilei
976 2806 1140 2888 Seraphin
1157 2807 1387 2869 sanctiusesse
1399 2807 1574 2868 videatur?

218 2904 304 2987 Quis
320 2907 366 2968 illi
383 2907 480 2970 huius
497 2909 623 2972 arbitrii
640 2909 779 2973 tradidit
795 2918 1008 2991 potestatem,
1020 2920 1056 2973 ut
1077 2910 1163 2973 inter
1175 2910 1345 2974 Cherubin
1362 2919 1396 2972 et
1409 2907 1572 2988 Seraphin

217 3010 401 3073 diiudicet?
428 3011 571 3074 Dicente
592 3022 704 3076 autem
732 3012 948 3076 Hiezcchihel
976 3014 1018 3076 de
1047 3014 1215 3078 Cherubin
1246 3016 1312 3077 ‘Et
1344 3035 1412 3076 vox
1443 3013 1572 3076 alarum

157 3137 193 3191 25
218 3113 386 3178 Cherubin
413 3115 611 3178 audiebatur
636 3118 802 3199 usquead
834 3119 954 3180 atrium
976 3117 1133 3192 exterius,
1149 3118 1235 3180 sicut
1250 3140 1315 3180 vox
1338 3119 1400 3180 Dei
1419 3115 1544 3180 Saddai
1558 3117 1574 3190 ’,

218 3219 341 3283 stultae
357 3222 557 3284 temeritatis
574 3231 633 3296 est,
649 3221 796 3304 aliquem
826 3223 913 3286 velle
939 3224 1125 3300 decernere,
1140 3243 1227 3305 quae
1255 3223 1338 3284 inter
1356 3219 1524 3285 Cherubin
1542 3228 1575 3280 et

217 3321 382 3404 Seraphin
411 3325 587 3387 diversitas
614 3326 666 3401 sit,
682 3347 758 3389 cum
786 3327 868 3389 haec
893 3326 995 3391 solius
1013 3327 1076 3389 Dei
1105 3328 1264 3389 scientiae
1281 3336 1472 3388 reservetur.
1489 3325 1574 3386 Rur-

217 3447 358 3508 sumque
384 3438 540 3492 narrante
567 3432 687 3494 eodem
717 3431 880 3513 propheta
907 3431 949 3495 de
981 3432 1148 3497 Cherubin
1166 3432 1229 3494 ‘Et
1250 3449 1385 3512 egressa
1401 3438 1451 3490 est
1467 3425 1574 3508 gloria

218 3532 357 3594 Domini
374 3533 415 3596 de
433 3532 597 3596 vestibulo
610 3534 740 3613 domus,
750 3546 783 3598 et
794 3535 946 3599 ascendit
962 3557 1061 3616 super
1075 3536 1244 3599 Cherubin
1259 3546 1310 3612 ;et
1322 3539 1575 3611 assumpserunt

157 3661 195 3712 30
218 3635 386 3701 Cherubin
415 3637 484 3698 alas
511 3656 596 3713 suas,
621 3647 654 3700 et
681 3637 814 3701 elevata
841 3649 918 3702 sunt
944 3642 986 3701 de
1012 3651 1098 3700 terra
1125 3641 1156 3700 in
1181 3647 1361 3718 conspectu
1380 3654 1454 3698 meo
1467 3635 1484 3708 ³,
1499 3634 1573 3714 quis

250 3803 398 3866 3abstelta]
409 3805 440 3852 ab
450 3805 533 3853 stellae
545 3805 574 3855 C.
676 3808 827 3870 §Thronisl
842 3808 940 3857 Heroni
951 3809 981 3859 C.
1085 3821 1113 3858 12
1135 3808 1246 3868 deducas]
1268 3805 1374 3870 scripsi;
1397 3805 1497 3853 deduces
1521 3802 1569 3852 Ca.

215 3885 283 3934 sicut
291 3886 357 3947 oves]
369 3887 417 3946 (ἔα,
431 3886 500 3936 iuxta
511 3903 593 3951 graec.
608 3883 671 3938 ὡσεὶ
682 3885 815 3956 πρόβατα.
901 3903 932 3940 22
943 3891 976 3952 er]
988 3890 1078 3956 scripsi
1088 3908 1094 3950 ;
1103 3897 1128 3940 et
1138 3891 1187 3941 Ca.
1288 3899 1318 3952 25
1330 3887 1438 3948 Saddar]
1447 3886 1532 3935 Sadda
1540 3885 1569 3935 C.

217 3968 249 4018 26
260 3970 351 4017 stultae
362 3971 521 4030 temeritatis]
539 3970 629 4035 scripsi
652 3972 704 4022 fido
727 3973 831 4033 animo3
853 3976 933 4022 stulta
954 3975 993 4032 (1²
1004 3991 1039 4024 m.
1052 3990 1115 4023 corr.
1130 3989 1159 4022 ex
1171 3974 1256 4033 stulte)
1278 3980 1301 4021 ct
1322 3970 1471 4020 terrenitatis
1497 3969 1517 4019 C
1531 3986 1538 4028 ς
1551 3974 1574 4017 et

215 4051 342 4101 stultitiae
364 4056 389 4101 et
409 4052 558 4102 temeritatis
580 4053 668 4104 maluit
681 4070 705 4104 α.
828 4067 859 4118 27
882 4056 950 4115 haec]
973 4056 1068 4120 absque
1092 4063 1241 4105 necessitate
1264 4070 1280 4103 α
1303 4055 1329 4103 in
1352 4053 1395 4102 hoc
1417 4059 1569 4102 commutet.

216 4148 249 4197 29
260 4133 390 4195 vestibulo]
401 4134 518 4182 bestibuto
529 4135 559 4185 C.

259 4288 284 4344 3.
300 4267 332 4325 in
346 4263 493 4347 claritate]
511 4289 523 4326 1
541 4269 610 4328 Cor.
631 4287 675 4344 15,
691 4289 739 4342 41.
962 4291 1007 4328 21.
1026 4271 1058 4328 iu
1073 4292 1102 4328 eo
1115 4267 1168 4350 est]
1189 4291 1199 4328 1
1219 4271 1287 4330 Cor.
1307 4292 1331 4340 2,
1352 4289 1396 4328 rr.

261 4369 305 4425 13.
322 4346 523 4428 nramjcstarae]
540 4352 587 4407 Ps.
607 4367 652 4424 79,
671 4371 694 4408 2.
1025 4373 1083 4429 qua
1099 4355 1257 4411 terncrr'tote
1274 4353 1411 4426 Origenes
1421 4348 1572 4431 aususcst]

261 4435 305 4490 16.
321 4451 384 4488 cum
398 4433 571 4505 ignorarent
584 4451 749 4490 mensuram
770 4432 867 4514 suam]
921 4433 1047 4493 Hieron.
1071 4454 1116 4511 ep.
1142 4437 1188 4510 96,
1214 4457 1241 4496 n.
1265 4437 1282 4492 6
1306 4439 1384 4510 ‘qua
1405 4431 1573 4498 temeritate

217 4519 274 4595 Ep.
297 4532 376 4588 92,1
405 4515 479 4571 ‘nec
502 4511 669 4590 intelligant
695 4533 866 4575 mensuram
920 4515 1104 4591 Origenes...
1124 4535 1213 4576 ausus
1229 4515 1266 4576 sit
1278 4517 1293 4574 '.

215 4615 304 4661 suam
316 4596 331 4654 '.
961 4613 1007 4673 25.
1025 4594 1152 4678 Saddar]
1168 4599 1277 4657 Ezech.
1298 4617 1341 4669 10,
1359 4614 1385 4678 5.

262 4698 306 4753 19.
323 4673 379 4758 mc]
394 4679 441 4738 Ps.
462 4679 526 4754 138,
547 4697 569 4738 r.
962 4699 1007 4756 30.
1026 4677 1097 4761 mco]
1113 4679 1193 4740 lbid.
1214 4681 1249 4740 18
1265 4699 1307 4758 sq.
