4154 5494
479 403 557 486 188
850 425 879 484 s.
906 423 1161 484 urasoururr
1186 424 1449 486 tnesaurum

476 639 662 727 ‘Discipuli
679 641 765 706 iliius
780 649 942 706 venerunt
959 649 1065 719 nocte¹
1081 649 1115 706 et
1131 639 1361 710 involaverunt
1377 662 1462 708 eum.
1477 642 1485 670 '
1500 642 1548 706 Et
1561 641 1671 706 odium
1681 649 1744 723 pro
1758 639 1836 704 dile·

475 749 577 814 ctione
593 769 671 812 rnen.
688 747 871 813 Considera
882 766 904 809 o
920 745 1107 827 xptstiane,
1118 745 1323 834 consideran
1339 747 1518 812 monache:
1538 748 1563 810 si
1582 746 1748 830 Dominus
1765 764 1835 826 per·

479 863 667 932 secutorem
681 873 777 930 suum
791 863 824 918 et
841 851 1044 934 proditorem
1061 849 1176 914 osculo
1193 851 1347 933 suscepit,
1359 860 1392 915 et
1406 872 1466 934 pro
1482 850 1750 934 crucifigentibus
1761 869 1836 912 eum

479 969 562 1036 orat,
578 978 638 1022 nos
655 977 715 1039 pro
732 955 888 1030 fratribus
904 956 1026 1018 nostris
1041 955 1121 1037 quid
1139 954 1245 1018 facere
1261 955 1446 1019 debemus?

527 1061 692 1127 Constitue
705 1069 803 1142 super
817 1079 890 1124 eum
899 1068 1103 1142 poccatororrr.
1127 1056 1297 1141 Quoniam
1318 1061 1432 1142 rogavi
1454 1080 1513 1143 pro
1530 1060 1609 1143 ipsis
1631 1060 1662 1125 in
1679 1079 1784 1138 cruce,
1804 1068 1838 1124 et
1872 1079 1886 1131 5

478 1167 632 1230 viderunt
648 1164 784 1228 vulnera
801 1184 884 1241 mea,
896 1163 974 1228 dedi
989 1163 1036 1227 eis
1050 1162 1158 1229 locum
1171 1162 1397 1247 paenitentiae
1415 1176 1449 1229 et
1465 1185 1530 1234 non
1547 1174 1650 1248 agunt
1666 1166 1837 1247 paeniten-

478 1271 569 1347 tiam,
581 1278 614 1334 et
625 1289 679 1333 me
691 1268 809 1332 nolunt
824 1268 947 1333 habere
960 1267 1238 1349 regem,habeant
1254 1287 1366 1350 regem
1384 1268 1564 1334 diabolum.
1579 1268 1707 1333 Nolunt
1717 1268 1838 1334 habere

478 1393 590 1456 regem
624 1371 750 1436 Iesum:
781 1371 927 1436 habeant
953 1391 1065 1455 regem
1099 1371 1288 1450 Barabban,
1321 1373 1496 1438 Barabban
1522 1375 1579 1456 qui
1604 1374 1840 1457 interpretatur

479 1475 564 1542 filius
580 1475 693 1560 patris,
711 1475 774 1539 hoc
796 1485 845 1540 est
866 1474 999 1540 diaboli.
1021 1475 1192 1540 Barabbas
1214 1476 1285 1553 iste,
1308 1475 1365 1558 qui
1385 1475 1471 1542 suit?
1494 1478 1671 1542 seditiosus
1689 1486 1724 1541 et
1747 1476 1836 1541 latro.

479 1586 523 1649 Et
541 1603 616 1648 vere
634 1581 808 1646 Barabban
826 1580 951 1644 babent
968 1599 1079 1662 regem
1096 1588 1130 1644 et
1147 1599 1251 1662 usque
1268 1579 1300 1643 in
1316 1580 1515 1645 hodiernum
1532 1582 1633 1660 diem,
1644 1581 1837 1648 seditiosum
1860 1601 1889 1638 ro

478 1702 511 1756 et
542 1691 715 1764 latronem,
745 1687 801 1771 qui
832 1687 955 1751 occidit
981 1686 1073 1769 ipsos
1103 1686 1253 1750 Iudaeos.
1279 1685 1448 1750 Barabbas
1474 1686 1568 1763 latro,
1598 1685 1654 1768 qui
1678 1685 1840 1768 sanguine

478 1795 670 1869 delectatur,
683 1801 862 1874 antequam
878 1790 1045 1855 Dominus
1059 1788 1314 1873 crucifigeretur,
1330 1800 1509 1874 antequam
1520 1809 1597 1856 eum
1609 1787 1840 1871 crucifigerent

480 1897 605 1975 Iudaei,
620 1896 765 1976 inclusus
781 1905 860 1960 erat.
874 1895 1090 1976 Negaverunt
1103 1893 1300 1970 Dominum,
1312 1904 1345 1958 et
1359 1893 1530 1958 Barabbas
1542 1894 1699 1959 dimissus
1711 1905 1770 1956 est.
1783 1893 1839 1956 Ex

478 2021 519 2065 eo
533 2001 623 2084 euim
639 2009 789 2082 tempore
812 1999 982 2063 Barabbas
1000 1997 1111 2082 coepit
1128 1996 1253 2061 babere
1271 1999 1304 2063 in
1324 2017 1381 2062 eos
1400 2008 1619 2082 potestatem
1639 2009 1673 2063 et
1692 1996 1747 2063 ille
1762 1998 1840 2062 dae·

480 2124 567 2180 mon,
583 2103 638 2187 qui
655 2103 778 2167 eiectus
789 2102 897 2167 iuerat
913 2103 955 2166 de
967 2103 1111 2178 homine,
1123 2113 1155 2166 ct
1172 2102 1216 2165 de
1231 2097 1291 2164 ¹illa
1308 2101 1533 2183 generatione,
1542 2111 1575 2165 et
1587 2101 1842 2184 perambulabat
1860 2121 1888 2174 15

472 2209 511 2294 ,in
530 2208 671 2284 deserto,
689 2218 722 2270 et
744 2206 853 2271 locum
878 2205 1024 2269 invenire
1050 2225 1116 2269 oon
1144 2213 1285 2288 poterat,
1311 2204 1455 2268 adduxit
1476 2223 1588 2269 secum
1608 2205 1690 2268 alios
1710 2217 1839 2288 septem

478 2314 660 2392 daemones
682 2310 812 2393 peiores
832 2331 876 2388 se,
895 2321 928 2374 et
949 2309 1085 2374 intravit
1106 2310 1139 2376 in
1161 2327 1382 2392 synagogam,
1400 2317 1434 2372 et
1453 2304 1541 2372 iacta
1559 2318 1639 2373 sunt
1660 2309 1840 2373 novissima

479 2416 624 2480 hominis
640 2415 715 2479 ilius
728 2415 840 2498 peiora
854 2413 1026 2497 prioribus.
1039 2413 1193 2497 Denique
1205 2423 1239 2477 et
1255 2434 1430 2498 synagoga
1446 2414 1645 2479 iudaeorum
1658 2425 1838 2498 antequam

481 2519 686 2602 crucifigeret
703 2519 897 2595 Dominum,
914 2527 983 2582 erat
999 2519 1134 2602 quidem
1153 2521 1333 2603 peccatrix,
1345 2520 1403 2583 sed
1422 2539 1525 2583 uuum
1543 2527 1674 2584 tantum
1692 2520 1838 2584 habebat

479 2626 686 2689 daemonem.
704 2620 886 2687 Cruxifixit
903 2622 1100 2700 Dominum,
1114 2634 1148 2686 et
1163 2635 1242 2688 octo
1258 2623 1356 2686 simul
1374 2623 1513 2704 ingressi
1525 2633 1605 2689 sunt
1620 2623 1653 2686 in
1670 2643 1744 2688 eam
1761 2625 1836 2690 dae·
1857 2643 1889 2680 ²0

480 2745 604 2792 mones.
622 2725 792 2808 inpletum
816 2734 866 2789 est
881 2745 961 2808 ergo
976 2727 1066 2808 quod
1089 2726 1192 2791 dixit:
1214 2726 1392 2791 Constitue
1407 2746 1506 2810 super
1523 2747 1599 2793 eum
1620 2738 1838 2811 peccatorem.

480 2831 526 2896 Et
539 2830 689 2894 diabolus
702 2838 765 2892 stet
778 2850 799 2892 o
814 2828 937 2892 dextris
952 2828 1030 2892 eius.
1047 2829 1216 2913 Quoniam
1234 2849 1255 2892 a
1269 2828 1399 2894 dextris
1415 2849 1529 2895 eorum
1547 2831 1649 2908 stetit,
1664 2840 1838 2914 propterea

478 2955 651 3019 synagoga
671 2934 792 2998 siccam
810 2931 955 2997 habebat
975 2952 1111 2996 manum
1130 2935 1316 3011 dexteram,
1337 2933 1423 2998 sicut
1438 2933 1607 3018 scriptum
1623 2945 1673 2999 est
1689 2935 1721 2998 in
1738 2955 1837 3000 evan-

479 3040 576 3128 gelio.
601 3040 672 3103 Nos
698 3047 810 3102 autem
834 3056 976 3110 oremus,
1000 3046 1036 3100 ut
1060 3036 1225 3100 Dominus
1253 3046 1317 3101 stet
1342 3057 1362 3100 a
1389 3038 1517 3102 dextris
1537 3039 1667 3116 nostris,
1686 3039 1838 3104 diabolus

478 3155 590 3210 autem
618 3143 803 3208 asinistris.
831 3143 1000 3224 Scriptum
1022 3150 1072 3205 est
1098 3143 1129 3206 in
1156 3140 1333 3206 Zacharia:
1358 3143 1422 3206 'Et
1447 3142 1594 3206 ostendit
1620 3142 1701 3206 mihi
1728 3142 1836 3207 iesum
1857 3162 1887 3214 ²5

478 3248 685 3312 sacerdotem
709 3265 868 3328 magnum
890 3255 1034 3310 stantem
1058 3265 1170 3311 coram
1193 3247 1316 3327 angeio
1338 3245 1486 3322 Domini,
1509 3255 1542 3309 et
1560 3246 1664 3311 Satan
1684 3246 1795 3310 stabat
1818 3266 1839 3310 a

477 3351 607 3416 dextris
624 3351 703 3429 eius,
718 3360 754 3415 ut
771 3359 934 3433 pugnaret
943 3369 1019 3415 cum
1037 3349 1104 3416 eo.'
1122 3350 1158 3415 Si
1171 3369 1251 3432 ergo
1268 3349 1429 3414 adextris
1443 3349 1581 3414 Domini
1598 3349 1751 3414 diabolus
1763 3361 1840 3427 stat,

478 3456 649 3538 quomodo
665 3473 752 3519 nuuc
768 3455 810 3518 de
829 3455 911 3518 Iuda
928 3455 1019 3532 dicit,
1037 3455 1081 3518 Et
1098 3453 1251 3518 diabolus
1271 3462 1337 3516 stet
1353 3474 1373 3517 a
1390 3453 1518 3518 dextris
1534 3454 1627 3518 eius?
1644 3452 1711 3520 Sed
1728 3455 1838 3520 videte

477 3561 558 3644 quid
574 3559 663 3625 dicit.
681 3558 800 3624 Stabat
816 3557 969 3624 diabolus
982 3579 1002 3622 a
1017 3560 1146 3623 dextris
1161 3559 1236 3622 Iesu
1255 3567 1291 3621 ut
1303 3559 1533 3622 adversaretur
1543 3557 1572 3620 ei
1582 3580 1589 3620 :
1600 3557 1664 3620 hoc
1679 3567 1740 3635 est,
1754 3557 1836 3622 dex·

478 3675 569 3729 terae
584 3665 655 3746 eius
670 3663 836 3752 adversari
854 3662 995 3727 volebat.
1015 3662 1080 3726 Hic
1096 3672 1209 3726 autem
1229 3681 1295 3726 non
1312 3661 1404 3738 dicit,
1419 3661 1498 3743 quia
1518 3678 1667 3741 pugnare
1683 3657 1763 3736 uult,
1778 3659 1836 3727 sed
1856 3679 1887 3730 ao

478 3769 554 3853 quia
572 3769 638 3831 iarn
655 3767 777 3832 vicerat
796 3767 925 3832 Iudam.
937 3766 1101 3831 Diabolus
1115 3766 1159 3829 ibi
1172 3775 1288 3830 contra
1304 3766 1479 3828 dexteram
1490 3763 1658 3827 desiderat
1674 3782 1837 3846 pugnare3

513 3963 522 4004 t
545 3953 733 4016 involoormnt]
754 3954 851 4006 BCSG.
874 3953 914 4006 Cf.
931 3955 1042 4016 ansch,
1064 3956 1128 4004 Itala
1141 3971 1164 4004 u.
1180 3955 1254 4018 Vuig.
1275 3971 1299 4018 p.
1315 3965 1362 4016 372
1375 3972 1381 4012 ;
1394 3953 1555 4018 furaverunt
1573 3953 1615 4010 A;
1626 3951 1720 4016 sorotr'
1737 3960 1797 4002 sunt
1809 3951 1833 4020 β.

478 4037 572 4100 3rum]
590 4053 614 4088 sr
633 4038 665 4096 A,
680 4036 702 4087 C
722 4053 776 4102 sup.
791 4036 835 4086 tin.
847 4052 904 4086 cunr
924 4047 1059 4102 expuncto.
1160 4034 1252 4097 norat]
1263 4035 1347 4084 oroor't
1357 4035 1389 4082 Α.
1490 4034 1611 4096 debemus]
1630 4034 1759 4084 debeamus
1780 4035 1833 4094 BG,

478 4123 570 4172 Ccorr.
671 4117 828 4180 eciderunt]
839 4121 928 4170 vadens
941 4119 991 4170 SG.
1093 4117 1108 4166 8
1120 4113 1265 4175 Boradion]
1281 4125 1340 4164 ante
1357 4117 1402 4179 qui
1420 4129 1470 4164 nun
1483 4125 1561 4179 repet.
1578 4113 1593 4181 β
1606 4134 1612 4175 ;
1631 4115 1767 4165 Borrolurn
1780 4115 1834 4176 BG,

478 4203 583 4262 Ccorr;
597 4203 715 4252 ·Borobos
730 4203 759 4254 S.
858 4200 945 4268 9qui]
961 4201 1018 4264 qrrr's
1037 4198 1071 4267 β;
1088 4199 1153 4264 quid
1169 4197 1336 4258 uenatu.
1351 4212 1405 4262 sup.
1420 4195 1472 4255 iin;
1490 4197 1547 4260 qui·
1565 4196 1597 4245 G.
1698 4196 1836 4257 seditiosus]

476 4285 607 4334 seditiosus
617 4285 692 4337 codd.
796 4295 822 4334 tt
836 4282 961 4346 sanguine
971 4278 1116 4340 delectatur]
1127 4280 1276 4344 sanguinem
1289 4279 1312 4329 d.
1328 4277 1379 4328 BC.
1484 4278 1512 4326 16
1523 4279 1552 4326 irs
1563 4277 1665 4339 desorto]
1677 4277 1705 4326 in
1714 4278 1836 4328 desertum

478 4352 561 4432 csup.
576 4365 620 4416 lin.
714 4379 747 4417 20
758 4365 878 4430 ingrcssi]
889 4364 1035 4426 introgressi
1046 4363 1075 4414 C.
1168 4375 1199 4410 22
1210 4357 1305 4419 corrono]
1316 4360 1380 4410 codd
1393 4377 1400 4418 ;
1413 4359 1466 4409 etus
1478 4356 1503 4424 β.
1596 4369 1626 4422 25
1639 4358 1719 4422 miii]
1732 4357 1748 4427 β
1759 4359 1834 4411 inser.

478 4451 614 4504 Dominus.
683 4461 713 4514 27
726 4451 849 4514 Domini]
861 4452 926 4504 CSG
938 4467 1009 4513 ;om.
1025 4450 1097 4519 βΑΒ.
1174 4462 1207 4513 30
1216 4445 1399 4508 eius]Sinser.
1413 4447 1467 4511 qui.
1547 4458 1575 4509 31
1589 4445 1694 4508 vicerat]
1705 4447 1794 4496 vicerit
1804 4446 1834 4497 C.

523 4638 545 4677 1.
562 4614 639 4698 euno]
656 4619 763 4679 Matth.
783 4621 829 4693 28,
848 4637 892 4695 13.
1224 4635 1269 4690 ²3·
1286 4615 1317 4672 r'n
1329 4607 1486 4691 evangelio]
1503 4613 1574 4670 Luc.
1593 4613 1620 4684 6,
1637 4613 1663 4669 6.

523 4702 565 4760 18.
575 4697 740 4781 prioribus]
757 4702 828 4760 Luc.
850 4720 893 4772 rr,
912 4702 957 4760 26.
1225 4715 1271 4771 ²7·
1287 4713 1349 4755 cunr
1364 4689 1406 4772 eo]
1420 4691 1509 4752 Zacb.
1528 4710 1555 4768 3,
1575 4711 1599 4751 ι.
