4158 5492
425 385 454 468 6
809 407 836 466 s
863 407 1117 470 urunouuur
1139 411 1404 472 pensaurum

425 627 487 690 bus
503 635 553 692 est
572 636 604 691 et
622 623 810 709 Cyprianus
825 636 970 704 sanctus,
998 627 1160 710 recipiunt
1177 627 1296 694 librum
1308 638 1342 694 et
1358 627 1630 711 interpretantur)
1643 626 1783 710 legimus

428 751 508 812 ergo
538 729 605 794 ibi:
632 730 702 794 ‘Et
727 749 813 806 ecce,
840 729 956 814 iuquit,
979 730 1047 795 vidi
1072 740 1205 796 tronum
1222 732 1378 816 positum,
1404 741 1437 796 et
1461 750 1588 814 agnum
1616 749 1731 806 unum,
1750 740 1783 794 et

431 835 593 910 arborem,
610 833 725 917 inquit,
741 835 922 898 secundum
940 834 1073 910 flumen,
1085 845 1118 900 et
1134 857 1178 900 ex
1194 850 1335 919 utraque
1350 845 1444 919 parte
1459 837 1551 919 ripae
1564 837 1671 919 ipsam
1687 836 1782 900 arbo-

431 957 499 1000 rem
518 938 547 1002 ἐ
572 937 635 1001 hoc
658 946 718 1015 est,
742 958 785 1002 ex
804 936 866 1002 ista
893 947 988 1021 parte
1003 949 1083 1017 erat,
1108 951 1141 1004 et
1157 961 1202 1004 ex
1227 941 1283 1004 iila
1306 950 1400 1023 parte
1426 951 1505 1006 erat.
1533 941 1604 1006 ‘Et
1628 939 1783 1017 habebat,

430 1042 547 1124 inquit,
562 1040 688 1106 fructus
703 1043 776 1124 ipsa
792 1042 898 1119 arbor,
914 1052 948 1107 et
964 1043 996 1105 in
1013 1063 1102 1108 anno
1119 1045 1287 1108 mensibus
1303 1045 1442 1128 singulis
1463 1045 1642 1110 duodecies
1659 1044 1784 1109 iruetus
1820 1059 1833 1113 5

431 1145 611 1210 adferebat.
620 1146 950 1229 Ethabebat,inquit,
960 1145 1086 1226 solia,et
1097 1149 1175 1213 ioiia
1185 1151 1255 1213 eius
1267 1161 1362 1214 erant
1371 1151 1413 1214 ad
1425 1151 1604 1216 sanitatem
1615 1147 1784 1232 gentium'.

432 1253 523 1331 Vidi,
539 1254 657 1337 inquit,
673 1262 806 1318 tronum
824 1255 969 1338 positum
994 1277 1107 1322 unum.
1124 1257 1219 1321 Licet
1242 1258 1330 1322 enim
1356 1259 1531 1322 credamus
1548 1254 1580 1318 in
1606 1254 1738 1317 Patrem
1752 1261 1786 1316 et

437 1357 558 1422 Filium
582 1367 616 1422 et
633 1357 794 1440 Spiritum
817 1367 980 1436 sanctum,
996 1370 1029 1423 et
1053 1361 1199 1425 Trinitas
1223 1364 1274 1439 sit,
1296 1371 1409 1426 tamen
1434 1377 1573 1443 regnum
1597 1375 1701 1422 uuum
1726 1365 1785 1420 est.

431 1461 521 1538 Vidi,
538 1461 653 1544 inquit,
676 1473 810 1526 tronum
834 1464 979 1546 positum
997 1483 1108 1529 unum.
1135 1465 1178 1528 Et
1194 1465 1271 1542 vidi,
1295 1466 1411 1549 inquit,
1434 1465 1467 1528 in
1493 1471 1674 1544 conspectu
1698 1459 1784 1523 troni

431 1576 577 1630 stantem
595 1585 698 1630 unum
715 1585 849 1648 agnum.
866 1567 920 1631 De
934 1568 1170 1650 adsumptione
1183 1570 1329 1652 corporis
1341 1569 1461 1634 dicitur
1475 1564 1684 1632 Salvatoris.‘
1697 1564 1785 1630 Ecce
1807 1581 1837 1618 ¹0

431 1692 538 1755 agnus
555 1672 629 1749 Dei,
646 1671 795 1754 eccequi
819 1670 905 1738 toiiit
929 1682 1066 1755 peccata
1081 1675 1197 1738 mundi
1214 1674 1230 1738 ¹.
1247 1674 1292 1739 Et
1315 1673 1555 1757 egrediebatur,
1578 1668 1696 1754 inquit,
1712 1669 1785 1734 ions

432 1778 473 1840 de
489 1775 607 1840 subtus
624 1775 736 1838 medio
752 1775 848 1841 troni.
865 1775 998 1841 Videtis
1015 1777 1115 1860 igitur
1130 1779 1288 1860 quoniam
1304 1779 1347 1843 de
1371 1778 1482 1842 medio
1498 1777 1585 1841 troni
1602 1775 1676 1839 fons
1692 1793 1783 1858 egre-

432 1881 524 1946 ditur
546 1881 737 1963 gratiarum.
753 1880 883 1944 Tamen
908 1901 973 1946 non
996 1882 1165 1964 egreditur
1186 1883 1260 1947 sons
1277 1883 1331 1948 iile
1357 1885 1400 1949 de
1416 1892 1523 1959 trono,
1540 1879 1603 1944 nisi
1628 1897 1735 1961 agnus
1752 1878 1784 1940 in

432 1995 549 2049 contra
575 1983 730 2048 steterit:
757 1981 819 2046 nisi
849 1983 938 2048 enim
967 1985 1203 2050 crediderimus
1234 1986 1535 2069 incorporationem
1567 1981 1690 2065 Xpisti,
1718 1999 1784 2045 non

434 2088 616 2170 accipimus
641 2086 722 2150 istas
744 2089 877 2168 gratias.
895 2087 941 2151 Et
964 2089 1070 2167 arbor,
1095 2090 1211 2173 inquit,
1227 2109 1293 2154 una
1318 2088 1452 2154 excelsa
1468 2087 1577 2171 posita
1603 2095 1683 2152 erat.
1706 2085 1783 2148 Non
1807 2100 1836 2155 ¹5

434 2191 523 2256 dixit
546 2193 689 2270 arbores,
712 2190 770 2255 sed
794 2192 892 2255 arbor
908 2212 981 2258 una.
999 2193 1035 2258 Si
1058 2193 1156 2258 arbor
1179 2214 1245 2258 una
1267 2203 1328 2271 est,
1351 2193 1521 2277 quomodo
1543 2211 1588 2255 ex
1605 2191 1668 2254 ista
1691 2197 1786 2272 parte

435 2295 525 2377 ripae
542 2305 601 2373 est,
616 2306 649 2360 et
665 2315 709 2359 ex
734 2293 790 2362 iila
806 2308 900 2377 parte
917 2297 1007 2379 ripae
1030 2303 1104 2363 est?
1131 2297 1167 2372 Si
1184 2299 1273 2362 enim
1297 2298 1447 2373 dixisset,
1467 2295 1534 2360 vidi
1558 2293 1701 2370 arbores,
1717 2289 1785 2354 fieri

434 2406 566 2481 poterat
581 2409 617 2463 ut
629 2400 714 2463 aliae
724 2411 835 2464 essent
846 2419 889 2465 ex
906 2399 971 2464 aiia
983 2411 1086 2483 parte,
1100 2412 1134 2466 et
1146 2401 1231 2466 aliae
1246 2423 1291 2466 ex
1307 2401 1380 2467 alia.
1397 2401 1496 2466 Nunc
1517 2418 1595 2463 vcro
1611 2416 1677 2462 una
1689 2395 1786 2460 arbor

430 2522 474 2564 ex
488 2511 627 2584 utraque
643 2513 738 2586 parte
753 2523 824 2568 esse
836 2505 964 2569 dicitur.
983 2504 1079 2570 Unus
1095 2505 1214 2570 fluvius
1223 2505 1392 2590 egreditur
1407 2506 1449 2569 de
1459 2514 1557 2569 trono
1573 2501 1646 2579 Dei,
1661 2501 1785 2565 hocest

432 2605 538 2688 gratia
555 2605 700 2687 Spiritus
723 2606 829 2672 sancti
845 2627 852 2686 ;
868 2618 901 2672 et
917 2609 981 2671 ista
996 2608 1103 2692 gratia
1127 2609 1271 2692 Spiritus
1287 2610 1393 2674 sancti
1410 2611 1442 2674 in
1468 2609 1593 2674 sanctis
1615 2605 1785 2690 scripturis
1805 2625 1837 2664 ao

431 2719 491 2787 est,
518 2709 581 2774 hoc
608 2711 706 2775 estin
733 2712 798 2778 isto
821 2712 922 2776 fluvio
948 2713 1193 2796 scripturarum.
1209 2715 1338 2778 Tamen
1367 2715 1429 2779 iste
1454 2714 1573 2778 fluvius
1597 2712 1681 2776 duas
1697 2709 1785 2793 ripas

434 2813 543 2890 habet,
559 2824 592 2878 et
608 2824 704 2878 vetus
719 2825 753 2880 et
769 2835 892 2882 novum
916 2826 1154 2881 testamentum
1170 2839 1178 2896 ;
1200 2827 1234 2882 et
1251 2819 1282 2882 in
1312 2827 1452 2902 utraque
1468 2825 1561 2899 parte
1578 2815 1675 2879 arbor
1691 2811 1784 2897 pian-

431 2927 502 2984 tata
519 2918 660 3003 Xpistus
675 2928 735 2984 est.
754 2921 848 2984 Haec
864 2921 964 3003 igitur
979 2919 1076 2984 arbor
1092 2920 1125 2984 in
1142 2940 1240 2998 anno,
1255 2920 1319 2986 hoc
1335 2933 1395 2998 est,
1410 2923 1443 2985 in
1459 2918 1599 3002 singulis
1615 2917 1785 2981 mensibus

432 3023 611 3088 duodecies
635 3021 759 3087 iructus
782 3024 963 3089 adferebat.
980 3023 1057 3088 Non
1074 3043 1252 3106 possumus
1274 3026 1363 3088 enim
1382 3023 1506 3088 fructus
1522 3023 1564 3086 de
1589 3021 1653 3084 ista
1668 3021 1785 3084 arbore

432 3126 589 3208 accipere,
605 3126 667 3189 nisi
684 3147 743 3209 per
757 3125 936 3208 apostolos.
954 3125 990 3190 Si
1006 3127 1080 3209 quis
1095 3146 1175 3210 ergo
1192 3148 1251 3210 per
1273 3128 1443 3211 apostolos
1459 3127 1502 3190 ad
1519 3127 1671 3190 arborem
1688 3143 1785 3188 vene·
1806 3144 1836 3198 ²5

432 3229 483 3305 rit,
500 3247 634 3292 necesse
650 3237 699 3292 est
717 3238 752 3292 ut
769 3228 894 3292 fructus
910 3228 1061 3311 accipiat,
1074 3227 1199 3294 fructus
1216 3240 1319 3295 metat
1331 3231 1374 3294 de
1390 3230 1561 3313 scripturis
1577 3228 1710 3306 sanctis,
1722 3227 1784 3291 hoc

432 3341 492 3408 est,
516 3351 650 3395 sensum
676 3331 825 3396 divinum
847 3332 880 3394 in
909 3332 1019 3396 littera
1045 3344 1306 3397 conmorantem.
1324 3333 1360 3399 Si
1387 3337 1462 3418 quis
1488 3355 1568 3418 ergo
1592 3333 1719 3397 venerit
1743 3331 1784 3396 ad

433 3435 530 3500 istam
547 3435 698 3499 arborem
717 3454 775 3517 per
790 3436 971 3518 apostolos,
987 3445 1022 3500 ut
1038 3436 1196 3515 diximus,
1213 3437 1338 3502 fructus
1360 3439 1430 3502 eius
1446 3439 1536 3521 capit
1551 3459 1559 3518 ;
1575 3438 1602 3502 si
1617 3437 1692 3520 quis
1709 3455 1787 3500 vero

433 3563 498 3606 non
516 3543 670 3626 potuerit,
686 3543 795 3607 adhuc
818 3541 978 3608 infirmior
994 3553 1053 3621 est,
1075 3553 1109 3608 et
1126 3543 1268 3608 necdum
1285 3553 1335 3608 est
1351 3544 1542 3628 discipulus,
1558 3543 1615 3608 sed
1632 3543 1674 3608 de
1691 3541 1787 3607 turba

431 3656 491 3724 est,
507 3646 565 3710 sed
582 3649 624 3712 de
640 3647 719 3711 ioris
735 3655 794 3722 est,
810 3647 852 3710 de
868 3647 1025 3729 gentibus
1041 3657 1099 3710 est.
1119 3647 1187 3710 Iste
1212 3648 1289 3730 quia
1307 3648 1432 3713 fructus
1447 3668 1567 3732 capere
1583 3667 1649 3711 non
1666 3654 1788 3729 potest,
1807 3669 1839 3719 30

433 3752 532 3815 uerba
547 3752 667 3834 capiat,
682 3750 745 3813 hoc
762 3759 820 3827 est,
837 3749 915 3813 folia
931 3751 973 3813 ad
990 3751 1168 3814 sanitatem
1192 3753 1343 3834 gentium
1361 3775 1367 3830 ;
1384 3753 1543 3834 scriptum
1560 3759 1611 3814 est
1627 3749 1725 3828 enim,
1743 3749 1786 3812 Et

432 3856 512 3922 solia
527 3857 598 3921 eius
614 3857 656 3920 ad
684 3859 861 3920 sanitatem
887 3858 1046 3939 gentium.
1064 3857 1099 3922 Si
1128 3857 1203 3940 quis
1219 3857 1328 3921 adhuc
1354 3858 1396 3920 de
1412 3856 1567 3939 gentibus
1595 3863 1654 3932 est,
1669 3855 1696 3918 si
1714 3853 1787 3936 quis

433 3981 498 4024 non
516 3971 565 4024 est
582 3959 773 4040 discipulus,
789 3960 898 4023 adhuc
921 3961 1076 4023 deturba
1099 3971 1158 4036 est,
1175 3962 1236 4024 iste
1252 3961 1395 4042 accipiat
1418 3960 1497 4024 folia
1514 3960 1626 4043 ipsius,
1641 3957 1705 4021 hoc
1728 3969 1788 4035 est,

466 4141 480 4192 3
492 4129 639 4190 secundum]
650 4145 717 4179 serus
729 4129 761 4180 G.
849 4142 878 4177 12
889 4129 918 4180 dr
935 4129 1014 4180 medio
1029 4130 1129 4191 throni]
1141 4131 1173 4180 de
1184 4147 1218 4179 m.
1231 4130 1320 4179 throno
1332 4131 1352 4180 C
1364 4145 1427 4180 corr.
1442 4131 1474 4180 G.
1530 4141 1558 4193 13
1570 4128 1600 4178 r'n
1612 4129 1708 4190 contra}
1719 4129 1788 4178 ΕΒΑ

432 4203 565 4277 (innuen
575 4213 603 4260 r'rr
613 4221 700 4277 postea
710 4211 735 4261 in
745 4213 762 4262 S
772 4213 882 4262 drictum
893 4219 938 4260 est.
1011 4225 1020 4260 ι
1025 4223 1039 4275 5
1048 4214 1193 4277 arcr'pr'mus]
1202 4213 1351 4278 accipiamus
1360 4213 1389 4262 C.
1466 4212 1497 4262 28
1507 4219 1536 4261 ut
1544 4212 1667 4271 diximus]
1674 4227 1723 4260 om.
1737 4212 1786 4273 μΒ.

433 4305 464 4354 ²9
475 4293 508 4354 cl]
520 4300 578 4342 ante
591 4293 693 4343 necdum
706 4293 768 4352 GS;
786 4309 836 4342 om.
850 4311 877 4357 μ.
980 4307 1012 4358 30
1021 4295 1183 4358 degentibus]
1202 4297 1254 4355 GS,
1273 4297 1328 4346 cod.
1351 4297 1462 4345 Duucen.
1482 4311 1522 4359 ap.
1539 4294 1607 4344 Pitra
1627 4307 1648 4354 r,
1670 4293 1733 4352 1663
1750 4295 1792 4342 reri

429 4375 532 4438 gentilis
545 4375 595 4439 μῦ.
697 4375 756 4437 Iste]
769 4375 846 4436 CGS,
858 4377 915 4427 cod.
930 4377 1010 4426 Duae.
1025 4395 1031 4436 ;
1044 4393 1093 4427 om.
1110 4377 1160 4440 pli.
1195 4378 1268 4442 puris]
1280 4378 1327 4442 qui
1338 4395 1366 4440 μ.
1467 4389 1495 4440 31
1509 4375 1739 4441 capiarlcapttGS.

435 4528 510 4578 mus,
526 4507 586 4581 iilo,
604 4508 735 4586 inquam,
758 4509 810 4586 qui
833 4508 863 4568 in
885 4509 966 4569 libris
987 4512 1086 4570 adver·
1139 4511 1201 4587 69.)

435 4609 500 4650 sum
519 4593 668 4667 Nepotem
682 4593 739 4652 ‘de
749 4591 929 4668 Apocalypsi
943 4591 1087 4651 Iohannis
1181 4613 1205 4650 2.
1229 4593 1339 4651 Etecce
1353 4588 1425 4671 etc]
1441 4596 1535 4668 Apuc.
1556 4613 1601 4665 22,
1622 4611 1631 4648 r
1651 4611 1694 4666 sq.

435 4671 660 4750 diiigentissime
682 4672 814 4752 disputat
829 4675 835 4701 ¹
851 4673 913 4752 (De
935 4671 985 4734 vir.
1003 4673 1043 4733 ill.
1059 4693 1084 4733 c.
1184 4695 1226 4734 rr.
1251 4671 1368 4754 urendi]
1385 4675 1427 4733 lo.
1449 4695 1473 4748 1,
1487 4693 1533 4750 29.
