4060 5498
500 405 556 505 64
879 415 908 474 S.
941 411 1195 474 munonvnt
1226 411 1490 473 nnnssr‘rsm

498 616 638 700 longum
659 633 732 680 esse
748 615 888 692 videtur,
904 615 962 678 sed
979 614 1021 678 ad
1047 613 1331 695 comparationem
1354 611 1570 688 aeternitatis,
1587 610 1664 694 quia
1685 607 1751 673 fine
1774 627 1844 673 eon·

446 757 453 768 ·
496 721 649 798 cluditur,
665 739 725 803 pro
742 718 846 783 nihilo
862 725 1085 799 computatur.

541 825 593 888 Et
612 824 757 889 custodire
785 823 818 887 in
848 834 939 887 erecte.
968 823 1050 887 Nox
1076 830 1235 906 quattuor
1258 823 1360 886 habet
1377 822 1507 904 vigilias
1532 843 1591 904 per
1616 830 1728 886 ternas
1754 819 1845 882 horas

495 930 682 1007 distinctas,
695 930 783 992 sicut
799 929 832 991 in
850 928 1027 1010 evangelio
1042 927 1164 990 dicitur
1179 924 1328 1009 ‘Quarta
1355 926 1467 1009 vigilia
1483 928 1591 992 noctis
1608 926 1699 990 venit
1715 925 1757 988 ad
1773 923 1844 986 eos'

500 1033 602 1110 iesus,
618 1035 708 1116 quod
725 1033 813 1097 circa
835 1031 915 1114 galli
940 1042 1076 1094 cantum
1104 1031 1318 1113 intellegitur.
1348 1031 1424 1094 Hoc
1451 1040 1501 1095 est
1528 1051 1608 1113 ergo
1633 1029 1724 1113 quod
1749 1027 1873 1105 dicitz5

495 1138 587 1202 mille
603 1139 681 1202 anni
695 1140 784 1220 apud
803 1147 845 1215 te,
862 1158 928 1201 non
946 1137 1054 1200 solum
1072 1138 1113 1200 ad
1133 1137 1330 1199 brevitatem
1348 1136 1424 1214 diei,
1439 1138 1497 1200 sed
1516 1139 1557 1199 ad
1575 1136 1676 1198 trium
1693 1134 1842 1198 horarum

493 1243 603 1325 spatia
619 1243 838 1324 comparandi
850 1250 936 1306 sunt.
950 1240 1041 1320 Quae
1048 1251 1111 1323 pro
1133 1239 1236 1302 nitito
1246 1239 1626 1304 haberttreranne'eorum.
1640 1237 1739 1321 Quod
1761 1237 1843 1312 dicit,

495 1349 557 1412 hoc
573 1357 644 1412 est:
661 1348 820 1429 quoniam
843 1347 946 1410 homo
962 1365 980 1409 a
997 1347 1163 1428 principio
1179 1345 1295 1409 mundi
1313 1345 1447 1409 vivebat
1465 1366 1550 1427 pene
1578 1345 1670 1408 mille
1695 1344 1798 1420 annis,
1814 1352 1843 1404 et

495 1452 586 1516 mille
602 1453 680 1516 anni
697 1461 776 1515 ante
793 1451 904 1514 Deum
923 1451 971 1513 sic
986 1460 1064 1514 sunt
1080 1449 1175 1532 quasi
1192 1449 1345 1514 custodia
1362 1449 1395 1512 in
1414 1460 1522 1515 nocte.
1541 1449 1651 1512 Immo
1666 1449 1749 1511 satis
1765 1448 1844 1510 dixi:

492 1557 540 1620 sic
563 1564 643 1620 sunt
669 1565 840 1634 tamquam
869 1554 950 1618 nihil
977 1562 1104 1618 aetates
1130 1553 1304 1618 hominurn
1333 1556 1375 1618 ad
1405 1555 1692 1635 comparationem
1716 1552 1843 1617 divinae
1862 1576 1886 1612 ro

494 1656 712 1722 aeternitatis.
727 1655 842 1718 Vultis
855 1656 938 1717 scire
947 1655 1078 1736 plenius
1090 1675 1191 1736 quam
1205 1654 1286 1717 nihii
1301 1653 1343 1717 sit
1356 1653 1504 1717 humana
1516 1654 1585 1716 vita
1599 1659 1613 1716 i
1628 1653 1759 1716 Audite
1768 1653 1841 1735 quid

494 1761 653 1844 sequitur.
670 1759 776 1822 Mane
790 1759 874 1823 sicut
888 1757 986 1823 herba
1000 1767 1153 1823 transeat.
1167 1758 1349 1842 Quomodo
1365 1778 1419 1821 ros
1436 1760 1620 1822 matutinus
1630 1759 1699 1821 cito
1709 1758 1841 1832 transiit,

493 1866 540 1928 sic
557 1874 607 1928 est
624 1863 797 1927 hominum
815 1864 892 1928 vita.
917 1863 1019 1926 Mane
1044 1873 1204 1940 nostrum,
1226 1862 1453 1927 adolescentia
1479 1872 1539 1928 est.
1564 1861 1669 1926 Mane
1685 1861 1805 1945 floreat
1816 1871 1844 1926 et

494 1978 650 2034 transeat.
668 1968 707 2032 ln
728 1967 955 2032 adolescentia
976 1978 1010 2032 et
1032 1967 1179 2050 perfecta
1203 1976 1315 2031 aetate
1342 1965 1524 2044 floruimus,
1549 1969 1582 2030 in
1610 1979 1747 2031 senecta
1771 1986 1843 2030 vero

494 2073 712 2149 concidimus,
729 2082 761 2135 et
783 2071 844 2136 flos
870 2081 1004 2136 nostrae
1027 2073 1159 2136 virtutis
1185 2071 1355 2137 emarcuit.
1388 2072 1471 2155 Quis
1495 2073 1585 2135 enirn
1612 2081 1763 2136 nostrum
1788 2071 1842 2134 scit
1861 2091 1885 2147 ις

493 2177 665 2260 quomodo
678 2186 770 2240 aetas
787 2186 902 2240 nostra
925 2177 1131 2259 pertransit?
1147 2177 1382 2243 Nescientibus
1407 2197 1491 2260 pene
1508 2176 1615 2253 nobis,
1631 2177 1678 2240 ita
1696 2196 1757 2240 nos
1773 2185 1843 2258 post

494 2290 626 2364 tergum
650 2290 794 2364 occupat
821 2291 983 2345 senectus.
1020 2281 1150 2363 Vespere
1175 2283 1309 2360 decidat,
1334 2283 1466 2348 induret
1490 2293 1521 2346 et
1545 2292 1676 2345 arescat.
1702 2280 1843 2364 Vespere

495 2395 647 2450 nostrum
669 2394 823 2448 senectus
839 2396 899 2461 est,
915 2405 1000 2467 quae
1016 2387 1198 2450 iuventutis
1213 2387 1294 2452 flore
1310 2389 1470 2464 discusso,
1485 2388 1578 2451 vario
1595 2387 1787 2450 morborum
1800 2385 1842 2448 in·

492 2491 632 2554 duratur
647 2488 950 2554 horrore.¹Omnis
974 2491 1100 2572 quippe
1122 2511 1200 2554 caro
1224 2491 1368 2570 faenum,
1394 2503 1426 2556 et
1451 2492 1558 2575 gioria
1586 2492 1656 2555 eius
1677 2491 1763 2554 sicut
1787 2490 1842 2553 flos

493 2593 582 2657 faeni
599 2595 685 2658 aruit
701 2603 735 2658 et
750 2594 877 2657 decidit
896 2595 1054 2673 ;verbum
1073 2605 1185 2658 autem
1215 2595 1354 2660 Domini
1377 2605 1490 2662 manet
1507 2597 1539 2659 in
1556 2605 1730 2661 aeternum
1744 2595 1759 2661 ¹.
1776 2595 1841 2658 Ad·
1857 2618 1884 2654 rs

494 2693 558 2761 huc
580 2699 732 2775 vivimus,
747 2706 782 2762 et
798 2717 874 2779 pars
891 2707 1005 2762 nostra
1022 2699 1087 2762 iarn
1106 2699 1203 2781 periit
1220 2699 1253 2762 in
1265 2711 1418 2764 senecta:
1436 2700 1513 2764 licet
1529 2700 1662 2763 animus
1678 2701 1768 2763 idern
1794 2700 1842 2776 sit,

492 2821 554 2866 nos
579 2813 693 2866 tamen
711 2803 767 2886 qui
785 2805 934 2884 vigorem
952 2804 1113 2885 pristinae
1129 2804 1314 2868 iuventutis
1330 2805 1481 2869 amisisse
1497 2805 1670 2882 sentimus,
1685 2805 1840 2888 quodam·

492 2906 595 2969 modo
611 2907 667 2970 alii
680 2927 805 2972 sumus.

536 3009 578 3072 In
596 3010 649 3073 ira
666 3019 723 3075 tua
739 3011 924 3090 defecimus.
941 3011 1029 3094 Quia
1046 3011 1127 3076 iram
1146 3022 1238 3077 tuam
1263 3033 1322 3096 per
1345 3022 1483 3096 peccata
1509 3015 1700 3090 meruimus,
1725 3015 1840 3077 inmor-

490 3106 656 3178 talitatem
674 3134 774 3198 quam
793 3116 934 3179 dederas
950 3117 1158 3198 perdidimus
1175 3117 1208 3180 in
1228 3116 1385 3196 Adam,a
1414 3137 1481 3199 quo
1505 3117 1602 3180 nobis
1627 3119 1723 3200 quasi
1750 3129 1837 3182 natu·
1856 3138 1879 3190 ²5
1977 3175 1978 3205 ,

489 3218 603 3281 raiiter
619 3228 795 3300 peccatum
811 3219 1015 3284 hereditario
1030 3220 1099 3283 iure
1125 3222 1301 3285 dimissum
1319 3231 1377 3285 est.
1395 3221 1442 3284 Et
1453 3221 1487 3283 irr
1495 3222 1616 3302 furore
1642 3232 1697 3286 tuo
1722 3221 1843 3287 turbati

491 3342 614 3388 sumus.
640 3322 778 3384 Pulchre
802 3325 899 3401 dixit,
915 3325 1039 3388 turbati
1060 3325 1138 3407 :qui
1156 3325 1244 3387 enim
1262 3326 1424 3401 turbatur,
1440 3345 1506 3388 non
1524 3327 1618 3407 perit,
1637 3329 1695 3390 sed
1724 3339 1840 3392 terrore

489 3427 688 3504 concutitur,
704 3435 740 3490 ut
764 3427 888 3490 sentiat
900 3429 1085 3509 potentiam
1100 3429 1171 3491 eius
1184 3450 1284 3511 quem
1300 3431 1472 3510 peccando
1482 3440 1741 3513 contempserat,
1756 3443 1786 3496 et
1799 3434 1837 3495 ad

488 3529 733 3612 paenitentiam
750 3531 885 3594 humilis
902 3532 1124 3615 subditusque
1140 3533 1322 3615 confugiat.
1338 3533 1383 3597 Et
1401 3534 1432 3596 in
1452 3531 1559 3598 surore
1575 3544 1634 3598 tuo
1650 3536 1775 3600 turbati
1790 3558 1838 3599 su-

524 3696 533 3732 t
548 3683 664 3746 videtur]
677 3683 716 3744 L3
728 3685 847 3734 videatur·
858 3685 945 3736 MOV.
1046 3685 1119 3750 qnia]
1141 3685 1238 3745 MOV;
1255 3702 1306 3736 om.
1321 3686 1350 3736 L.
1452 3696 1466 3747 7
1478 3688 1650 3752 comparandi]
1662 3689 1674 3738 i
1689 3705 1719 3739 ex
1731 3707 1746 3739 a
1757 3697 1840 3755 postes

488 3782 553 3816 corr.
566 3766 603 3815 M.
705 3765 988 3829 8virtrbot1LM30m.
1004 3767 1060 3818 OV.
1162 3769 1270 3829 qlmmo
1291 3769 1353 3816 satis
1371 3767 1439 3830 dr'ter]
1460 3769 1500 3818 lta
1518 3769 1622 3820 omniuo
1638 3779 1758 3835 quattuor
1767 3773 1837 3823 codd.

495 3860 526 3897 10
537 3847 640 3911 aetates]
651 3850 740 3897 aetatis
752 3849 808 3899 OV.
912 3862 941 3898 12
953 3851 1108 3912 rrratretiners]
1120 3850 1178 3911 OV,
1193 3867 1223 3898 res
1234 3866 1297 3900 corr.
1312 3867 1342 3899 cx
1355 3866 1398 3900 sem
1413 3850 1439 3900 M
1452 3869 1459 3912 ;
1472 3854 1599 3902 erretutirra
1618 3853 1646 3902 L.
1662 3853 1702 3904 ct.
1718 3855 1838 3914 Roenseh,

494 3930 560 3980 Itala
571 3931 623 3980 und
635 3929 710 3995 Vulg.
726 3947 750 3995 p.
766 3942 821 3991 271.
936 3944 965 3994 13
976 3933 1022 3994 sir]
1036 3933 1057 3982 L
1068 3950 1076 3992 ;
1094 3934 1162 3982 etsie
1182 3933 1269 3982 MOV.
1373 3945 1442 3994 1421
1456 3934 1561 3995 senecta]
1573 3934 1624 3984 LM
1635 3951 1643 3995 ς
1654 3944 1774 3986 semctute
1784 3937 1838 3988 ot’.

493 4013 522 4062 16
542 4011 696 4078 pertransit]
721 4011 791 4072 LM;
810 4015 965 4077 pertransiit
987 4013 1043 4064 OV.
1141 4021 1197 4080 pest
1215 4015 1323 4078 tergum]
1338 4021 1481 4080 postergum
1501 4016 1581 4065 Lot'.
1684 4029 1713 4079 17
1731 4017 1839 4081 r‘ndreret]

490 4095 599 4145 indurat
612 4095 641 4145 L.
746 4095 860 4160 18quae]
873 4096 1073 4156 OV;etM;ex
1086 4095 1116 4148 L.
1219 4110 1249 4158 19
1257 4097 1380 4161 suenum]
1394 4097 1484 4160 serrum
1497 4098 1526 4149 L.
1629 4113 1661 4148 20
1670 4101 1771 4164 deeritr't]
1784 4103 1838 4150 ceci·

487 4175 526 4228 dit
539 4179 577 4228 M.
678 4189 710 4226 22
730 4177 853 4240 antitiste]
872 4179 960 4244 scripsi
972 4196 980 4239 ;
998 4181 1138 4229 urrrrnr'sisse
1158 4179 1196 4238 L;
1216 4181 1323 4230 amissae
1335 4179 1402 4240 OV;
1419 4181 1509 4230 amisse
1521 4181 1559 4242 M,
1572 4189 1661 4233 mutat.
1675 4182 1701 4233 in
1712 4185 1837 4234 anemium.

488 4271 519 4325 25
527 4259 699 4326 perdidimus]
712 4260 763 4312 LM
776 4279 784 4322 ς
798 4261 992 4325 perdideramus
1015 4262 1071 4313 OV.
1172 4279 1187 4310 a
1199 4263 1256 4327 que]
1276 4261 1363 4326 scripsi
1374 4279 1381 4322 ;
1398 4279 1414 4311 a
1425 4279 1476 4327 qua
1487 4265 1562 4314 codd.
1661 4266 1694 4315 26
1705 4265 1839 4332 peceatum]

483 4349 584 4408 peteme
597 4343 626 4393 L.
728 4343 890 4406 hereditario]
901 4343 1084 4394 hereditarium
1095 4345 1126 4395 L.
1227 4345 1333 4406 turbati]
1342 4344 1393 4393 Lu
1406 4347 1565 4405 monsteriali
1573 4347 1629 4396 OV.
1731 4347 1841 4414 27perit]

488 4425 551 4486 LM,
573 4425 598 4475 Ο
616 4440 704 4490 merge
719 4428 801 4491 periit
819 4427 851 4488 V,
874 4428 898 4477 O
919 4429 944 4477 in
964 4435 1043 4480 textu.
1143 4427 1174 4478 28
1186 4429 1270 4492 quem]
1291 4429 1341 4477 Ln
1354 4447 1361 4489 ;
1373 4427 1420 4494 qni
1431 4429 1487 4479 OV.
1604 4433 1790 4497 contempserat]
1801 4431 1839 4492 L;

483 4508 629 4572 contempsit
640 4508 728 4559 MOV.

527 4662 555 4715 4.
569 4643 611 4701 ad
624 4636 681 4722 ees]
696 4643 804 4702 Matth.
825 4663 870 4716 14,
887 4663 901 4702 2
907 4663 932 4721 5.
1235 4665 1279 4704 ao.
1294 4646 1324 4705 in
1336 4641 1498 4727 aeternnm]
1516 4647 1555 4708 Is.
1572 4667 1620 4720 40,
1637 4651 1664 4708 6.
1682 4653 1708 4710 8.
