<?xml version="1.0" encoding="UTF-8"?>
<!DOCTYPE html PUBLIC "-//W3C//DTD XHTML 1.0 Transitional//EN"
    "http://www.w3.org/TR/xhtml1/DTD/xhtml1-transitional.dtd">
<html xmlns="http://www.w3.org/1999/xhtml" xml:lang="en" lang="en">
 <head>
  <title>
</title>
<meta http-equiv="Content-Type" content="text/html;charset=utf-8" />
  <meta name='ocr-system' content='tesseract 3.04.00' />
  <meta name='ocr-capabilities' content='ocr_page ocr_carea ocr_par ocr_line ocrx_word'/>
</head>
<body>
  <div class='ocr_page' id='page_1' title='image "./commentarioliin00morigoog/commentarioliin00morigoog_0114.png"; bbox 0 0 4158 5492; ppageno 0'>
   <div class='ocr_carea' id='block_1_1' title="bbox 248 355 1603 447">
    <p class='ocr_par' dir='ltr' id='par_1_1' title="bbox 248 355 1603 447">
     <span class='ocr_line' id='line_1_1' title="bbox 248 355 1603 447; baseline -0.006 -19"><span class='ocrx_word' id='word_1_1' title='bbox 248 357 337 447; x_wconf 80' lang='lat' dir='ltr'><strong>ertu]</strong></span> <span class='ocrx_word' id='word_1_2' title='bbox 584 358 954 426; x_wconf 82' lang='lat' dir='ltr'><strong>COMMENTARIOLI</strong></span> <span class='ocrx_word' id='word_1_3' title='bbox 984 361 1032 424; x_wconf 90' lang='lat' dir='ltr'><strong>IN</strong></span> <span class='ocrx_word' id='word_1_4' title='bbox 1062 356 1259 424; x_wconf 84' lang='lat' dir='ltr'>PSALMOS.</span> <span class='ocrx_word' id='word_1_5' title='bbox 1548 355 1603 441; x_wconf 84' lang='lat'><strong>79</strong></span> 
     </span>
    </p>
   </div>
   <div class='ocr_carea' id='block_1_2' title="bbox 208 573 1609 1664">
    <p class='ocr_par' dir='ltr' id='par_1_2' title="bbox 208 573 1609 1664">
     <span class='ocr_line' id='line_1_2' title="bbox 245 573 1599 694; baseline -0.008 -28"><span class='ocrx_word' id='word_1_6' title='bbox 245 581 432 694; x_wconf 82' lang='lat' dir='ltr'><strong>Ieg&#39;imus</strong></span> <span class='ocrx_word' id='word_1_7' title='bbox 465 579 650 666; x_wconf 89' lang='lat' dir='ltr'><strong>Iudaeos</strong></span> <span class='ocrx_word' id='word_1_8' title='bbox 671 580 714 662; x_wconf 92' lang='lat' dir='ltr'><strong>in</strong></span> <span class='ocrx_word' id='word_1_9' title='bbox 736 607 879 664; x_wconf 89' lang='lat' dir='ltr'><strong>eremo</strong></span> <span class='ocrx_word' id='word_1_10' title='bbox 908 579 1077 664; x_wconf 90' lang='lat' dir='ltr'><strong>vinctos</strong></span> <span class='ocrx_word' id='word_1_11' title='bbox 1097 591 1140 662; x_wconf 93' lang='lat' dir='ltr'><strong>et</strong></span> <span class='ocrx_word' id='word_1_12' title='bbox 1161 579 1204 661; x_wconf 91' lang='lat' dir='ltr'><strong>in</strong></span> <span class='ocrx_word' id='word_1_13' title='bbox 1236 575 1424 670; x_wconf 90' lang='lat' dir='ltr'><strong>tenebris</strong></span> <span class='ocrx_word' id='word_1_14' title='bbox 1455 573 1599 657; x_wconf 83' lang='lat' dir='ltr'><strong>fuisse.</strong></span> 
     </span>
     <span class='ocr_line' id='line_1_3' title="bbox 243 713 1609 829; baseline -0.007 -25"><span class='ocrx_word' id='word_1_15' title='bbox 243 721 338 829; x_wconf 80' lang='lat' dir='ltr'><strong>Qut</strong></span> <span class='ocrx_word' id='word_1_16' title='bbox 353 721 618 805; x_wconf 84' lang='lat' dir='ltr'><strong>descendunt</strong></span> <span class='ocrx_word' id='word_1_17' title='bbox 650 720 837 803; x_wconf 78' lang='lat' dir='ltr'><strong>marein</strong></span> <span class='ocrx_word' id='word_1_18' title='bbox 857 717 1053 819; x_wconf 72' lang='lat' dir='ltr'><strong>navibus,</strong></span> <span class='ocrx_word' id='word_1_19' title='bbox 1063 717 1252 827; x_wconf 86' lang='lat' dir='ltr'><strong>faciunt</strong></span> <span class='ocrx_word' id='word_1_20' title='bbox 1285 722 1392 827; x_wconf 74' lang='lat' dir='ltr'><strong>opus</strong></span> <span class='ocrx_word' id='word_1_21' title='bbox 1413 717 1460 798; x_wconf 82' lang='lat' dir='ltr'><strong>in</strong></span> <span class='ocrx_word' id='word_1_22' title='bbox 1481 713 1609 823; x_wconf 84' lang='lat' dir='ltr'><strong>aqm&#39;s</strong></span> 
     </span>
     <span class='ocr_line' id='line_1_4' title="bbox 244 853 1604 968; baseline -0.009 -22"><span class='ocrx_word' id='word_1_23' title='bbox 244 860 409 962; x_wconf 83' lang='lat' dir='ltr'><strong>multis,</strong></span> <span class='ocrx_word' id='word_1_24' title='bbox 433 858 522 968; x_wconf 68' lang='lat' dir='ltr'><strong>mse·</strong></span> <span class='ocrx_word' id='word_1_25' title='bbox 537 858 743 942; x_wconf 79' lang='lat' dir='ltr'><strong>m&#39;derunt</strong></span> <span class='ocrx_word' id='word_1_26' title='bbox 762 857 986 940; x_wconf 80' lang='lat' dir='ltr'><strong>mirabilia</strong></span> <span class='ocrx_word' id='word_1_27' title='bbox 1008 858 1198 940; x_wconf 81' lang='lat' dir='ltr'><em>Domini.</em></span> <span class='ocrx_word' id='word_1_28' title='bbox 1240 857 1321 938; x_wconf 92' lang='lat' dir='ltr'><strong>Per</strong></span> <span class='ocrx_word' id='word_1_29' title='bbox 1353 853 1604 938; x_wconf 79' lang='lat' dir='ltr'><strong>metaturam</strong></span> 
     </span>
     <span class='ocr_line' id='line_1_5' title="bbox 245 994 1605 1108; baseline -0.008 -24"><span class='ocrx_word' id='word_1_30' title='bbox 245 1001 391 1101; x_wconf 89' lang='lat' dir='ltr'><strong>maris,</strong></span> <span class='ocrx_word' id='word_1_31' title='bbox 415 999 639 1096; x_wconf 88' lang='lat' dir='ltr'>fluctuum,</span> <span class='ocrx_word' id='word_1_32' title='bbox 662 996 943 1108; x_wconf 67' lang='lat' dir='ltr'><strong>tempestatis</strong></span> <span class='ocrx_word' id='word_1_33' title='bbox 967 995 1271 1106; x_wconf 83' lang='lat' dir='ltr'><strong>temptationes</strong></span> <span class='ocrx_word' id='word_1_34' title='bbox 1306 994 1466 1105; x_wconf 89' lang='lat' dir='ltr'><strong>quibus</strong></span> <span class='ocrx_word' id='word_1_35' title='bbox 1501 994 1605 1075; x_wconf 91' lang='lat' dir='ltr'><strong>coti-</strong></span> 
     </span>
     <span class='ocr_line' id='line_1_6' title="bbox 208 1131 1604 1252; baseline -0.008 -29"><span class='ocrx_word' id='word_1_36' title='bbox 208 1168 225 1223; x_wconf 82' lang='lat' dir='ltr'><strong>s</strong></span> <span class='ocrx_word' id='word_1_37' title='bbox 244 1140 316 1225; x_wconf 92' lang='lat' dir='ltr'><strong>die</strong></span> <span class='ocrx_word' id='word_1_38' title='bbox 335 1138 558 1252; x_wconf 87' lang='lat' dir='ltr'>quatimur</span> <span class='ocrx_word' id='word_1_39' title='bbox 579 1135 831 1220; x_wconf 90' lang='lat' dir='ltr'><strong>indicantur.</strong></span> <span class='ocrx_word' id='word_1_40' title='bbox 854 1136 969 1243; x_wconf 79' lang='lat' dir='ltr'><strong>Quis</strong></span> <span class='ocrx_word' id='word_1_41' title='bbox 988 1137 1187 1245; x_wconf 34' lang='lat' dir='ltr'><strong>*sapiens</strong></span> <span class='ocrx_word' id='word_1_42' title='bbox 1209 1141 1253 1218; x_wconf 92' lang='lat' dir='ltr'><strong>et</strong></span> <span class='ocrx_word' id='word_1_43' title='bbox 1280 1133 1474 1217; x_wconf 78' lang='lat' dir='ltr'><strong>servabit</strong></span> <span class='ocrx_word' id='word_1_44' title='bbox 1503 1131 1604 1232; x_wconf 85' lang='lat' dir='ltr'><strong>ista,</strong></span> 
     </span>
     <span class='ocr_line' id='line_1_7' title="bbox 243 1271 1604 1386; baseline -0.007 -25"><span class='ocrx_word' id='word_1_45' title='bbox 243 1283 289 1361; x_wconf 90' lang='lat' dir='ltr'><strong>et</strong></span> <span class='ocrx_word' id='word_1_46' title='bbox 322 1277 544 1386; x_wconf 80' lang='lat' dir='ltr'><strong>intelleget</strong></span> <span class='ocrx_word' id='word_1_47' title='bbox 573 1275 894 1359; x_wconf 67' lang='lat' dir='ltr'><strong>misericordias</strong></span> <span class='ocrx_word' id='word_1_48' title='bbox 927 1274 1150 1358; x_wconf 78' lang='lat' dir='ltr'><em>Domini?</em></span> <span class='ocrx_word' id='word_1_49' title='bbox 1182 1273 1336 1359; x_wconf 86' lang='lat' dir='ltr'><strong>Simile</strong></span> <span class='ocrx_word' id='word_1_50' title='bbox 1358 1271 1476 1384; x_wconf 85' lang='lat' dir='ltr'><strong>¹quid</strong></span> <span class='ocrx_word' id='word_1_51' title='bbox 1497 1284 1540 1354; x_wconf 90' lang='lat' dir='ltr'><strong>et</strong></span> <span class='ocrx_word' id='word_1_52' title='bbox 1561 1271 1604 1352; x_wconf 94' lang='lat' dir='ltr'><strong>in</strong></span> 
     </span>
     <span class='ocr_line' id='line_1_8' title="bbox 245 1410 1606 1524; baseline -0.005 -25"><span class='ocrx_word' id='word_1_53' title='bbox 245 1417 359 1500; x_wconf 89' lang='lat' dir='ltr'><strong>Osee</strong></span> <span class='ocrx_word' id='word_1_54' title='bbox 380 1415 466 1498; x_wconf 86' lang='lat' dir='ltr'><strong>fine</strong></span> <span class='ocrx_word' id='word_1_55' title='bbox 486 1413 665 1499; x_wconf 88' lang='lat' dir='ltr'><strong>dicitur:</strong></span> <span class='ocrx_word' id='word_1_56' title='bbox 686 1440 738 1496; x_wconf 87' lang='lat' dir='ltr'><strong>ex</strong></span> <span class='ocrx_word' id='word_1_57' title='bbox 758 1440 846 1524; x_wconf 93' lang='lat' dir='ltr'><strong>quo</strong></span> <span class='ocrx_word' id='word_1_58' title='bbox 866 1413 1080 1512; x_wconf 89' lang='lat' dir='ltr'><strong>docemur,</strong></span> <span class='ocrx_word' id='word_1_59' title='bbox 1105 1413 1201 1496; x_wconf 87' lang='lat' dir='ltr'><strong>licet</strong></span> <span class='ocrx_word' id='word_1_60' title='bbox 1231 1411 1455 1496; x_wconf 87' lang='lat' dir='ltr'><strong>historiam</strong></span> <span class='ocrx_word' id='word_1_61' title='bbox 1487 1410 1606 1493; x_wconf 89' lang='lat' dir='ltr'><strong>vide-</strong></span> 
     </span>
     <span class='ocr_line' id='line_1_9' title="bbox 243 1550 1607 1664; baseline -0.004 -28"><span class='ocrx_word' id='word_1_62' title='bbox 243 1565 375 1636; x_wconf 88' lang='lat' dir='ltr'>antur</span> <span class='ocrx_word' id='word_1_63' title='bbox 395 1579 549 1636; x_wconf 88' lang='lat' dir='ltr'><strong>sonare</strong></span> <span class='ocrx_word' id='word_1_64' title='bbox 568 1579 679 1664; x_wconf 83' lang='lat' dir='ltr'><strong>quae</strong></span> <span class='ocrx_word' id='word_1_65' title='bbox 699 1553 857 1662; x_wconf 89' lang='lat' dir='ltr'><strong>scripta</strong></span> <span class='ocrx_word' id='word_1_66' title='bbox 877 1563 991 1650; x_wconf 90' lang='lat' dir='ltr'><strong>sunt,</strong></span> <span class='ocrx_word' id='word_1_67' title='bbox 1016 1564 1159 1635; x_wconf 89' lang='lat' dir='ltr'><strong>tamen</strong></span> <span class='ocrx_word' id='word_1_68' title='bbox 1187 1552 1460 1635; x_wconf 87' lang='lat' dir='ltr'><strong>sacratiorem</strong></span> <span class='ocrx_word' id='word_1_69' title='bbox 1482 1550 1607 1633; x_wconf 90' lang='lat' dir='ltr'><strong>intel-</strong></span> 
     </span>
    </p>
   </div>
   <div class='ocr_carea' id='block_1_3' title="bbox 190 1691 999 1910">
    <p class='ocr_par' dir='ltr' id='par_1_3' title="bbox 190 1691 999 1910">
     <span class='ocr_line' id='line_1_10' title="bbox 244 1691 705 1804; baseline -0.004 -28"><span class='ocrx_word' id='word_1_70' title='bbox 244 1691 479 1804; x_wconf 86' lang='lat' dir='ltr'><strong>legentiam</strong></span> <span class='ocrx_word' id='word_1_71' title='bbox 500 1691 705 1804; x_wconf 85' lang='lat' dir='ltr'><strong>flagitare.</strong></span> 
     </span>
     <span class='ocr_line' id='line_1_11' title="bbox 190 1827 999 1910; baseline 0.009 -7"><span class='ocrx_word' id='word_1_72' title='bbox 190 1863 228 1903; x_wconf 82' lang='grc' dir='ltr'><strong>ιο</strong></span> <span class='ocrx_word' id='word_1_73' title='bbox 856 1827 999 1910; x_wconf 90' lang='lat' dir='ltr'>CVII.</span> 
     </span>
    </p>
   </div>
   <div class='ocr_carea' id='block_1_4' title="bbox 194 2077 1609 3161">
    <p class='ocr_par' dir='ltr' id='par_1_4' title="bbox 245 2077 1608 2607">
     <span class='ocr_line' id='line_1_12' title="bbox 302 2077 1608 2188; baseline 0 -25"><span class='ocrx_word' id='word_1_74' title='bbox 302 2079 448 2188; x_wconf 71' lang='lat' dir='ltr'><strong>Super</strong></span> <span class='ocrx_word' id='word_1_75' title='bbox 464 2078 723 2160; x_wconf 84' lang='lat' dir='ltr'><strong>Idumaeam</strong></span> <span class='ocrx_word' id='word_1_76' title='bbox 744 2077 970 2160; x_wconf 78' lang='lat' dir='ltr'><strong>inmittam</strong></span> <span class='ocrx_word' id='word_1_77' title='bbox 991 2077 1325 2162; x_wconf 80' lang='lat' dir='ltr'><strong>calciamentum</strong></span> <span class='ocrx_word' id='word_1_78' title='bbox 1346 2107 1497 2165; x_wconf 83' lang='lat' dir='ltr'><strong>meam.</strong></span> <span class='ocrx_word' id='word_1_79' title='bbox 1524 2081 1608 2164; x_wconf 93' lang='lat' dir='ltr'><strong>Pro</strong></span> 
     </span>
     <span class='ocr_line' id='line_1_13' title="bbox 247 2215 1608 2333; baseline -0.001 -30"><span class='ocrx_word' id='word_1_80' title='bbox 247 2218 480 2317; x_wconf 85' lang='lat' dir='ltr'><strong>inmittam,</strong></span> <span class='ocrx_word' id='word_1_81' title='bbox 504 2215 663 2327; x_wconf 82' lang='lat' dir='ltr'><strong>Aquila</strong></span> <span class='ocrx_word' id='word_1_82' title='bbox 687 2225 694 2255; x_wconf 91' lang='lat'>‘</span> <span class='ocrx_word' id='word_1_83' title='bbox 718 2216 920 2325; x_wconf 89' lang='lat' dir='ltr'><strong>proiciam</strong></span> <span class='ocrx_word' id='word_1_84' title='bbox 944 2218 951 2246; x_wconf 90' lang='lat'>&#39;</span> <span class='ocrx_word' id='word_1_85' title='bbox 975 2217 1278 2326; x_wconf 90' lang='lat' dir='ltr'><strong>interpretatus</strong></span> <span class='ocrx_word' id='word_1_86' title='bbox 1309 2231 1398 2302; x_wconf 86' lang='lat' dir='ltr'><strong>est:</strong></span> <span class='ocrx_word' id='word_1_87' title='bbox 1420 2247 1507 2333; x_wconf 89' lang='lat' dir='ltr'><strong>quo</strong></span> <span class='ocrx_word' id='word_1_88' title='bbox 1529 2221 1608 2304; x_wconf 88' lang='lat' dir='ltr'><strong>sci-</strong></span> 
     </span>
     <span class='ocr_line' id='line_1_14' title="bbox 245 2352 1607 2441; baseline 0.001 0"><span class='ocrx_word' id='word_1_89' title='bbox 245 2357 344 2441; x_wconf 89' lang='lat' dir='ltr'><strong>licet</strong></span> <span class='ocrx_word' id='word_1_90' title='bbox 364 2355 492 2439; x_wconf 87' lang='lat' dir='ltr'><strong>etiarn</strong></span> <span class='ocrx_word' id='word_1_91' title='bbox 515 2353 551 2436; x_wconf 90' lang='lat' dir='ltr'><strong>ei</strong></span> <span class='ocrx_word' id='word_1_92' title='bbox 578 2352 784 2435; x_wconf 87' lang='lat' dir='ltr'><strong>Idumaea</strong></span> <span class='ocrx_word' id='word_1_93' title='bbox 814 2353 1006 2437; x_wconf 90' lang='lat' dir='ltr'><strong>subiecta</strong></span> <span class='ocrx_word' id='word_1_94' title='bbox 1033 2352 1100 2436; x_wconf 89' lang='lat' dir='ltr'><strong>sit.</strong></span> <span class='ocrx_word' id='word_1_95' title='bbox 1128 2353 1334 2440; x_wconf 91' lang='lat' dir='ltr'><strong>Idumaea</strong></span> <span class='ocrx_word' id='word_1_96' title='bbox 1359 2370 1504 2441; x_wconf 89' lang='lat' dir='ltr'><strong>autem</strong></span> <span class='ocrx_word' id='word_1_97' title='bbox 1533 2373 1607 2441; x_wconf 91' lang='lat' dir='ltr'><strong>aut</strong></span> 
     </span>
     <span class='ocr_line' id='line_1_15' title="bbox 247 2495 1608 2607; baseline -0.001 -26"><span class='ocrx_word' id='word_1_98' title='bbox 247 2511 416 2581; x_wconf 90' lang='lat' dir='ltr'><strong>terrena</strong></span> <span class='ocrx_word' id='word_1_99' title='bbox 437 2497 749 2607; x_wconf 88' lang='lat' dir='ltr'><strong>interpretatur,</strong></span> <span class='ocrx_word' id='word_1_100' title='bbox 772 2507 847 2578; x_wconf 93' lang='lat' dir='ltr'><strong>aut</strong></span> <span class='ocrx_word' id='word_1_101' title='bbox 868 2495 1156 2606; x_wconf 87' lang='lat' dir='ltr'><strong>sanguinaria.</strong></span> <span class='ocrx_word' id='word_1_102' title='bbox 1183 2497 1243 2579; x_wconf 91' lang='lat' dir='ltr'><strong>Et</strong></span> <span class='ocrx_word' id='word_1_103' title='bbox 1263 2509 1382 2581; x_wconf 89' lang='lat' dir='ltr'><strong>totus</strong></span> <span class='ocrx_word' id='word_1_104' title='bbox 1413 2497 1608 2606; x_wconf 87' lang='lat' dir='ltr'><strong>psalmus</strong></span> 
     </span>
    </p>

    <p class='ocr_par' dir='ltr' id='par_1_5' title="bbox 194 2633 1609 3161">
     <span class='ocr_line' id='line_1_16' title="bbox 194 2633 1607 2747; baseline 0.007 -37"><span class='ocrx_word' id='word_1_105' title='bbox 194 2671 227 2726; x_wconf 71' lang='grc' dir='ltr'><strong>ις</strong></span> <span class='ocrx_word' id='word_1_106' title='bbox 250 2636 489 2720; x_wconf 91' lang='lat' dir='ltr'><strong>secundum</strong></span> <span class='ocrx_word' id='word_1_107' title='bbox 512 2661 689 2718; x_wconf 89' lang='lat' dir='ltr'><strong>sensum</strong></span> <span class='ocrx_word' id='word_1_108' title='bbox 711 2633 926 2744; x_wconf 87' lang='lat' dir='ltr'><strong>duplicem</strong></span> <span class='ocrx_word' id='word_1_109' title='bbox 947 2647 1022 2717; x_wconf 92' lang='lat' dir='ltr'><strong>aut</strong></span> <span class='ocrx_word' id='word_1_110' title='bbox 1042 2635 1097 2717; x_wconf 95' lang='lat' dir='ltr'><strong>ad</strong></span> <span class='ocrx_word' id='word_1_111' title='bbox 1123 2636 1265 2719; x_wconf 87' lang='lat' dir='ltr'><strong>David</strong></span> <span class='ocrx_word' id='word_1_112' title='bbox 1284 2638 1473 2736; x_wconf 82' lang='lat' dir='ltr'><strong>retertur,</strong></span> <span class='ocrx_word' id='word_1_113' title='bbox 1490 2635 1607 2747; x_wconf 91' lang='lat' dir='ltr'><strong>quod</strong></span> 
     </span>
     <span class='ocr_line' id='line_1_17' title="bbox 249 2771 1607 2885; baseline 0 -28"><span class='ocrx_word' id='word_1_114' title='bbox 249 2801 381 2884; x_wconf 89' lang='lat' dir='ltr'><strong>super</strong></span> <span class='ocrx_word' id='word_1_115' title='bbox 400 2773 479 2857; x_wconf 87' lang='lat' dir='ltr'><strong>has</strong></span> <span class='ocrx_word' id='word_1_116' title='bbox 508 2783 660 2885; x_wconf 85' lang='lat' dir='ltr'><strong>gentes</strong></span> <span class='ocrx_word' id='word_1_117' title='bbox 697 2773 792 2854; x_wconf 91' lang='lat' dir='ltr'><strong>Deo</strong></span> <span class='ocrx_word' id='word_1_118' title='bbox 813 2798 859 2855; x_wconf 89' lang='lat' dir='ltr'><strong>se</strong></span> <span class='ocrx_word' id='word_1_119' title='bbox 878 2771 1113 2855; x_wconf 88' lang='lat' dir='ltr'><strong>adiuvante</strong></span> <span class='ocrx_word' id='word_1_120' title='bbox 1149 2775 1412 2885; x_wconf 89' lang='lat' dir='ltr'><strong>regnaverit:</strong></span> <span class='ocrx_word' id='word_1_121' title='bbox 1447 2787 1522 2856; x_wconf 90' lang='lat' dir='ltr'><strong>aut</strong></span> <span class='ocrx_word' id='word_1_122' title='bbox 1553 2774 1607 2857; x_wconf 93' lang='lat' dir='ltr'><strong>ad</strong></span> 
     </span>
     <span class='ocr_line' id='line_1_18' title="bbox 250 2911 1609 3022; baseline 0.002 -28"><span class='ocrx_word' id='word_1_123' title='bbox 250 2912 474 3022; x_wconf 90' lang='lat' dir='ltr'><strong>Xpistum‚</strong></span> <span class='ocrx_word' id='word_1_124' title='bbox 497 2923 545 2993; x_wconf 92' lang='lat' dir='ltr'><strong>ut</strong></span> <span class='ocrx_word' id='word_1_125' title='bbox 577 2911 815 2994; x_wconf 86' lang='lat' dir='ltr'><strong>secundum</strong></span> <span class='ocrx_word' id='word_1_126' title='bbox 847 2911 1240 3021; x_wconf 89' lang='lat' dir='ltr'><strong>interpretationem</strong></span> <span class='ocrx_word' id='word_1_127' title='bbox 1274 2915 1500 2997; x_wconf 88' lang='lat' dir='ltr'><strong>nominum</strong></span> <span class='ocrx_word' id='word_1_128' title='bbox 1537 2913 1609 2997; x_wconf 95' lang='lat' dir='ltr'><strong>he-</strong></span> 
     </span>
     <span class='ocr_line' id='line_1_19' title="bbox 248 3027 1509 3161; baseline 0.005 -29"><span class='ocrx_word' id='word_1_129' title='bbox 248 3049 475 3134; x_wconf 84' lang='lat' dir='ltr'><strong>braeorum</strong></span> <span class='ocrx_word' id='word_1_130' title='bbox 497 3048 691 3131; x_wconf 88' lang='lat' dir='ltr'><strong>diversas</strong></span> <span class='ocrx_word' id='word_1_131' title='bbox 711 3047 911 3131; x_wconf 86' lang='lat' dir='ltr'><strong>ecclesiae</strong></span> <span class='ocrx_word' id='word_1_132' title='bbox 933 3027 1181 3161; x_wconf 89' lang='lat' dir='ltr'><strong>reputemus</strong></span> <span class='ocrx_word' id='word_1_133' title='bbox 1201 3077 1296 3134; x_wconf 85' lang='lat' dir='ltr'><strong>esse</strong></span> <span class='ocrx_word' id='word_1_134' title='bbox 1316 3054 1509 3138; x_wconf 78' lang='lat' dir='ltr'><strong>virtutes</strong></span> 
     </span>
    </p>
   </div>
   <div class='ocr_carea' id='block_1_5' title="bbox 844 3325 1012 3411">
    <p class='ocr_par' dir='ltr' id='par_1_6' title="bbox 844 3325 1012 3411">
     <span class='ocr_line' id='line_1_20' title="bbox 844 3325 1012 3411; baseline 0.012 -3"><span class='ocrx_word' id='word_1_135' title='bbox 844 3325 1012 3411; x_wconf 88' lang='lat' dir='ltr'><strong>CVIII.</strong></span> 
     </span>
    </p>
   </div>
   <div class='ocr_carea' id='block_1_6' title="bbox 191 3577 1609 3966">
    <p class='ocr_par' dir='ltr' id='par_1_7' title="bbox 191 3577 1609 3966">
     <span class='ocr_line' id='line_1_21' title="bbox 191 3577 1609 3683; baseline 0.007 -29"><span class='ocrx_word' id='word_1_136' title='bbox 191 3617 228 3654; x_wconf 72' lang='grc' dir='ltr'><strong>ω</strong></span> <span class='ocrx_word' id='word_1_137' title='bbox 307 3578 377 3660; x_wconf 89' lang='lat' dir='ltr'><strong>Et</strong></span> <span class='ocrx_word' id='word_1_138' title='bbox 390 3577 587 3661; x_wconf 83' lang='lat' dir='ltr'><strong>diadolus</strong></span> <span class='ocrx_word' id='word_1_139' title='bbox 599 3581 688 3659; x_wconf 84' lang='lat' dir='ltr'><strong>stet</strong></span> <span class='ocrx_word' id='word_1_140' title='bbox 701 3604 728 3658; x_wconf 88' lang='lat' dir='ltr'><strong>a</strong></span> <span class='ocrx_word' id='word_1_141' title='bbox 742 3577 914 3661; x_wconf 76' lang='lat' dir='ltr'><strong>dextris</strong></span> <span class='ocrx_word' id='word_1_142' title='bbox 931 3578 1035 3661; x_wconf 87' lang='lat' dir='ltr'><strong>eius.</strong></span> <span class='ocrx_word' id='word_1_143' title='bbox 1059 3580 1142 3662; x_wconf 90' lang='lat' dir='ltr'><strong>Pro</strong></span> <span class='ocrx_word' id='word_1_144' title='bbox 1159 3578 1343 3683; x_wconf 73' lang='lat' dir='ltr'><strong>diabolo</strong></span> <span class='ocrx_word' id='word_1_145' title='bbox 1364 3581 1407 3663; x_wconf 92' lang='lat' dir='ltr'><strong>in</strong></span> <span class='ocrx_word' id='word_1_146' title='bbox 1425 3580 1609 3664; x_wconf 89' lang='lat' dir='ltr'><strong>hebraeo</strong></span> 
     </span>
     <span class='ocr_line' id='line_1_22' title="bbox 252 3715 1606 3827; baseline 0.003 -29"><span class='ocrx_word' id='word_1_147' title='bbox 252 3726 412 3799; x_wconf 85' lang='lat' dir='ltr'><strong>‘satan</strong></span> <span class='ocrx_word' id='word_1_148' title='bbox 439 3716 447 3744; x_wconf 91' lang='grc'><strong><em>’</em></strong></span> <span class='ocrx_word' id='word_1_149' title='bbox 474 3715 682 3826; x_wconf 88' lang='lat' dir='ltr'><strong>scriptum</strong></span> <span class='ocrx_word' id='word_1_150' title='bbox 718 3727 795 3814; x_wconf 89' lang='lat' dir='ltr'><strong>est,</strong></span> <span class='ocrx_word' id='word_1_151' title='bbox 838 3715 954 3825; x_wconf 91' lang='lat' dir='ltr'><strong>quod</strong></span> <span class='ocrx_word' id='word_1_152' title='bbox 989 3717 1291 3827; x_wconf 89' lang='lat' dir='ltr'><strong>interpretatur</strong></span> <span class='ocrx_word' id='word_1_153' title='bbox 1321 3719 1606 3802; x_wconf 87' lang='lat' dir='ltr'><strong>adversarius.</strong></span> 
     </span>
     <span class='ocr_line' id='line_1_23' title="bbox 252 3852 1609 3966; baseline -0.001 -26"><span class='ocrx_word' id='word_1_154' title='bbox 252 3855 468 3940; x_wconf 89' lang='lat' dir='ltr'><strong>Diabolus</strong></span> <span class='ocrx_word' id='word_1_155' title='bbox 486 3878 590 3935; x_wconf 91' lang='lat' dir='ltr'><strong>vero</strong></span> <span class='ocrx_word' id='word_1_156' title='bbox 609 3878 808 3963; x_wconf 86' lang='lat' dir='ltr'><strong>graecum</strong></span> <span class='ocrx_word' id='word_1_157' title='bbox 830 3852 1088 3935; x_wconf 90' lang='lat' dir='ltr'><strong>vocabulum</strong></span> <span class='ocrx_word' id='word_1_158' title='bbox 1110 3867 1201 3938; x_wconf 89' lang='lat' dir='ltr'><strong>est:</strong></span> <span class='ocrx_word' id='word_1_159' title='bbox 1228 3883 1356 3966; x_wconf 90' lang='lat' dir='ltr'><strong>quem</strong></span> <span class='ocrx_word' id='word_1_160' title='bbox 1380 3886 1458 3941; x_wconf 90' lang='lat' dir='ltr'><strong>nos</strong></span> <span class='ocrx_word' id='word_1_161' title='bbox 1482 3859 1609 3940; x_wconf 89' lang='lat' dir='ltr'><strong>inter-</strong></span> 
     </span>
    </p>
   </div>
   <div class='ocr_carea' id='block_1_7' title="bbox 238 4057 1610 4374">
    <p class='ocr_par' dir='ltr' id='par_1_8' title="bbox 238 4057 1610 4374">
     <span class='ocr_line' id='line_1_24' title="bbox 281 4057 1610 4124; baseline 0.001 -14"><span class='ocrx_word' id='word_1_162' title='bbox 281 4059 399 4122; x_wconf 78' lang='lat' dir='ltr'><strong>4man‘s,</strong></span> <span class='ocrx_word' id='word_1_163' title='bbox 414 4057 553 4122; x_wconf 77' lang='lat' dir='ltr'><strong>fluctuum,</strong></span> <span class='ocrx_word' id='word_1_164' title='bbox 573 4057 733 4120; x_wconf 76' lang='lat' dir='ltr'><strong>tempestatis]</strong></span> <span class='ocrx_word' id='word_1_165' title='bbox 745 4057 781 4115; x_wconf 84' lang='lat' dir='ltr'><strong>E;</strong></span> <span class='ocrx_word' id='word_1_166' title='bbox 815 4057 895 4106; x_wconf 78' lang='lat' dir='ltr'><strong>rueris</strong></span> <span class='ocrx_word' id='word_1_167' title='bbox 913 4063 936 4106; x_wconf 84' lang='lat' dir='ltr'><strong>et</strong></span> <span class='ocrx_word' id='word_1_168' title='bbox 945 4057 1077 4123; x_wconf 75' lang='lat' dir='ltr'><strong>stratuum</strong></span> <span class='ocrx_word' id='word_1_169' title='bbox 1096 4064 1247 4124; x_wconf 82' lang='lat' dir='ltr'><strong>tempestates</strong></span> <span class='ocrx_word' id='word_1_170' title='bbox 1266 4060 1420 4121; x_wconf 87' lang='lat' dir='ltr'><strong>(coniunctio</strong></span> <span class='ocrx_word' id='word_1_171' title='bbox 1432 4068 1456 4111; x_wconf 85' lang='lat' dir='ltr'><strong>et</strong></span> <span class='ocrx_word' id='word_1_172' title='bbox 1466 4061 1553 4111; x_wconf 84' lang='lat' dir='ltr'><strong>addita</strong></span> <span class='ocrx_word' id='word_1_173' title='bbox 1572 4069 1610 4112; x_wconf 87' lang='lat' dir='ltr'><strong>est</strong></span> 
     </span>
     <span class='ocr_line' id='line_1_25' title="bbox 246 4139 1610 4210; baseline -0.008 -16"><span class='ocrx_word' id='word_1_174' title='bbox 246 4159 306 4210; x_wconf 81' lang='lat' dir='ltr'><strong>sup.</strong></span> <span class='ocrx_word' id='word_1_175' title='bbox 317 4141 376 4202; x_wconf 77' lang='lat' dir='ltr'><strong>lin.)</strong></span> <span class='ocrx_word' id='word_1_176' title='bbox 388 4141 432 4200; x_wconf 77' lang='lat' dir='ltr'><strong>M3</strong></span> <span class='ocrx_word' id='word_1_177' title='bbox 465 4140 545 4189; x_wconf 85' lang='lat' dir='ltr'><strong>maris</strong></span> <span class='ocrx_word' id='word_1_178' title='bbox 555 4146 578 4189; x_wconf 87' lang='lat' dir='ltr'><strong>et</strong></span> <span class='ocrx_word' id='word_1_179' title='bbox 579 4139 712 4204; x_wconf 79' lang='lat' dir='ltr'><strong>fluctuum</strong></span> <span class='ocrx_word' id='word_1_180' title='bbox 725 4141 758 4199; x_wconf 84' lang='lat' dir='ltr'><strong>(et</strong></span> <span class='ocrx_word' id='word_1_181' title='bbox 768 4139 827 4188; x_wconf 80' lang='lat' dir='ltr'><strong>add.</strong></span> <span class='ocrx_word' id='word_1_182' title='bbox 838 4154 892 4205; x_wconf 80' lang='lat' dir='ltr'><strong>sup.</strong></span> <span class='ocrx_word' id='word_1_183' title='bbox 905 4141 962 4201; x_wconf 81' lang='lat' dir='ltr'><strong>tiu.)</strong></span> <span class='ocrx_word' id='word_1_184' title='bbox 979 4141 1128 4203; x_wconf 78' lang='lat' dir='ltr'><strong>tempestatis</strong></span> <span class='ocrx_word' id='word_1_185' title='bbox 1140 4143 1163 4201; x_wconf 84' lang='grc' dir='ltr'><strong>(ι’</strong></span> <span class='ocrx_word' id='word_1_186' title='bbox 1173 4157 1203 4190; x_wconf 87' lang='lat' dir='ltr'><strong>ex</strong></span> <span class='ocrx_word' id='word_1_187' title='bbox 1214 4143 1237 4202; x_wconf 77' lang='lat' dir='ltr'><strong>e)</strong></span> <span class='ocrx_word' id='word_1_188' title='bbox 1249 4141 1287 4201; x_wconf 67' lang='lat' dir='ltr'><strong>m</strong></span> <span class='ocrx_word' id='word_1_189' title='bbox 1322 4143 1403 4193; x_wconf 77' lang='lat' dir='ltr'><strong>amris</strong></span> <span class='ocrx_word' id='word_1_190' title='bbox 1409 4143 1535 4207; x_wconf 77' lang='lat' dir='ltr'><strong>fluctibus</strong></span> <span class='ocrx_word' id='word_1_191' title='bbox 1551 4151 1610 4194; x_wconf 61' lang='lat' dir='ltr'><strong>cmg.</strong></span> 
     </span>
     <span class='ocr_line' id='line_1_26' title="bbox 238 4223 1608 4296; baseline -0.001 -19"><span class='ocrx_word' id='word_1_192' title='bbox 238 4229 345 4296; x_wconf 71' lang='lat' dir='ltr'><strong>peratis</strong></span> <span class='ocrx_word' id='word_1_193' title='bbox 356 4225 386 4277; x_wconf 89' lang='lat' dir='ltr'><strong>C.</strong></span> <span class='ocrx_word' id='word_1_194' title='bbox 482 4223 757 4286; x_wconf 59' lang='lat' dir='ltr'><strong>aosrctadmntlm</strong></span> <span class='ocrx_word' id='word_1_195' title='bbox 789 4224 857 4274; x_wconf 80' lang='lat' dir='ltr'><strong>stetit</strong></span> <span class='ocrx_word' id='word_1_196' title='bbox 867 4223 903 4272; x_wconf 86' lang='lat' dir='ltr'><strong>ad</strong></span> <span class='ocrx_word' id='word_1_197' title='bbox 911 4223 1005 4272; x_wconf 70' lang='lat' dir='ltr'><strong>dextris</strong></span> <span class='ocrx_word' id='word_1_198' title='bbox 1014 4223 1098 4272; x_wconf 76' lang='lat' dir='ltr'><strong>EAM.</strong></span> <span class='ocrx_word' id='word_1_199' title='bbox 1196 4237 1224 4274; x_wconf 84' lang='lat'><strong>21</strong></span> <span class='ocrx_word' id='word_1_200' title='bbox 1238 4224 1322 4286; x_wconf 84' lang='lat' dir='ltr'><strong>satan]</strong></span> <span class='ocrx_word' id='word_1_201' title='bbox 1336 4226 1428 4285; x_wconf 84' lang='lat' dir='ltr'><strong>EAM;</strong></span> <span class='ocrx_word' id='word_1_202' title='bbox 1461 4225 1608 4276; x_wconf 76' lang='lat' dir='ltr'><strong>sathanae.</strong></span> 
     </span>
     <span class='ocr_line' id='line_1_27' title="bbox 245 4304 720 4374; baseline -0.017 -10"><span class='ocrx_word' id='word_1_203' title='bbox 245 4326 280 4364; x_wconf 83' lang='lat'><strong>22</strong></span> <span class='ocrx_word' id='word_1_204' title='bbox 292 4307 340 4371; x_wconf 82' lang='lat' dir='ltr'><strong>est]</strong></span> <span class='ocrx_word' id='word_1_205' title='bbox 351 4315 408 4374; x_wconf 83' lang='lat' dir='ltr'><strong>post</strong></span> <span class='ocrx_word' id='word_1_206' title='bbox 422 4309 428 4334; x_wconf 88' lang='lat'>‘</span> <span class='ocrx_word' id='word_1_207' title='bbox 443 4305 593 4356; x_wconf 82' lang='lat' dir='ltr'><strong>vocabulum</strong></span> <span class='ocrx_word' id='word_1_208' title='bbox 606 4304 612 4325; x_wconf 89' lang='lat'>’</span> <span class='ocrx_word' id='word_1_209' title='bbox 623 4321 674 4355; x_wconf 73' lang='lat' dir='ltr'><strong>our,</strong></span> <span class='ocrx_word' id='word_1_210' title='bbox 690 4305 720 4356; x_wconf 85' lang='grc' dir='ltr'><strong>Ε.</strong></span> 
     </span>
    </p>
   </div>
   <div class='ocr_carea' id='block_1_8' title="bbox 291 4460 1613 4628">
    <p class='ocr_par' dir='ltr' id='par_1_9' title="bbox 291 4460 1613 4628">
     <span class='ocr_line' id='line_1_28' title="bbox 291 4460 1613 4545; baseline 0 -17"><span class='ocrx_word' id='word_1_211' title='bbox 291 4470 320 4528; x_wconf 87' lang='grc'><strong>6.</strong></span> <span class='ocrx_word' id='word_1_212' title='bbox 343 4469 375 4528; x_wconf 83' lang='lat' dir='ltr'><strong>in</strong></span> <span class='ocrx_word' id='word_1_213' title='bbox 393 4460 544 4545; x_wconf 83' lang='lat' dir='ltr'><strong>Oseefine]</strong></span> <span class='ocrx_word' id='word_1_214' title='bbox 558 4483 583 4524; x_wconf 94' lang='lat' dir='ltr'><strong>c.</strong></span> <span class='ocrx_word' id='word_1_215' title='bbox 605 4483 649 4536; x_wconf 75' lang='lat' dir='ltr'><strong>rr,</strong></span> <span class='ocrx_word' id='word_1_216' title='bbox 665 4485 690 4522; x_wconf 81' lang='lat' dir='ltr'><strong>r.</strong></span> <span class='ocrx_word' id='word_1_217' title='bbox 710 4483 753 4523; x_wconf 90' lang='lat'><strong>10.</strong></span> <span class='ocrx_word' id='word_1_218' title='bbox 961 4465 1020 4524; x_wconf 89' lang='lat' dir='ltr'><strong>‘In</strong></span> <span class='ocrx_word' id='word_1_219' title='bbox 1037 4465 1211 4524; x_wconf 88' lang='lat' dir='ltr'><strong>Idumaeam</strong></span> <span class='ocrx_word' id='word_1_220' title='bbox 1237 4468 1408 4540; x_wconf 89' lang='lat' dir='ltr'><strong>descendet,</strong></span> <span class='ocrx_word' id='word_1_221' title='bbox 1425 4487 1501 4545; x_wconf 85' lang='lat' dir='ltr'><strong>quae</strong></span> <span class='ocrx_word' id='word_1_222' title='bbox 1527 4467 1613 4529; x_wconf 89' lang='lat' dir='ltr'><strong>inter-</strong></span> 
     </span>
     <span class='ocr_line' id='line_1_29' title="bbox 298 4540 1570 4628; baseline -0.002 -17"><span class='ocrx_word' id='word_1_223' title='bbox 298 4570 341 4624; x_wconf 75' lang='lat'><strong>14,</strong></span> <span class='ocrx_word' id='word_1_224' title='bbox 365 4557 421 4608; x_wconf 84' lang='lat' dir='ltr'><strong>aut</strong></span> <span class='ocrx_word' id='word_1_225' title='bbox 432 4540 639 4628; x_wconf 75' lang='lat' dir='ltr'><strong>sanguinaria]</strong></span> <span class='ocrx_word' id='word_1_226' title='bbox 654 4547 777 4607; x_wconf 86' lang='lat' dir='ltr'><strong>Hieron.</strong></span> <span class='ocrx_word' id='word_1_227' title='bbox 790 4545 905 4622; x_wconf 83' lang='lat' dir='ltr'><strong>Dialog.</strong></span> <span class='ocrx_word' id='word_1_228' title='bbox 959 4557 1089 4622; x_wconf 82' lang='lat' dir='ltr'><strong>pretatur</strong></span> <span class='ocrx_word' id='word_1_229' title='bbox 1103 4547 1148 4606; x_wconf 81' lang='lat' dir='ltr'><strong>vel</strong></span> <span class='ocrx_word' id='word_1_230' title='bbox 1163 4547 1350 4623; x_wconf 83' lang='lat' dir='ltr'><strong>sanguinaria</strong></span> <span class='ocrx_word' id='word_1_231' title='bbox 1365 4552 1411 4610; x_wconf 84' lang='lat' dir='ltr'><strong>vet</strong></span> <span class='ocrx_word' id='word_1_232' title='bbox 1426 4561 1541 4610; x_wconf 82' lang='lat' dir='ltr'><strong>terrena</strong></span> <span class='ocrx_word' id='word_1_233' title='bbox 1555 4552 1570 4609; x_wconf 92' lang='lat'><strong>&#39;.</strong></span> 
     </span>
    </p>
   </div>
   <div class='ocr_carea' id='block_1_9' title="bbox 245 4627 907 4708">
    <p class='ocr_par' dir='ltr' id='par_1_10' title="bbox 245 4627 907 4708">
     <span class='ocr_line' id='line_1_30' title="bbox 245 4627 907 4708; baseline -0.041 -11"><span class='ocrx_word' id='word_1_234' title='bbox 245 4647 356 4698; x_wconf 84' lang='lat' dir='ltr'><strong>contra</strong></span> <span class='ocrx_word' id='word_1_235' title='bbox 377 4631 478 4708; x_wconf 80' lang='lat' dir='ltr'><strong>Pelag.</strong></span> <span class='ocrx_word' id='word_1_236' title='bbox 495 4631 512 4688; x_wconf 89' lang='grc' dir='ltr'><strong>Ι.</strong></span> <span class='ocrx_word' id='word_1_237' title='bbox 531 4649 556 4702; x_wconf 82' lang='lat'><strong>2,</strong></span> <span class='ocrx_word' id='word_1_238' title='bbox 573 4648 601 4688; x_wconf 90' lang='lat' dir='ltr'><strong>n.</strong></span> <span class='ocrx_word' id='word_1_239' title='bbox 619 4646 655 4705; x_wconf 85' lang='lat'><strong>25</strong></span> <span class='ocrx_word' id='word_1_240' title='bbox 676 4627 731 4706; x_wconf 89' lang='grc' dir='ltr'><strong>(Μ,</strong></span> <span class='ocrx_word' id='word_1_241' title='bbox 751 4646 797 4706; x_wconf 74' lang='lat'><strong>23,</strong></span> <span class='ocrx_word' id='word_1_242' title='bbox 815 4627 907 4704; x_wconf 58' lang='lat'><strong>590),</strong></span> 
     </span>
    </p>
   </div>
   <div class='ocr_carea' id='block_1_10' title="bbox 0 0 2084 5492">
    <p class='ocr_par' dir='ltr' id='par_1_11' title="bbox 0 0 2084 5492">
     <span class='ocr_line' id='line_1_31' title="bbox 0 0 2084 5492; baseline 0 0"><span class='ocrx_word' id='word_1_243' title='bbox 0 0 2084 5492; x_wconf 95' lang='lat' dir='ltr'><strong> </strong></span> 
     </span>
    </p>
   </div>
  </div>
 </body>
</html>
