4062 5504
494 389 903 452 EXPOSITIUNCULAE
925 389 972 449 IN
996 391 1292 450 EVANGELIUM.
1490 400 1566 483 143

209 599 326 652 autem
350 589 451 653 iidem
467 589 620 653 homines
637 595 724 652 suut.
742 585 841 650 Rami
857 607 936 652 vero
951 586 994 650 de
1009 585 1182 650 arboribus
1199 587 1312 664 abcisi,
1335 597 1473 672 peccata
1489 599 1567 655 sunt

210 691 352 772 quaein
369 691 465 756 nobis
482 692 700 756 virescebant.

845 808 934 857 xxtr.

257 918 385 997 Altam,
401 919 526 1002 inquid,
538 919 728 1001 parabolam
743 919 863 983 audite.
879 918 968 982 Erat
981 918 1111 1001 que'dem
1123 918 1370 1001 paterfamilias
1392 924 1453 1000 qni
1468 922 1565 1001 plan·

169 1047 187 1099 5
211 1023 303 1086 tavit
315 1025 454 1100 vineam,
470 1035 500 1086 et
514 1036 617 1107 sepem
626 1025 680 1088 illi
692 1023 911 1100 circumdedit,
926 1033 958 1086 et
963 1023 1058 1104 fodit
1081 1024 1115 1086 in
1135 1046 1173 1087 ea
1196 1024 1303 1087 lacum
1324 1033 1356 1087 ct
1381 1025 1568 1108 aedificavit

210 1126 345 1205 turrim,
369 1137 400 1190 et
423 1128 542 1192 locavit
557 1150 630 1193 eam
655 1129 781 1206 colonis,
804 1139 836 1192 et
855 1130 920 1212 ipsc
939 1140 1071 1211 peregre
1088 1128 1253 1210 profectus
1278 1137 1332 1191 est.
1351 1127 1433 1192 Crem
1458 1140 1566 1194 autem

209 1232 499 1314 appropinquasset
517 1243 641 1314 tempas
652 1234 838 1314 fruetuum,
865 1232 958 1296 misit
977 1253 1087 1296 seruos
1106 1252 1180 1295 suos
1203 1232 1251 1295 ad
1270 1231 1404 1296 cultores
1431 1234 1511 1311 illos,
1531 1245 1570 1299 eet

209 1335 390 1417 acciperent
402 1336 441 1399 de
447 1336 619 1416 fructibus
633 1338 710 1400 sues.
729 1336 843 1401 Coloni
856 1346 965 1400 antem
981 1336 1189 1419 apprehensos
1213 1357 1322 1398 servos
1344 1337 1440 1414 uiros,
1461 1339 1566 1402 alium

210 1439 402 1516 ceciderant,
416 1441 520 1504 alium
536 1463 611 1504 vcro
626 1442 865 1524 lapidaverunt,
879 1441 983 1503 alium
998 1451 1108 1504 autem
1122 1440 1361 1504 decollaverunt
1379 1439 1464 1503 Item
1476 1441 1569 1505 misit

153 1570 191 1606 ro
211 1545 298 1607 alios
312 1565 422 1608 servos
439 1546 554 1627 plnres
562 1547 742 1631 prioribus,
765 1559 796 1612 et
809 1550 964 1630 serenent
979 1547 1048 1611 iltis
1062 1547 1225 1612 similiter.
1251 1545 1439 1609 Novissime
1458 1557 1567 1612 autem

211 1648 309 1712 misit
324 1649 511 1732 illisfilieem
527 1673 623 1717 suum
643 1653 774 1716 cerre'cnm
795 1653 924 1717 dicens:
949 1652 1103 1716 Forsitan
1111 1653 1226 1736 filicem
1242 1672 1349 1715 merem
1365 1651 1567 1717 verebuntur.

216 1749 321 1828 Quem
335 1763 367 1816 et
381 1753 487 1819 iasnrn
502 1755 734 1838 apprehensum
755 1757 945 1822 oeciderunt.

736 1891 1049 1942 INTERPRETATIO.

261 1997 502 2061 Paterfamilias
538 2015 639 2079 quem
666 1996 757 2072 dIcit,
782 1998 891 2061 Patris
924 1995 1179 2059 similitudinem
1212 1995 1430 2062 demonstrat.
1457 1997 1569 2061 Vinea

155 2121 190 2174 ις
213 2119 317 2182 quam
333 2102 415 2164 dicit
434 2100 630 2179 novellasse,
657 2100 714 2164 lex
742 2122 829 2165 nova
855 2112 913 2166 est.
930 2102 1045 2166 Turris
1070 2110 1184 2169 autem
1212 2101 1352 2163 ecclesia
1375 2111 1448 2179 est;
1476 2101 1567 2166 lacus

214 2205 384 2287 baptisma
402 2215 463 2270 est.
480 2203 600 2270 Coloni
617 2215 730 2268 autem
750 2206 866 2270 Iudaei
882 2216 961 2268 sunt
978 2227 985 2282 ;
1001 2205 1089 2286 sepis
1104 2224 1184 2268 vero
1200 2203 1282 2268 fides
1298 2215 1357 2270 ast.
1374 2205 1468 2270 Servi
1484 2227 1568 2290 quos

213 2308 297 2371 dicit
329 2311 466 2388 occisos,
492 2309 677 2392 prophetae
707 2309 951 2393 intelliguntur.
982 2309 1188 2372 Posteriores
1213 2329 1297 2392 quos
1327 2308 1409 2372 dicit
1441 2309 1570 2388 missos,

213 2413 361 2493 apostoli
375 2423 464 2490 sunt,
480 2433 523 2475 ex
540 2412 660 2494 quibus
677 2432 762 2476 unus
778 2412 963 2477 decollatus
978 2422 1028 2476 est
1056 2411 1231 2476 Iohannes.
1247 2411 1440 2477 Novissime
1455 2423 1567 2477 autem

215 2515 319 2579 filium
336 2517 540 2592 occiderunt,
556 2516 682 2582 scilicet
700 2516 882 2583 Christum.

158 2667 196 2703 20
836 2653 943 2701 XXIII.

260 2756 409 2836 Reddite,
424 2755 549 2840 inquid,
565 2778 647 2838 qnae
665 2756 816 2823 Caesaris
831 2769 909 2822 sunt
926 2757 1070 2837 Caesari,
1085 2769 1116 2822 et
1129 2780 1211 2841 quac
1226 2759 1293 2822 Dei
1304 2770 1383 2823 sunt
1397 2761 1473 2825 Deo.

736 2892 1052 2944 INTERPRETATIO.

262 2995 428 3073 Iubemur,
446 2997 574 3080 inquid,
589 3001 622 3061 ia
646 3002 878 3081 persecutIone
902 3002 1040 3065 reddere
1065 3021 1130 3083 que
1156 3001 1307 3065 Caesaris
1329 3009 1408 3064 sunt
1425 2999 1570 3080 Caesari,

217 3099 280 3163 hoc
297 3110 356 3177 est,
371 3121 491 3183 corpus
507 3104 540 3164 in
564 3122 630 3184 quo
647 3104 748 3167 habet
764 3113 968 3186 potestatem
984 3126 992 3185 ;
1009 3107 1148 3169 reddere
1163 3119 1249 3187 quae
1266 3103 1331 3168 Dei
1346 3115 1424 3168 sunt
1442 3107 1526 3170 Deo.

160 3265 196 3316 25
833 3241 955 3291 xx1111.

260 3342 416 3419 Fuerant,
432 3344 557 3424 lnquid,
572 3344 664 3426 opud
675 3367 731 3408 nos
740 3357 856 3427 septem
863 3347 1002 3427 fratres.
1015 3348 1152 3411 Primus
1162 3368 1271 3411 eorum
1288 3368 1386 3411 uxore
1396 3348 1496 3412 ducta
1508 3372 1570 3413 non

219 3446 339 3508 relictis
345 3446 435 3528 filiis
450 3457 598 3510 mortuus
612 3460 667 3526 cst,
682 3459 714 3512 ct
738 3450 872 3531 reliquit
896 3471 1025 3515 uxorem
1045 3472 1140 3515 suam
1147 3452 1262 3532 fratri
1274 3472 1332 3514 suo
1341 3475 1356 3525 ,·
1372 3452 1529 3517 similiter
1541 3466 1572 3518 et

215 3551 383 3627 secundus,
406 3562 437 3614 et
466 3553 590 3629 tertias,
613 3562 644 3616 et
668 3564 807 3635 quartus
836 3575 934 3637 usqne
959 3556 1008 3619 ad
1033 3557 1213 3636 septimum.
1240 3555 1431 3618 Novissime
1460 3568 1569 3621 antem

216 3655 362 3718 nennium
377 3665 409 3717 ct
426 3657 546 3718 reeulier
558 3656 713 3736 defuncta
722 3667 776 3722 est.
789 3657 830 3721 In
844 3660 1157 3742 resurrectioneergo
1167 3659 1259 3724 cuius
1269 3680 1380 3722 eornm
1389 3661 1570 3724 critureor?

160 3794 199 3844 30
218 3756 310 3820 elsam
325 3779 434 3822 omnes
450 3768 567 3840 septem
581 3760 765 3826 habuerunt
780 3763 873 3827 illam
890 3785 1028 3828 uxorem.

734 3896 1052 3948 INTERPRETATIO.

264 3999 401 4083 Septem
430 4019 514 4082 quos
542 4001 623 4065 dicit
650 4001 776 4080 iratres,
801 4003 1007 4084 patriarchas
1027 4015 1157 4085 septem
1174 4004 1394 4080 demonstrat,
1409 4007 1465 4086 qui
1491 4018 1569 4070 sunt

217 4115 348 4188 septem
366 4104 440 4168 libri
459 4105 567 4168 Moisi.
586 4105 683 4170 Uxor
699 4117 811 4170 autem
830 4127 944 4170 eorum
969 4125 1143 4189 synagoga
1167 4115 1238 4183 est;
1266 4126 1341 4169 cum
1358 4125 1424 4187 qua
1439 4117 1569 4191 septem

254 4272 365 4334 tiidem]
381 4274 446 4324 idem
464 4274 496 4322 G.
600 4275 709 4324 Romi...
733 4274 820 4338 aleier]
837 4275 932 4338 optime
951 4275 992 4334 G;
1013 4277 1135 4326 Ramos...
1148 4275 1317 4325 abscindentes
1338 4293 1364 4339 μ.
1466 4257 1595 4342 Μίνω]1

218 4359 259 4416 G;
272 4374 323 4408 om.
338 4375 366 4421 μ.
469 4371 499 4417 24
512 4352 574 4414 Deo]
587 4373 606 4419 μ
618 4357 794 4420 prosequitur:
806 4359 926 4420 spiritum
937 4359 1030 4407 seilicet
1040 4366 1063 4407 et
1071 4358 1153 4416 fidem.

262 4545 307 4584 12.
323 4519 495 4602 occiderunt]
512 4524 568 4585 Mt.
588 4543 632 4593 αι,
651 4541 688 4599 33
703 4539 761 4598 sqq
772 4544 781 4597 5
804 4523 864 4582 Mc.
961 4542 1007 4583 21.
1026 4521 1101 4604 Deo]
1119 4527 1173 4582 Mt.
1194 4538 1239 4595 22,
1258 4543 1303 4582 21.

221 4627 269 4678 12,
288 4625 301 4664 1
318 4625 382 4682 sqq.
961 4622 1007 4680 30.
1024 4601 1155 4686 namra]
1171 4605 1227 4664 Mt.
1246 4623 1294 4678 ee,
1310 4619 1347 4680 ²5
1362 4621 1430 4681 sqq.
