4060 5498
523 402 598 460 102
884 395 912 453 S.
945 395 1201 455 llIERONVMl
1231 395 1496 455 PRESBVTERI

515 588 667 654 dolorem
691 592 811 670 cordis,
831 605 865 660 et
888 595 1038 658 diversas
1054 593 1297 669 tribulationes,
1312 595 1485 658 robustum
1503 603 1616 657 autem
1634 609 1767 672 corpus,
1782 589 1861 652 inbe

515 693 691 758 cillitatem
717 697 848 762 animae
872 700 1001 763 sanitas
1024 699 1171 781 corporis
1195 707 1373 763 sustentat.
1397 698 1482 762 Cum
1507 707 1620 760 autem
1647 707 1681 760 et
1704 695 1864 777 corpusin

515 799 750 880 aegrotatione
772 811 832 876 est,
856 812 890 866 et
913 802 1027 866 anima
1050 805 1082 865 in
1106 802 1231 879 dolore,
1247 802 1339 866 nulla
1355 812 1497 883 possunt
1514 801 1695 864 subvenire
1720 799 1865 862 remedia

521 903 598 966 Hoc
614 913 666 969 est
682 923 762 986 ergo
778 905 870 986 quod
884 906 1015 981 dicitur,
1027 904 1138 970 Omne
1150 914 1251 986 caput
1262 905 1471 986 languidum,
1483 913 1517 968 et
1529 924 1631 968 omne
1643 922 1702 965 cor
1715 918 1868 964 moerens

519 1005 696 1089 Simulque
712 1008 898 1084 considera,
913 1009 992 1091 quia
1009 1009 1183 1090 principali
1200 1010 1343 1084 animae,
1358 1008 1422 1072 hoc
1438 1016 1489 1070 est
1505 1007 1608 1084 cordi,
1619 1007 1771 1086 corporis
1786 1023 1892 1078 com-3

518 1113 685 1193 paraverit
711 1113 903 1195 principale,
919 1114 950 1176 id
976 1125 1026 1176 est
1050 1124 1160 1196 caput.
1181 1115 1220 1177 ln
1238 1115 1348 1197 capite
1363 1133 1481 1176 omnes
1497 1133 1616 1176 sensus
1632 1120 1734 1174 sunt:
1759 1109 1867 1173 ceteris

518 1216 678 1279 membris
705 1217 868 1280 truncatis
897 1217 1007 1279 vivere
1033 1217 1157 1280 animal
1190 1226 1310 1300 potest,
1337 1227 1492 1280 truncato
1524 1218 1634 1298 capite
1664 1215 1736 1278 vita
1767 1213 1866 1277 omnis

518 1320 675 1384 aufertur.
700 1321 746 1384 Et
771 1341 837 1384 non
861 1321 959 1397 dixit,
975 1341 1076 1384 omne
1098 1332 1199 1403 caput
1215 1330 1449 1401 amputatum:
1475 1319 1681 1401 superfluum
1698 1319 1790 1380 enim
1806 1327 1866 1380 erat

519 1435 631 1489 cetera
655 1425 805 1489 membra
828 1425 1015 1489 describere
1036 1435 1069 1488 et
1086 1425 1221 1488 morbos
1238 1426 1438 1508 reliquorum
1457 1436 1599 1501 artuum,
1614 1424 1641 1485 si
1658 1432 1865 1504 amputatum

517 1528 672 1594 dixisset.
691 1528 906 1610 Languidum
930 1549 1011 1609 ergo
1034 1529 1126 1606 dicit,
1141 1538 1178 1592 ut
1202 1537 1236 1592 et
1252 1529 1284 1592 in
1302 1529 1526 1610 descriptione
1543 1528 1773 1592 membrorum
1790 1537 1866 1588 cete·
1888 1548 1914 1582 ro

521 1652 632 1696 rorum
650 1634 774 1698 habeat
789 1634 909 1696 locum.
921 1632 951 1696 Α
961 1633 1082 1715 planta
1089 1633 1182 1714 pedis
1191 1634 1345 1714 usquead
1354 1633 1503 1696 verticem
1516 1653 1578 1696 non
1590 1633 1683 1696 estin
1694 1653 1731 1695 eo
1741 1631 1868 1696 sarrelas.

518 1735 626 1800 Totus
651 1747 805 1820 aegrotat
833 1737 980 1800 Israhel:
1008 1757 1049 1799 ne
1074 1756 1160 1800 unus
1184 1737 1321 1820 quidem
1345 1739 1395 1800 vir
1418 1747 1556 1801 sanctus
1580 1737 1721 1801 inveniri
1755 1745 1868 1818 potest,

517 1843 612 1923 quasi
641 1843 673 1904 in
698 1861 838 1924 corpore
861 1841 1048 1904 membrum
1065 1841 1203 1924 aliquod
1219 1843 1309 1923 quod
1328 1863 1447 1906 sanum
1464 1861 1537 1904 esse
1554 1843 1715 1905 videatur.
1732 1839 1770 1904 Si
1786 1839 1866 1901 enirn

516 1953 604 2006 esset
628 1945 659 2006 in
685 1953 758 2009 toto
775 1965 915 2027 corpore
930 1945 1056 2028 aliquid
1074 1947 1164 2028 quod
1182 1966 1300 2009 sanum
1318 1956 1414 2021 esset,
1430 1965 1474 2008 ex
1491 1946 1589 2009 unius
1605 1947 1753 2008 sanitate
1769 1943 1864 2006 etiarn

516 2056 627 2110 cetera
656 2051 824 2114 medelam
851 2050 981 2113 trahere
1009 2051 1209 2114 viderentur.
1239 2049 1375 2126 Vulnus,
1398 2060 1430 2113 et
1451 2050 1546 2126 livor,
1565 2059 1597 2113 et
1611 2049 1716 2132 plaga
1739 2059 1868 2110 tumens.
1888 2065 1912 2115 ις

516 2145 659 2224 Vulnus,
675 2161 813 2231 peccata
830 2153 998 2217 recentia:
1015 2152 1108 2230 livor,
1124 2155 1262 2235 antiqua
1275 2153 1417 2216 scelera:
1436 2153 1536 2235 plaga
1548 2164 1692 2229 tumens,
1704 2152 1867 2214 incoctum

515 2261 564 2314 est
583 2261 615 2315 et
626 2263 723 2316 vetus
739 2256 911 2334 delictum,
921 2259 1015 2339 quasi
1027 2260 1174 2340 quodam
1189 2279 1270 2340 pure
1283 2259 1482 2340 parturiens.
1492 2258 1569 2321 Nau
1580 2254 1870 2334 estcr'rcumligata,

516 2373 571 2416 nec
595 2366 713 2421 curata
740 2359 959 2437 medicamine,
975 2382 1073 2443 neque
1086 2362 1165 2441 sata
1179 2363 1251 2427 aleo.
1268 2363 1345 2425 Non
1363 2383 1431 2444 quo
1446 2363 1528 2425 haec
1545 2361 1639 2424 Deus
1655 2379 1722 2422 non
1741 2356 1868 2420 lecerit:

516 2459 594 2526 iecit
610 2463 691 2528 haec
704 2467 830 2544 omnia,
839 2479 872 2531 et
884 2468 956 2532 sine
969 2489 1069 2532 causa
1083 2469 1175 2531 missi
1188 2481 1282 2532 erant
1295 2468 1489 2550 prophetae,
1499 2467 1525 2530 si
1537 2468 1602 2529 ista
1614 2483 1681 2527 non
1697 2460 1869 2525 iecissent:

516 2567 585 2642 sed,
609 2569 687 2648 quia
715 2591 781 2634 non
807 2578 858 2634 est
881 2571 1007 2634 sanitas
1030 2570 1218 2648 subsecuta,
1243 2570 1498 2654 quodammodo
1513 2569 1668 2634 videntur
1692 2583 1760 2627 non
1783 2560 1868 2626 facta
1886 2585 1912 2620 20
1993 2625 1994 2664 i

515 2687 590 2734 csse
604 2691 692 2752 quae
708 2673 795 2738 iacta
812 2685 899 2739 sunt.
1993 2667 1994 2678 ’

562 2773 757 2841 Secundum
777 2779 1013 2864 tropologiam,
1029 2778 1155 2842 Audite
1168 2779 1257 2854 caeli,
1271 2789 1304 2842 et
1317 2777 1454 2842 auribus
1464 2776 1588 2860 percipe
1601 2785 1715 2839 terra:
1731 2775 1794 2836 boc
1809 2780 1867 2844 est,

513 2888 546 2941 et
570 2901 630 2944 vos
652 2883 709 2964 qui
733 2885 840 2946 sancti
864 2883 1032 2960 videmini,
1048 2893 1081 2946 et
1105 2903 1164 2946 vos
1188 2884 1244 2965 qui
1267 2893 1469 2964 peccatores,
1485 2883 1610 2964 pariter
1625 2881 1750 2944 audite.
1767 2877 1868 2940 Fe'le'as

514 2983 665 3047 enutrivi
676 2995 708 3048 et
721 2987 887 3051 exaltavi:
903 2987 967 3067 ipse'
979 2996 1089 3051 autem
1106 3007 1155 3050 me
1169 2996 1367 3069 sprevemnt.
1381 2986 1474 3049 Deus
1487 2984 1572 3049 filios
1585 2985 1739 3048 homiues
1750 2982 1869 3044 habere

514 3087 674 3168 dignatus
690 3109 763 3153 sunt
780 3089 945 3154 :enutrivi
962 3111 1020 3154 cos
1037 3103 1069 3154 et
1089 3089 1312 3172 magnificavi,
1329 3101 1363 3154 ut
1381 3091 1541 3155 deservis
1558 3091 1686 3152 amicos
1702 3089 1869 3152 dicerem:
1886 3101 1910 3150 ²5

514 3189 578 3270 ipsi
602 3203 714 3255 autem
740 3207 936 3274 spreverunt
955 3215 1016 3270 me,
1032 3195 1095 3258 hoc
1112 3205 1160 3257 est
1180 3215 1237 3276 per
1253 3207 1392 3276 peccata
1409 3215 1479 3270 sua,
1495 3205 1527 3256 et
1544 3205 1634 3256 certe
1649 3212 1727 3254 curn
1746 3189 1869 3253 nullam

549 3395 658 3457 aquad]
680 3395 724 3456 Vp
745 3395 819 3444 inser.
844 3412 936 3446 nornen
956 3398 1126 3456 reredr'ramr'rre,
1152 3413 1181 3445 ex
1203 3398 1259 3446 loco
1274 3399 1361 3446 adlato
1379 3397 1480 3446 inferius
1497 3397 1541 3445 lin.
1565 3395 1593 3443 18
1613 3395 1677 3444 lorte
1697 3394 1869 3456 anticipatum.

517 3477 808 3537 7am'rrtal]B;am'rera
822 3495 849 3540 μ.
951 3478 1056 3539 Seniue]
1068 3495 1117 3527 om.
1134 3480 1160 3526 tt.
1263 3493 1278 3540 9
1298 3479 1442 3540 describere]
1460 3480 1548 3528 dessrr.
1573 3477 1602 3526 V.
1704 3478 1797 3526 nterlat
1817 3477 1870 3525 reli·

413 3571 417 3578 ’
516 3559 637 3622 querum]
651 3577 669 3622 μ
680 3576 687 3618 ;
708 3559 849 3609 erarem-um
861 3561 989 3624 liquorum
1004 3562 1024 3608 Β
1036 3579 1043 3620 ;
1056 3563 1195 3610 ruariorum
1207 3563 1381 3625 relinquorum
1394 3562 1425 3610 V.
1529 3573 1559 3609 ro
1569 3561 1631 3609 derce
1637 3561 1696 3623 ipa]
1707 3559 1818 3608 decrerit.
1835 3559 1871 3609 Vt

515 3642 626 3691 discre'll.
643 3643 671 3691 B.
775 3655 803 3704 13
816 3642 892 3706 quari]
904 3659 954 3692 om.
971 3644 998 3692 B.
1105 3657 1130 3706 ¹5
1145 3653 1222 3692 terrra
1235 3644 1365 3706 medelam]
1376 3651 1449 3693 cetere
1460 3643 1562 3692 medella
1573 3641 1605 3690 V.
1708 3652 1736 3702 17
1745 3649 1781 3689 est
1791 3641 1826 3703 et]
1836 3641 1854 3688 l'
1865 3658 1871 3697 ;

519 3725 561 3787 Βμ
573 3739 624 3774 om.
638 3731 680 3774 est.
781 3725 1073 3785 dele'clumliexecorr.
1088 3727 1118 3775 V.
1203 3725 1322 3789 quadam]
1338 3725 1475 3775 alteramd
1483 3739 1539 3787 sup.
1553 3723 1597 3773 lin.
1610 3724 1671 3773 add.
1686 3724 1716 3772 B.
1800 3721 1872 3788 pure]

515 3806 581 3871 puri
591 3807 620 3856 Β.
703 3805 949 3870 18lVorrqrreJBV3
970 3807 1029 3856 Non
1047 3808 1151 3872 quadp.
1254 3808 1335 3870 Deus]
1352 3809 1379 3857 ee'
1395 3822 1450 3871 sup.
1473 3807 1517 3856 lin.
1541 3806 1615 3856 inser.
1637 3807 1667 3856 B.
1771 3819 1802 3868 19
1821 3807 1874 3854 haer

517 3889 615 3950 oruata]
628 3889 649 3937 B
663 3905 669 3946 ς
681 3890 749 3937 enim
759 3889 845 3938 emnia
854 3889 906 3951 Vp.
1009 3902 1042 3938 20
1059 3887 1196 3948 subsecuta]
1215 3891 1364 3953 subsequuta
1376 3890 1404 3938 B.
1506 3899 1537 3950 23
1549 3883 1684 3943 videmini]
1701 3887 1828 3937 videmini
1844 3885 1869 3932 V.

518 3982 548 4036 25
562 3987 618 4021 sum
631 3973 757 4034 enutrivi]
770 3989 825 4021 sum
836 3977 860 4019 el
870 3972 976 4020 nulrr've'
985 3972 1013 4021 B.
1113 3973 1141 4022 ele
1152 3970 1241 4030 servis]
1260 3974 1289 4020 de
1308 3989 1389 4021 seruas
1400 3972 1431 4020 V.
1533 3969 1564 4018 26
1576 3969 1618 4018 ltuc
1626 3973 1671 4033 est]
1683 3970 1704 4016 V
1716 3989 1723 4028 ;
1738 3987 1822 4032 pom.
1834 3977 1871 4020 erl.

561 4157 586 4216 5.
606 4139 774 4217 principali
796 4139 922 4208 aar'urae,
949 4139 1000 4198 leae
1019 4146 1066 4210 ert,
1083 4135 1175 4218 cardi]
1226 4140 1298 4199 est'
1323 4139 1413 4200 Coni.
1439 4138 1530 4198 etium
1546 4157 1634 4215 supra
1651 4139 1714 4197 111¹
1734 4141 1779 4210 16,
1800 4158 1833 4213 17
1848 4151 1871 4196 et

520 4221 646 4281 Hieron.
666 4221 759 4298 Epist.
779 4223 827 4292 64,
847 4241 858 4279 r
879 4221 1062 4295 ‘Quaeritur
1074 4221 1126 4280 ubi
1138 4220 1175 4280 sit
1229 4221 1292 4280 1112
1305 4237 1374 4295 397,
1392 4222 1437 4280 28.

518 4303 641 4363 animae
668 4303 843 4380 principale.
872 4303 959 4362 Plato
985 4305 1015 4360 in
1041 4302 1173 4372 cerebro,
1268 4305 1294 4359 ό.
1317 4303 1482 4378 principale
1496 4303 1514 4362 r'.
1531 4321 1551 4359 e.
1567 4297 1667 4380 rapat]
1693 4301 1730 4359 ln
1747 4301 1786 4360 ls.
1816 4299 1870 4360 h.l.

520 4385 659 4448 Christus
675 4394 821 4444 monstrat
842 4383 872 4442 in
898 4385 1030 4456 corde'3
1054 4385 1172 4442 Comm.
1229 4385 1330 4442 ‘Inter
1356 4383 1436 4459 ipsos
1461 4401 1584 4459 quoque
1611 4401 1716 4442 sensus
1731 4393 1762 4442 et
1777 4379 1871 4442 omnia

520 4467 550 4526 in
580 4467 688 4525 Matth.
723 4485 768 4542 15,
800 4486 833 4541 ¹9
859 4483 902 4540 sq.
930 4467 1029 4542 ‘Ergo
1054 4465 1173 4525 animae
1225 4463 1360 4524 membra
1389 4463 1522 4541 corporis
1551 4462 1747 4540 principalem
1778 4467 1869 4524 locum

521 4546 686 4624 principale
702 4565 762 4606 non
780 4547 950 4606 secundum
967 4549 1124 4606 Platonem
1142 4546 1170 4604 in
1225 4547 1341 4605 obtinet
1356 4559 1456 4623 caput,
1470 4545 1499 4604 in
1515 4563 1577 4620 quo
1592 4543 1671 4605 visus
1682 4557 1712 4604 et
1724 4547 1868 4612 odoratus,

520 4627 654 4702 cerebro,
670 4630 724 4689 sed
750 4628 831 4690 iuxta
857 4627 1010 4690 Christum
1034 4632 1064 4688 in
1080 4632 1173 4688 corde
1224 4631 1345 4688 auditus
1360 4642 1389 4688 et
1403 4637 1507 4704 gustus
1522 4630 1591 4688 est'.
