4060 5498
568 417 822 480 TRACTATUS
853 421 910 478 DE
941 419 1110 480 PSALMO
1140 419 1207 477 XV.
1539 429 1587 510 19

227 627 287 694 est,
300 638 378 700 pars
396 619 484 683 illius
501 629 550 683 est
569 620 745 684 Dominus.
763 619 933 701 Scriptum
951 630 1002 683 est
1018 619 1153 684 enimin
1172 618 1244 700 lege
1261 643 1268 680 :
1287 616 1402 681 ‘Filiis
1420 615 1503 678 Levi
1518 634 1585 679 non

228 721 323 786 dabis
355 723 576 788 hereditatem
609 725 641 786 in
670 725 781 787 medio
811 723 951 790 filiorum
987 724 1100 799 Israel,
1131 723 1290 807 quoniam
1318 742 1381 803 ego
1407 741 1478 784 sum
1508 741 1583 801 pars

228 845 353 904 eorum,
370 828 450 891 dicit
469 828 636 891 Dominus
649 827 664 892 '.
681 829 792 892 ‘Unde
808 829 851 891 ab
868 829 944 892 Iesu
962 850 1029 892 non
1057 837 1260 910 acceperunt
1276 840 1406 908 partem
1436 827 1469 886 in
1498 837 1585 888 terra

228 928 344 1008 Iudae,
361 933 417 995 sed
435 931 576 1013 dispersi
593 942 672 995 sunt
688 952 746 1014 per
763 933 877 1009 tribus,
894 933 1033 1016 impleta
1049 933 1107 995 illa
1123 929 1301 1014 prophetia
1323 929 1505 992 ‘Dividam
1524 947 1581 990 eos

194 1055 207 1110 5
226 1034 259 1098 in
280 1033 390 1112 Iacob,
406 1043 439 1098 et
456 1036 683 1100 disseminabo
693 1057 750 1099 eos
767 1039 800 1100 in
819 1037 941 1101 Israel'.
955 1036 991 1101 Si
1007 1057 1085 1100 vero
1098 1035 1217 1098 levitae
1227 1053 1295 1096 non
1309 1033 1498 1096 habuerunt
1510 1052 1582 1114 par-

226 1146 295 1202 tem
310 1139 371 1202 nisi
390 1141 586 1216 Dominum,
596 1149 726 1222 quanto
739 1141 847 1222 magis
858 1141 920 1206 iste
933 1142 989 1223 qui
1001 1139 1156 1222 pontifex
1170 1147 1230 1215 est,
1241 1147 1274 1200 et
1285 1137 1342 1220 qui
1354 1137 1457 1199 audet
1473 1135 1584 1198 dicere

225 1247 232 1273 ⁴
252 1243 350 1308 Pater
366 1244 398 1307 in
418 1264 472 1307 me
489 1263 626 1308 manens
645 1243 724 1308 iacit
741 1265 842 1326 opera
859 1246 934 1310 sua’
952 1244 1054 1308 habet
1080 1245 1214 1306 Patrem
1240 1241 1420 1323 specialem
1449 1248 1483 1301 et
1509 1259 1584 1320 pro·

226 1349 332 1428 priam
362 1348 560 1430 portionem.
588 1347 780 1412 Secundum
807 1349 870 1412 hoc
888 1369 966 1412 vero
989 1350 1080 1430 quod
1106 1367 1166 1410 rex
1190 1355 1250 1423 est,
1273 1344 1395 1408 dicitur
1418 1345 1459 1404 ad
1485 1361 1584 1405 eum:

226 1456 233 1482 ‘
253 1450 391 1516 Postula
407 1472 425 1514 a
443 1473 506 1528 me,
522 1464 555 1515 et
572 1452 661 1515 dabo
678 1451 740 1514 tibi
757 1461 875 1534 gentes
898 1451 1121 1516 hereditatem
1147 1461 1251 1528 tuam,
1272 1459 1306 1512 et
1337 1444 1582 1529 possessionem

179 1581 209 1616 ιο
226 1563 318 1618 tuam
358 1557 519 1620 terminos
558 1557 692 1622 terrae.’
724 1556 769 1619 Et
801 1565 882 1619 nota
912 1576 1012 1639 quarn
1040 1557 1213 1636 eleganter
1244 1555 1275 1615 in
1305 1560 1447 1630 utroque
1475 1567 1585 1610 sermo

227 1661 423 1724 moderatus
439 1661 491 1724 sit.
509 1662 562 1724 De
581 1663 679 1724 Patre
695 1662 827 1740 dicitur,
844 1663 896 1726 Tu
913 1683 948 1725 es
965 1682 1040 1744 pars
1057 1659 1252 1724 hereditatis
1274 1678 1377 1720 meae.
1392 1656 1449 1730 Es,
1465 1651 1585 1735 inquit,

226 1784 293 1827 non
306 1763 398 1828 suisti
412 1789 420 1829 :
436 1784 568 1847 semper
579 1766 668 1828 enim
684 1765 789 1828 Filius
800 1767 923 1830 mansit
937 1768 968 1828 in
982 1767 1089 1840 Patre,
1102 1775 1134 1828 et
1147 1766 1245 1827 Pater
1258 1762 1290 1824 in
1306 1761 1399 1825 Filio.
1414 1759 1466 1822 De
1477 1757 1584 1820 natio-

226 1867 324 1932 nibus
340 1888 427 1944 vero,
443 1869 506 1946 Tu,
519 1869 637 1951 inquit,
650 1869 805 1932 restitues
823 1870 903 1934 mihi
916 1870 1138 1934 hereditatem
1154 1886 1283 1931 meam:
1301 1883 1374 1928 esse
1390 1863 1479 1925 enim
1491 1860 1581 1922 here·

225 1972 314 2036 ditas
331 1972 472 2035 Domini
488 1983 712 2049 cessaverunt,
727 1975 865 2056 quando
882 1973 1126 2056 multiplicatae
1142 1982 1221 2035 sunt
1232 1967 1445 2033 infirmitates
1459 1981 1584 2037 eorum,

178 2104 186 2138 ι
193 2099 207 2154 5
226 2088 259 2141 et
271 2078 562 2159 congregabantur
572 2078 803 2141 conventicula
819 2098 934 2142 eorum
948 2075 1324 2159 desanguinibus.Licet
1337 2067 1581 2154 quidametiam

226 2181 416 2245 inferiorem
435 2201 566 2246 versum
581 2184 622 2246 ad
642 2183 753 2245 Deum
773 2183 904 2245 Patrem
923 2181 1133 2244 referendum
1158 2189 1287 2260 putent,
1312 2184 1349 2240 ut
1374 2175 1417 2238 sit
1445 2189 1583 2234 sensus:

227 2285 398 2369 Quoniam
427 2287 587 2349 evacuavi
614 2307 676 2364 me,
699 2287 840 2350 sormam
871 2287 957 2350 servi
984 2285 1161 2368 accipiens,
1177 2293 1210 2346 et
1238 2283 1280 2345 de
1308 2300 1383 2344 mea
1407 2277 1583 2340 maiestate

225 2391 384 2454 descendi
400 2391 433 2453 in
452 2400 566 2467 terras,
582 2391 718 2454 restitue
736 2391 816 2453 mihi
833 2389 1052 2453 hereditatem
1072 2408 1179 2452 meam
1196 2409 1203 2466 ;
1220 2386 1284 2450 hoc
1308 2393 1369 2461 est,
1385 2381 1531 2462 teipsum
1549 2378 1581 2439 in

225 2515 293 2579 quo
309 2514 441 2577 semper
457 2494 512 2572 lui,
528 2504 562 2559 et
577 2493 726 2578 glorifica
745 2516 797 2558 me
814 2494 920 2577 gloria
947 2514 1047 2577 quam
1074 2493 1176 2556 habui
1204 2491 1293 2574 apud
1319 2499 1352 2551 te
1373 2496 1452 2550 ante
1479 2501 1581 2565 quam

174 2625 208 2660 20
226 2600 372 2664 mundus
389 2597 491 2662 fieret.
508 2599 585 2662 Non
603 2600 693 2662 enim
711 2599 791 2662 mihi
809 2618 930 2663 novam
948 2597 1095 2680 aliquam
1121 2595 1218 2660 dabis
1246 2592 1506 2676 possessionem,
1523 2585 1580 2648 sed

225 2704 381 2768 restitues
397 2704 620 2768 hereditatem
638 2725 757 2779 meam,
770 2703 979 2768 divinitatem
992 2701 1147 2766 videlicet
1157 2699 1290 2781 Deique
1304 2706 1468 2770 naturam,
1479 2709 1580 2775 quam

225 2819 405 2891 propterea
420 2808 510 2873 visus
527 2828 601 2870 sum
620 2828 686 2870 non
703 2807 834 2886 habere,
850 2807 930 2889 quia
945 2807 1086 2871 sormam
1103 2803 1250 2867 hominis
1262 2817 1467 2881 acceperam.
1480 2796 1583 2857 Porro

225 2914 258 2976 in
276 2932 316 2976 eo
332 2912 424 2996 quod
441 2913 498 2988 ait,
514 2911 560 2975 Et
577 2911 690 2974 calicis
707 2912 782 2988 mei,
799 2911 881 2974 nulli
899 2911 1038 2975 dubium
1063 2917 1125 2987 est,
1151 2909 1183 2971 in
1212 2903 1384 2986 scripturis
1412 2897 1581 2963 interdum

226 3017 364 3081 calicem
383 3036 444 3099 pro
461 3015 652 3078 desiderato
680 3026 761 3097 potu
778 3024 812 3077 et
828 3015 953 3096 gaudio
978 3013 1094 3095 accipi,
1122 3021 1157 3075 ut
1187 3011 1232 3074 ibi
1257 3006 1377 3074 ‘Calix
1405 3015 1482 3068 tuus
1514 3001 1582 3063 ine-

173 3142 207 3196 25
225 3121 340 3186 brians
356 3139 457 3202 quam
476 3118 675 3202 praeclarus'
687 3127 721 3181 et
737 3118 815 3183 alibi
839 3123 845 3151 ¹
863 3118 1009 3184 Calicem
1037 3116 1190 3180 salutaris
1207 3113 1382 3196 accipiam,
1397 3117 1431 3170 et
1459 3123 1581 3180 nomen

226 3225 366 3290 Domini
383 3222 568 3287 invocabo'.
583 3223 632 3288 Ut
648 3223 820 3305 quomodo
836 3223 930 3286 cibus
947 3232 1059 3286 noster
1070 3229 1102 3284 et
1120 3229 1220 3302 potus
1236 3217 1393 3282 Salvator
1409 3220 1523 3276 noster
1532 3215 1583 3270 est

224 3331 338 3414 (carne
355 3330 479 3411 quippe
492 3331 562 3390 eius
579 3327 744 3391 vescimur
760 3336 792 3389 et
809 3347 926 3390 cruore
943 3323 1115 3408 potamur)
1130 3345 1138 3402 ;
1166 3325 1212 3387 ita
1229 3323 1300 3386 eius
1317 3317 1473 3391 hominis,
1490 3313 1546 3396 qui
1564 3332 1583 3374 a

226 3434 402 3500 Salvatore
418 3432 617 3514 adsumptus
645 3442 704 3508 est,
720 3431 813 3494 cibus
830 3441 863 3494 et
877 3429 1033 3512 poculum
1066 3429 1161 3491 Pater
1185 3427 1237 3504 sit,
1267 3427 1299 3489 id
1329 3433 1389 3499 est,
1405 3440 1481 3485 cum
1508 3416 1582 3480 Deo

226 3540 325 3602 Patre
341 3557 408 3600 una
423 3535 680 3618 communisque
696 3535 864 3599 divinitas.

172 3672 208 3723 30
269 3644 379 3705 Funes
394 3641 574 3704 ceciderunt
590 3639 676 3703 rrrihr'
690 3640 724 3702 in
735 3639 917 3721 praeclaris
935 3638 1072 3702 :etenim
1088 3635 1253 3700 hereditas
1270 3653 1339 3696 mea
1347 3627 1522 3712 praeclara
1537 3631 1585 3686 est

257 3827 461 3891 ailla]hl;om.
477 3828 534 3878 OV.
620 3825 693 3890 seor]
705 3842 755 3877 non
767 3833 846 3890 repet.
862 3825 918 3875 OV.
1016 3827 1125 3889 partem]
1136 3839 1199 3872 corr.
1215 3837 1245 3870 ex
1253 3817 1402 3884 patremM.
1503 3811 1585 3878 tiqui]

223 3921 283 3961 ante
290 3911 407 3976 pontijex
417 3925 472 3974 sup.
487 3908 532 3960 lin.
546 3907 605 3959 add.
621 3910 658 3969 M,
671 3925 712 3958 om
725 3909 782 3959 OV.
894 3907 977 3968 audet]
997 3923 1060 3956 corr.
1083 3922 1113 3955 ex
1136 3905 1210 3954 audit
1233 3904 1270 3952 M.
1374 3912 1404 3948 ιο
1424 3893 1513 3954 serere]
1536 3895 1584 3950 M;

223 4009 335 4042 sermone
346 3991 402 4042 OV.
507 4002 533 4039 11
550 3987 635 4051 Patre]
649 3990 842 4055 ll;pnrteOV.
947 4001 975 4052 13
993 3991 1031 4038 Tu
1043 3990 1130 4053 inquit
1140 3987 1255 4036 restitues
1264 3980 1398 4042 miti]M;
1417 3980 1455 4028 Et
1464 3976 1533 4025 dabir
1545 3981 1583 4032 tu,

226 4073 382 4139 inquitOV.
487 4070 776 4132 rnoeun1]OV;dem
790 4075 826 4122 M.
932 4072 1002 4120 18in
1013 4068 1107 4130 terras]
1120 4069 1230 4130 OV3in
1242 4068 1318 4117 terris
1330 4065 1366 4113 M.
1468 4069 1497 4106 21
1512 4056 1583 4106 resti·

223 4155 290 4216 lues]
301 4155 366 4213 OV;
379 4156 499 4204 restituae
513 4155 551 4204 M.
652 4167 665 4202 2
668 4165 682 4218 5
691 4156 849 4220 praeclarus]
861 4156 888 4204 Μ
902 4154 960 4203 add.
974 4161 1018 4214 est,
1030 4154 1099 4218 quod
1119 4153 1223 4202 verbum
1243 4149 1357 4199 nesciunt
1380 4143 1429 4194 OV
1451 4140 1522 4189 iuxta
1544 4153 1581 4201 gr.

225 4231 263 4294 ὡς
274 4230 422 4303 κράτιστον.
502 4237 534 4285 26
545 4243 568 4284 et
575 4243 650 4299 potus
661 4237 780 4286 Salvator
790 4241 942 4301 noster10m.
957 4237 982 4284 Μ
994 4243 1096 4300 propter
1104 4232 1259 4283 homoeotel.
1342 4227 1388 4288 est]
1399 4226 1427 4273 M
1440 4241 1446 4282 3
1459 4237 1509 4272 0¹1¹·
1525 4219 1582 4268 OV-

269 4422 295 4478 3.
313 4397 473 4482 Dominus]
486 4403 532 4464 Cf.
550 4405 641 4464 Num.
669 4407 712 4476 18,
732 4423 776 4463 20.
978 4423 1021 4461 ro.
1039 4397 1147 4481 terrae]
1163 4403 1208 4460 l's.
1225 4420 1249 4472 2,
1267 4401 1295 4458 8.

270 4502 296 4561 5.
312 4480 423 4564 Israel]
439 4485 515 4545 Gen.
533 4507 580 4562 49,
599 4503 623 4562 7.
975 4506 1019 4544 20.
1029 4479 1128 4563 fieret]
1146 4485 1190 4543 Io.
1211 4502 1254 4556 17,
1274 4500 1299 4558 5.

274 4584 301 4658 7.Ι
314 4576 399 4643 opera
420 4564 551 4649 sua]10,
575 4588 619 4641 14,
638 4589 681 4628 ro.
701 4571 778 4630 ‘Sua
790 4569 796 4598 ’
809 4568 879 4628 item
975 4589 989 4625 2
995 4586 1020 4643 5.
1030 4562 1216 4645 praeclarus]
1228 4568 1274 4623 Ps.
1295 4580 1340 4628 22,
1358 4577 1383 4635 5.

230 4648 316 4708 addit
347 4650 444 4710 codex
483 4653 580 4710 Bezae
617 4649 879 4728 Cantabrigiensis.
976 4643 1247 4727 relevationes.
1270 4660 1335 4718 115,
1356 4660 1398 4716 ¹3·
