4160 5500
654 433 845 495 nonium
870 435 915 492 lu
940 433 1178 495 iounuuan
1202 435 1226 506 1,
1252 453 1327 506 νιν.
1581 417 1662 522 387

304 653 475 737 quomodo
490 653 523 717 in
548 661 643 718 utero
660 651 774 716 matris
798 645 1000 716 constitutus
1016 651 1119 715 sensit
1136 652 1318 716 adventum
1337 652 1483 717 Domini.
1501 653 1662 719 Conside-

305 769 384 837 rate,
394 757 559 836 monachi,
574 757 773 840 dignitatem
790 767 944 822 vestram.
959 756 1126 822 lohannes
1140 757 1293 842 princeps
1304 758 1407 822 nostri
1418 767 1469 822 est
1480 759 1663 842 dogmatis,

305 862 375 946 ipse
391 862 582 928 monachus.
600 863 723 930 Statim
741 873 778 928 ut
794 873 967 941 natusest,
987 864 1019 926 in
1036 863 1172 928 heremo
1187 863 1279 941 vivit,
1291 863 1328 927 in
1345 863 1482 929 heremo
1509 865 1662 944 nutritur,

306 967 464 1050 Xpistum
479 977 640 1052 expectat
656 969 688 1032 in
713 967 900 1036 solitudine.
926 968 1050 1032 Videte
1075 967 1307 1034 differentiam.
1336 969 1388 1032 Eo
1414 976 1567 1051 tempore
1593 989 1662 1052 quo

272 1083 286 1137 5
308 1072 471 1136 lohannes
482 1081 580 1138 natus
594 1082 645 1139 est
657 1081 690 1138 et
702 1082 773 1137 erat
785 1073 816 1137 in
833 1072 978 1150 heremo,
989 1073 1052 1138 hoc
1062 1073 1235 1156 templum,
1245 1073 1335 1155 quod
1346 1072 1498 1138 videmus
1513 1093 1586 1137 esse
1597 1075 1657 1138 de'-

305 1184 478 1255 structum,
499 1187 643 1260 quantas
666 1178 816 1244 habebat
829 1178 989 1254 divititas,
1005 1177 1085 1261 quid
1102 1178 1182 1255 auri,
1198 1177 1278 1260 quid
1296 1179 1435 1262 argenti,
1450 1178 1530 1262 quid
1549 1178 1661 1245 multi-

304 1279 448 1344 tudinis?
464 1280 575 1346 Vultis
590 1283 674 1346 scire
690 1293 851 1366 quantam
864 1282 1017 1346 habuerit
1031 1281 1308 1347 multitudinem?
1327 1281 1489 1364 Iosephus
1503 1282 1660 1347 Iudaicae

304 1386 444 1468 scriptor
455 1385 613 1451 historiae
628 1387 786 1451 describit
802 1408 842 1450 eo
858 1397 1009 1472 tempore
1024 1406 1092 1469 quo
1108 1395 1207 1468 capta
1222 1392 1273 1449 est
1292 1383 1514 1460 Hierusalem,
1530 1385 1592 1449 hoc
1609 1394 1661 1449 est

304 1511 324 1554 a
340 1491 550 1576 Vespasiano
564 1501 600 1557 et
615 1493 703 1569 Tito,
717 1492 799 1556 dicit
816 1491 906 1555 mille
930 1491 1124 1573 octingenta
1147 1490 1239 1556 milia
1256 1509 1322 1554 una
1337 1489 1392 1552 die
1412 1498 1520 1572 capta.
1536 1489 1660 1554 Videte

255 1609 286 1645 ¹0
302 1595 382 1678 quid
399 1595 498 1661 dicat.
516 1596 584 1661 Ubi
609 1596 694 1660 tanti
724 1605 802 1660 sunt
817 1595 917 1679 capti,
941 1595 1058 1677 quanti
1086 1594 1293 1660 habitatores
1316 1603 1420 1671 erant,
1444 1595 1561 1678 quanti
1581 1605 1660 1660 sunt

303 1702 433 1778 mortui,
450 1711 594 1784 quantos
610 1700 724 1779 sames,
736 1708 881 1782 quantos
897 1699 1029 1782 gladius
1045 1698 1229 1764 interfecit?
1242 1697 1376 1762 Deinde
1386 1696 1545 1762 describit
1556 1698 1660 1762 histo·

303 1805 358 1881 ria,
370 1816 532 1888 quantum
543 1805 614 1870 auri
626 1805 720 1869 luerit
739 1806 771 1870 in
784 1803 921 1887 templo
931 1812 1094 1886 quantum
1106 1803 1246 1885 argenti,
1261 1810 1424 1884 quantum
1438 1815 1657 1882 gemmarum,

301 1918 465 1990 quantum
481 1910 586 1988 serici,
601 1910 717 1992 quanti
734 1917 828 1973 erant
845 1907 1169 1989 sacerdotes,quanti
1186 1904 1324 1982 scribae,
1339 1915 1372 1970 et
1389 1905 1520 1970 diversa
1535 1925 1658 1987 genera

301 2011 492 2078 officiorum.
510 2013 633 2077 Videte
648 2011 819 2096 quomodo
829 2031 961 2094 semper
977 2011 1119 2094 Xpistus
1135 2008 1359 2074 humilitatem
1376 2008 1496 2091 diligit.
1516 2008 1658 2092 Xpistus

252 2130 282 2184 ι5
303 2115 366 2178 Dei
384 2115 488 2179 Filius
504 2117 537 2180 in
558 2115 686 2199 templo
711 2116 865 2193 nescitur,
892 2125 926 2180 et
950 2117 983 2179 in
1002 2115 1140 2179 heremo
1165 2113 1384 2196 praedicatur.
1403 2112 1551 2178 Humilis
1567 2112 1656 2177 enim

300 2219 442 2285 humiles
468 2221 587 2304 diligit.
609 2221 685 2285 Hoc
710 2230 819 2286 totum
846 2240 948 2304 quare
975 2221 1076 2284 dico?
1109 2218 1158 2285 Ut
1188 2219 1326 2282 doceam
1360 2218 1529 2302 dogmatis
1552 2219 1656 2283 nostri
1780 2225 1781 2228 ’

301 2327 483 2410 principem
498 2346 570 2391 esse
583 2326 771 2410 Baptistam
786 2324 1199 2391 IohannemFelicessunt
1211 2322 1267 2405 qui
1281 2322 1659 2400 imitanturlohannem,

300 2450 415 2515 aquo
440 2431 547 2496 maior
573 2432 659 2495 inter
683 2442 780 2495 natos
804 2430 979 2495 mulierum
1012 2449 1078 2493 non
1122 2428 1192 2493 luit.
1231 2427 1447 2508 Expectabat
1486 2427 1656 2510 Xpistum,

301 2544 437 2601 noverat
453 2556 525 2602 esse
541 2544 727 2613 venturum,
742 2535 829 2600 oculi
851 2536 922 2599 eius
938 2534 1019 2599 nihil
1041 2533 1131 2598 aliud
1145 2532 1372 2615 dignabantur
1391 2533 1547 2614 aspicere.

250 2655 284 2693 2⁰
347 2640 467 2705 Omm'a
474 2651 538 2723 per
551 2640 656 2722 ipsum
660 2640 758 2720 facta
772 2649 857 2716 sunt,
870 2648 901 2702 et
914 2639 984 2702 sine
999 2638 1066 2720 ipso
1068 2639 1201 2718 sactum
1212 2644 1261 2698 est
1275 2635 1363 2700 nilril
1370 2636 1594 2718 qrrodsactum
1603 2645 1657 2700 est.

300 2737 400 2809 Multi
415 2744 504 2808 enirn
516 2744 603 2809 male
619 2744 742 2827 legunt,
758 2743 926 2807 dicentes:
944 2740 1044 2824 Quod
1062 2740 1187 2806 iactum
1204 2751 1254 2804 est
1270 2739 1390 2822 inipso
1407 2740 1474 2802 vita
1489 2750 1569 2804 erat.
1587 2739 1655 2804 Sed

299 2848 346 2912 ita
361 2848 596 2930 distinguitur:
620 2847 745 2914 Omnia
762 2865 819 2928 per
835 2845 945 2928 ipsum
959 2844 1046 2907 lacta
1062 2851 1149 2920 sunt,
1165 2851 1199 2906 et
1208 2843 1279 2906 sine
1290 2843 1364 2925 ipso
1374 2843 1499 2906 lactum
1512 2853 1562 2910 est
1574 2842 1654 2906 nihil

298 2950 388 3033 quod
402 2949 526 3015 lactum
543 2959 606 3028 est;
621 2951 685 3014 hoc
707 2959 768 3027 est,
789 2949 860 3012 sine
877 2948 951 3030 ipso
966 2946 1057 3029 quod
1075 2946 1200 3010 lactum
1215 2955 1342 3010 estnon
1359 2955 1410 3010 est
1427 2945 1560 3012 lactum.
1577 2945 1653 3027 Spi-

299 3055 380 3118 ritus
395 3055 484 3119 enim
501 3065 636 3120 sanctus
653 3074 719 3118 non
736 3061 787 3118 est
804 3053 927 3117 sactus:
943 3059 1119 3135 propterea
1135 3070 1201 3113 non
1220 3071 1278 3132 per
1294 3051 1403 3131 ipsum
1420 3059 1480 3112 est.
1512 3049 1656 3132 Spiritus

251 3175 282 3228 ²5
299 3158 386 3220 enirn
400 3167 545 3235 sanctus,
562 3158 619 3241 qui
637 3157 715 3222 secit
725 3157 848 3233 omnia,
866 3175 932 3218 non
949 3165 1000 3219 est
1022 3153 1135 3218 iactus
1153 3174 1172 3218 a
1191 3153 1348 3218 Domino.
1365 3153 1500 3217 ‘Verbo
1517 3153 1656 3217 Domini

299 3261 381 3324 caeli
398 3259 519 3326 firmati
545 3270 633 3339 sunt,
658 3269 694 3325 et
709 3260 836 3343 Spiritu
862 3260 928 3323 oris
944 3258 1014 3322 eius
1030 3259 1139 3322 omnis
1156 3258 1260 3322 virtus
1284 3277 1409 3322 eorum.
1426 3257 1433 3284 ’
1457 3256 1563 3322 Vides
1579 3257 1657 3340 quia

299 3365 367 3430 duo
382 3376 460 3431 sunt
468 3366 527 3449 qui
542 3364 864 3430 fabricantDimitto
875 3364 1017 3439 Patrem,
1028 3362 1107 3444 quia
1122 3361 1165 3425 de
1184 3362 1282 3426 Patre
1297 3358 1389 3425 nulla
1404 3359 1572 3426 dubitatio
1588 3372 1658 3426 est:

300 3467 376 3533 licet
392 3468 423 3532 in
442 3469 506 3533 isto
522 3467 684 3533 versiculo
700 3477 767 3533 tres
781 3485 942 3551 personae
959 3467 1237 3530 demonstrentur.
1255 3465 1401 3549 Quando
1417 3465 1507 3528 enim
1524 3464 1659 3541 dicitur,

333 3711 348 3746 2
359 3697 452 3759 nostri]
463 3696 551 3763 scripsi
561 3714 568 3756 ;
581 3703 663 3746 noster
673 3697 698 3747 O
709 3713 716 3755 ;
727 3702 772 3746 nrt
784 3697 805 3744 F
817 3712 824 3753 ;
836 3710 871 3743 nr
881 3695 904 3744 L
914 3712 921 3754 ς
932 3699 1045 3761 νινίινχ.
1055 3692 1096 3744 Cl.
1108 3691 1172 3742 inira
1184 3693 1201 3742 l.
1219 3693 1256 3742 16.
1292 3690 1293 3693 ’
1324 3705 1341 3755 9
1352 3691 1421 3742 mille
1431 3691 1579 3755 octingenta]
1591 3692 1660 3740 mille

299 3781 420 3844 etocting.
435 3795 463 3848 χ.
551 3791 576 3829 11
591 3776 928 3844 describit1F3scrr'biigL.
1024 3787 1054 3839 13
1065 3773 1153 3834 sm'ci]
1163 3775 1242 3837 syrici
1253 3775 1281 3824 F.
1370 3785 1398 3838 15
1412 3773 1661 3834 nescitur1nuscilur

301 3863 352 3931 χΙν,
366 3863 387 3912 F
398 3878 462 3914 corr.
548 3861 665 3927 rruapr.
679 3860 811 3922 [ahilod.
827 3859 902 3924 Bupt.
918 3858 947 3908 L.
1035 3853 1255 3922 18aquolcoddr
1269 3872 1350 3926 χολη.
1365 3872 1388 3906 a.
1480 3855 1659 3920 27sabn'cant]

293 3943 459 4009 fabricantur
469 3945 498 3994 F.
513 3943 552 3996 ct.
566 3959 642 4009 supra
652 3959 677 4008 p.
693 3955 749 4004 242,
764 3943 780 3992 l.
796 3954 878 4006 2sqq.

343 4140 367 4181 2.
379 4122 510 4198 princeps
522 4139 549 4180 n.
565 4139 586 4180 e.
599 4115 753 4198 dogrnair's]
767 4115 890 4176 Hieron.
903 4135 948 4192 ep
1003 4115 1140 4186 λυομένων
1161 4119 1230 4172 κατὰ
1249 4125 1335 4172 πᾶσαν
1356 4118 1404 4185 τὴν
1422 4115 1588 4190 πολιορκίαν,
1611 4139 1658 4186 μυ-

303 4221 348 4275 aa,
356 4206 393 4278 36
404 4206 412 4234 ⁸
425 4200 526 4261 Huius
536 4201 615 4261 vitae
627 4197 948 4277 (Anachoretarum)...
1005 4195 1090 4272 ριάδες
1103 4199 1198 4254 ἑκατὸν
1207 4199 1252 4253 καὶ
1263 4197 1337 4254 δέκα.

301 4283 437 4361 princeps
452 4283 605 4343 Iohannes
621 4282 753 4358 Baptista
768 4281 822 4338 luit
838 4280 852 4337 '.
1048 4297 1092 4336 11.
1117 4278 1232 4336 Derirde
1260 4278 1391 4338 describi!
1416 4274 1553 4357 ltr'storr'u]
1583 4275 1654 4339 ibid.

341 4383 366 4441 9.
384 4385 444 4424 una
458 4365 503 4424 die
526 4371 609 4442 capia
650 4363 752 4439 Longe
766 4361 850 4421 aliter
874 4362 953 4420 lose·
1003 4360 1021 4418 l.
1044 4375 1070 4436 5,
1086 4377 1111 4419 c.
1129 4376 1155 4436 5.

301 4446 385 4524 phua,
403 4449 450 4508 De
465 4446 544 4507 bello
566 4446 601 4505 Iu
645 4443 692 4504 ico
706 4445 724 4504 l.
740 4446 768 4516 6,
784 4463 809 4502 c.
826 4461 853 4518 9,
870 4461 896 4500 n.
916 4461 952 4518 3:
1048 4443 1090 4499 18.
1108 4436 1251 4520 nonfuit]
1268 4441 1375 4500 Matth.
1396 4460 1440 4514 11,
1457 4461 1500 4501 11.

301 4537 359 4586 Τῶν
378 4532 425 4600 μὲν
437 4529 483 4587 οὖν
495 4528 678 4604 αἰχμαλώτων
700 4528 816 4594 πάντων,
830 4527 879 4580 ὅσα
897 4530 956 4580 καθ’
1054 4541 1098 4598 19.
1114 4523 1316 4598 dignabantur
1323 4518 1456 4601 aspicere]
1470 4524 1556 4584 Conf.
1571 4543 1659 4602 supra

302 4610 364 4670 ὦνον
376 4609 478 4686 ἐλήφθη
489 4612 535 4666 τὸν
552 4609 683 4678 πόλεμον,
699 4609 810 4681 ἀριθμὸς
822 4605 894 4663 ἐννέα
908 4627 954 4675 μυ·
1007 4622 1035 4679 p.
1052 4623 1118 4678 322,
1136 4605 1151 4662 l.
1170 4624 1195 4680 9.

302 4692 388 4768 pta'dec
399 4695 445 4748 aul
458 4689 638 4763 ἑπτανιχίλνοι
650 4689 779 4761 συνήχθη·
791 4694 845 4752 τῶν
857 4685 878 4742 δ’
890 4687 953 4742 irno-
1049 4689 1094 4744 26.
1111 4682 1219 4766 eorum]
1236 4687 1282 4747 Ps.
1300 4704 1347 4761 32,
1363 4687 1391 4745 6.
1468 4707 1472 4714 ·
