4202 5492
456 373 533 434 100
827 375 855 434 S.
881 374 1135 435 HIERONYMI
1159 377 1423 437 PRESBYTERI

448 592 608 658 damenta
623 591 693 656 eius
710 590 742 654 in
760 591 930 656 montibus
945 591 1079 670 sanctis,
1095 611 1272 677 possumus
1288 601 1322 658 et
1337 593 1380 656 de
1397 591 1473 656 Deo
1488 590 1606 655 dicere.
1623 591 1804 656 Possumus

448 705 559 761 autem
587 705 621 760 et
645 695 709 760 hoc
723 696 842 761 dicere.
860 694 1009 760 Glorrhsa
1022 695 1110 760 dicta
1124 707 1202 760 sunt
1216 697 1255 760 de
1270 706 1307 774 te,
1327 695 1444 760 civitas
1460 695 1530 759 Dei.
1548 694 1645 778 Quae
1667 703 1718 757 est
1741 693 1804 758 ista

448 800 590 864 civitas?
606 798 661 863 ubi
677 800 768 864 dicta
786 807 864 864 sunt
879 798 1048 882 gloriosa?
1067 799 1105 863 ln
1122 799 1279 864 omnibus
1292 799 1463 883 prophetis
1478 800 1605 864 dictum
1621 807 1673 863 est
1688 798 1803 863 dehac

449 901 593 967 civitate.
620 901 737 966 Esaias
752 901 855 966 dicit:
871 906 878 935 ‘
896 903 1061 986 Exsurge,
1076 922 1229 986 exsurge,
1248 903 1470 981 Hierusalem,
1485 902 1623 966 induere
1639 900 1803 966 fortitudi-

450 1025 525 1070 nem
542 1005 667 1070 brachii
691 1005 739 1070 tui
750 1006 766 1070 ’.
791 1005 916 1071 Iterum
944 1006 1015 1090 ipse
1041 1008 1199 1073 Esaias:‘
1214 1006 1288 1090 Ego
1312 1008 1429 1072 civitas
1449 1005 1553 1082 firma,
1579 1005 1696 1069 civitas
1718 1023 1803 1088 quae
1839 1017 1855 1071 5

448 1111 662 1193 obpugnatus
671 1109 687 1175 ³.
700 1110 792 1174 Dicit
808 1120 841 1175 et
854 1109 965 1175 David
982 1135 989 1175 :
1004 1111 1188 1176 ‘Fluminis
1202 1113 1346 1195 impetus
1357 1110 1515 1176 laetificat
1528 1109 1698 1174 civitatem
1713 1109 1777 1173 Dei
1788 1109 1803 1174 ’.

453 1214 495 1277 Et
511 1213 544 1276 in
560 1212 627 1278 alio
642 1211 736 1278 loco:
752 1217 760 1245 ⁴
773 1214 928 1293 Domine,
943 1215 976 1277 in
993 1215 1128 1279 civitate
1143 1225 1201 1279 tua
1218 1216 1380 1298 imagines
1400 1233 1515 1277 eorum
1538 1211 1717 1294 dissipabis
1730 1211 1745 1274 ’.
1759 1210 1804 1274 Et

451 1315 605 1381 Salvator
620 1315 764 1398 gloriosa
780 1315 910 1380 locutus
919 1325 970 1382 est
986 1317 1029 1381 de
1044 1316 1106 1381 hac
1122 1318 1256 1382 civitate
1270 1319 1381 1382 :‘Non
1393 1327 1505 1401 potest
1516 1315 1677 1380 abscondi
1690 1315 1805 1378 civitas

450 1431 712 1504 supermontem
731 1421 840 1502 posita
856 1421 874 1486 ’.
1156 1405 1159 1410 ⁵

494 1524 689 1589 Memorem
705 1523 802 1589 Raab
824 1535 856 1588 et
880 1523 1056 1606 Babylonis
1070 1525 1244 1590 scientibus
1260 1547 1317 1591 uu.
1335 1525 1505 1610 Quoniam
1529 1526 1628 1602 dixit,
1655 1523 1807 1590 Gloriosa
1829 1540 1861 1578 ¹0

451 1629 541 1694 dicta
558 1639 636 1694 sunt
657 1630 699 1693 de
715 1640 758 1705 te,
774 1629 891 1694 civitas
908 1629 982 1704 Dei,
997 1640 1031 1694 et
1047 1641 1160 1693 tamen
1178 1632 1284 1713 ipsam
1300 1633 1472 1697 civitatem
1489 1630 1662 1694 ecclesiam
1681 1627 1807 1693 intelle·

452 1736 561 1818 gimus
580 1734 622 1797 de
649 1732 805 1815 gentibus
829 1745 1068 1816 congregatam
1084 1758 1092 1798 ι
1107 1744 1284 1817 propterea
1301 1755 1387 1800 nttnc
1403 1737 1446 1801 de
1465 1736 1641 1799 vocatione
1657 1733 1807 1816 gentium

452 1838 582 1916 dicitur,
598 1837 730 1900 Memor
744 1856 801 1899 ero
818 1835 915 1898 Raab
930 1845 964 1900 et
981 1835 1163 1919 Babylonis
1179 1839 1361 1903 scientibus
1379 1859 1441 1904 me.
1466 1838 1678 1922 Quicumque
1694 1856 1810 1919 pecca·

453 1952 506 2006 tor
519 1951 579 2019 est,
595 1957 728 2004 securus
744 1940 809 2005 sit:
826 1939 993 2004 Dominus
1010 1960 1138 2004 memor
1149 1939 1210 2005 l'uit
1228 1942 1333 2007 Raab.
1351 1942 1512 2008 Securum
1529 1942 1612 2018 dixi,
1628 1941 1655 2004 si
1669 1949 1810 2006 reverta·

452 2058 507 2112 tur
520 2049 563 2112 ad
581 2047 788 2111 Dominum:
813 2055 960 2110 ceterum
977 2044 1136 2108 securitas
1153 2046 1223 2108 sine
1239 2045 1383 2110 lacrimis
1411 2067 1477 2110 non
1501 2045 1603 2110 habet
1619 2044 1812 2110 remedium.
1833 2060 1863 2114 ι5

454 2149 586 2214 Memor
609 2171 662 2214 ero
687 2149 804 2215 Raab:
836 2149 934 2214 Raab
958 2148 1045 2212 illius
1072 2149 1262 2227 meretricis,
1292 2170 1378 2233 quae
1408 2151 1554 2234 suscepit
1583 2149 1811 2232 exploratores

456 2255 543 2333 Iesu,
557 2275 643 2338 quae
659 2264 730 2319 erat
755 2256 788 2318 in
810 2253 978 2332 Hiericho,
994 2273 1062 2335 quo
1077 2263 1214 2318 venerat
1231 2255 1334 2332 lesus,
1358 2264 1392 2319 et
1409 2255 1499 2319 misit
1520 2255 1604 2318 duos
1620 2251 1811 2337 explorato-

456 2379 516 2424 res.
533 2359 702 2436 Hiericho,
719 2358 863 2422 mundus
879 2357 951 2434 iste,
967 2358 1022 2440 qui
1039 2358 1072 2420 in
1090 2367 1219 2441 septem
1236 2358 1354 2422 diebus
1378 2359 1588 2435 subvertitur,
1600 2359 1671 2422 vult
1686 2355 1809 2421 interli-

455 2483 529 2528 cere
560 2463 798 2547 exploratores.
830 2463 876 2527 Et
906 2482 981 2526 curn
1014 2461 1069 2525 ille
1100 2463 1211 2544 cupiat
1251 2462 1434 2528 interlicere
1464 2465 1703 2545 exploratores,
1741 2461 1810 2525 sola

458 2567 617 2630 meretrix
642 2566 740 2630 Raab
764 2565 923 2647 suscepit.
950 2565 995 2630 Et
1020 2566 1165 2646 suscepit
1190 2586 1257 2642 eos,
1273 2586 1339 2630 non
1368 2569 1401 2632 in
1430 2568 1574 2632 inferiori
1591 2567 1675 2646 loco,
1697 2568 1756 2631 sed
1779 2567 1811 2630 in
1833 2584 1866 2622 20

457 2670 647 2747 caenaculo,
664 2670 695 2734 in
724 2671 869 2746 domate,
885 2668 948 2732 hoc
964 2676 1015 2732 est
1031 2667 1063 2731 in
1081 2668 1287 2734 sublimitate
1304 2668 1380 2734 fidei
1404 2691 1492 2748 suae,
1509 2680 1542 2734 et
1558 2670 1734 2734 abscondit
1757 2689 1813 2732 eos

457 2775 491 2838 in
508 2774 586 2852 lino,
601 2774 665 2839 hoc
681 2784 732 2839 est
748 2774 780 2838 in
798 2784 920 2855 stuppa
937 2771 1004 2836 lini.

504 2879 580 2942 Hoc
596 2877 727 2943 interim
744 2877 894 2941 diximus
911 2875 1094 2939 secundum
1111 2875 1296 2954 historiam,
1311 2887 1344 2941 et
1361 2879 1482 2944 videtis
1497 2877 1668 2961 quomodo
1683 2878 1727 2942 de
1742 2877 1814 2960 ipsa

458 2980 595 3046 historia
623 2980 784 3063 paulatim
811 2980 853 3043 ad
881 2977 1023 3061 mystica
1046 2979 1257 3042 ascendimus
1282 2990 1501 3046 sacramenta.
1531 2981 1624 3044 lesus
1654 2982 1735 3060 dux,
1758 2981 1813 3065 qui
1861 3001 1867 3016 ·

458 3083 619 3166 populum
648 3083 788 3147 eductus
815 3081 921 3145 iuerat
937 3081 980 3144 de
999 3081 1177 3162 Aegypto:
1196 3082 1299 3158 Iesus,
1316 3084 1371 3164 qui
1401 3084 1636 3166 interpretatur
1653 3083 1815 3163 Salvator,
1834 3103 1865 3158 25

491 3254 575 3318 3ubi]
587 3253 616 3304 de
624 3271 674 3319 qua
684 3254 715 3304 C.
816 3269 832 3314 4
835 3241 1029 3320 fortitudinem]
1033 3252 1229 3317 fortitudines.
1327 3254 1815 3322 dodsuguatur]P30ppugnaierH5

453 3335 906 3400 pergiraturwafirmalueron
917 3341 1079 3398 oppugnatur
1090 3332 1114 3402 β
1191 3336 1352 3399 7imngines]
1364 3337 1500 3401 imaginem
1514 3340 1560 3390 PS.
1645 3352 1674 3402 14
1686 3341 1816 3404 Securum]

456 3433 557 3466 secururs
568 3416 598 3467 C.
699 3428 730 3465 22
739 3415 840 3481 stuppa]
851 3413 1145 3484 stupaliCcornslopu
1155 3417 1188 3467 G.
1289 3431 1321 3478 24
1332 3421 1496 3485 ascendimus]
1507 3424 1667 3474 ascendamus
1679 3422 1813 3483 G,Pcorr.

457 3505 505 3569 qui
519 3504 640 3568 populum
651 3503 753 3552 eductus
757 3503 858 3567 fuerat]
870 3499 896 3562 (d
908 3499 953 3553 τὸν
965 3498 1029 3552 λαὸν
1042 3496 1237 3569 ἐξηγησάμενος
1246 3505 1266 3564 i)
1277 3521 1283 3562 ;
1293 3505 1341 3568 qui
1347 3504 1468 3568 populum
1483 3503 1618 3552 educturus
1629 3503 1722 3568 suere!
1732 3505 1759 3564 S,
1773 3504 1793 3553 C
1798 3505 1816 3553 P

459 3595 546 3636 mutat.
561 3585 586 3634 in
598 3587 710 3650 quicum
723 3586 815 3650 populo
825 3585 926 3632 eductus
937 3583 1046 3649 sueram
1058 3585 1106 3650 qui
1117 3587 1241 3650 populum
1252 3586 1374 3636 eduxerat
1386 3584 1410 3653 β.
1426 3586 1518 3636 Forma
1528 3587 1658 3650 deponens
1669 3601 1715 3651 pro
1726 3587 1814 3638 activa.

458 3667 497 3718 Cl.
514 3667 631 3718 Roensch
645 3669 652 3694 ‘
665 3667 731 3716 Itala
742 3681 766 3716 u.
781 3667 890 3731 Vulgata
903 3664 909 3686 ’
921 3679 935 3714 2
948 3666 988 3717 ed.
1003 3683 1028 3730 p.
1041 3679 1088 3730 30²
1099 3683 1137 3732 sq.

501 3837 527 3894 3.
543 3817 645 3877 dehac
664 3811 789 3896 civitate]
815 3815 1058 3878 Commentariol.
1083 3836 1109 3892 p.
1164 3830 1353 3894 oppugnatur
1366 3819 1373 3844 '
1387 3829 1442 3878 etc.

461 3904 509 3977 65,
525 3901 542 3958 l.
561 3919 594 3958 21
614 3899 744 3960 ‘Omnis
768 3897 976 3974 prophetarum
1003 3897 1111 3958 chorus
1204 3902 1229 3956 6.
1247 3895 1322 3978 Dei]
1339 3901 1386 3962 Ps.
1402 3917 1439 3978 45
1468 3917 1495 3976 5.

461 3981 499 4040 de
514 3980 570 4040 hac
585 3979 743 4040 adnuntiat
757 3977 876 4038 civitate
892 3979 907 4038 ².
1206 3999 1230 4053 7.
1247 3977 1409 4060 dissipabis]
1425 3983 1470 4039 Ps.
1490 4000 1535 4056 72,
1555 4001 1601 4042 20.

502 4079 528 4139 5.
545 4058 605 4141 tui]
622 4062 660 4121 Is.
678 4078 725 4138 52,
746 4080 769 4121 1.
1204 4081 1230 4136 9.
1241 4058 1352 4142 posita]
1369 4061 1476 4122 Matth.
1495 4079 1521 4139 5,
1543 4082 1586 4134 14.

544 4137 901 4220 quaeobpugnatur]1d.
930 4161 975 4216 29,
1006 4141 1043 4200 ri
1063 4141 1109 4202 Cl.
1208 4161 1249 4200 ro.
1265 4143 1413 4202 scientibus
1422 4140 1476 4223 me]
1492 4163 1532 4220 gr.
1542 4152 1597 4208 τοῖς
1606 4147 1765 4220 γινώσκουσί
1773 4170 1813 4218 με.

463 4222 588 4284 Hieron.
614 4222 644 4282 in
670 4222 776 4283 Ezech.
801 4243 849 4294 40,
870 4242 881 4280 r
899 4241 963 4298 sqq.
992 4224 1034 4282 M.
1064 4239 1109 4298 25,
1207 4225 1250 4280 16.
1267 4224 1354 4282 Raab
1376 4225 1457 4284 illius
1482 4223 1649 4307 meretrin's]
1667 4228 1725 4288 Ios.
1746 4247 1770 4288 c.
1790 4249 1813 4288 2.

463 4308 542 4382 389:
558 4303 707 4364 ‘civitatis
732 4302 896 4363 similitudo
922 4313 1110 4376 monstratur,
1165 4305 1210 4365 Cf.
1229 4303 1354 4364 Hieron.
1370 4305 1614 4367 Commentariol.
1631 4307 1661 4367 in
1677 4308 1814 4386 huncps

461 4388 500 4446 de
514 4405 574 4462 qua
589 4387 729 4462 scriptum
746 4397 789 4446 est
808 4385 942 4446 Glorusa
956 4385 1116 4444 dt'ctasuui
1210 4388 1254 4445 18.
1291 4384 1479 4467 subvertitur]
1521 4387 1646 4448 Hieron.
1691 4391 1814 4451 Advers.

461 4469 494 4526 de
503 4476 536 4539 te,
547 4467 648 4528 civitas
657 4469 752 4526 Dei...
765 4484 841 4542 quae
853 4465 983 4542 loquitur
993 4466 1023 4524 in
1037 4463 1114 4525 Isaia
1167 4468 1261 4525 lovin.
1284 4487 1305 4538 ι,
1325 4487 1358 4526 21
1379 4473 1386 4499 ‘
1401 4469 1462 4528 Sub
1473 4483 1544 4545 typo
1556 4468 1675 4530 Iericho
1686 4473 1815 4532 mundus

462 4550 528 4624 Ego
540 4549 749 4624 cizu'iasfirma,
765 4549 866 4606 ciru'ins
881 4567 954 4623 quae
971 4557 1114 4624 oppugna·
1166 4547 1343 4608 subvertitur
1352 4549 1367 4609 '.

462 4633 519 4691 iur.
537 4629 608 4692 Non
634 4629 716 4703 dixit,
731 4647 809 4706 quae
834 4639 1024 4706 expugnatur,
1050 4628 1111 4699 sed,
