4092 5502
465 397 550 501 346
797 417 802 424 ·
847 417 878 476 s.
901 414 1156 478 rsmnouvur
1179 413 1444 477 Pressuram

466 633 629 700 vrium'ne
644 629 818 710 introieris,
831 642 865 698 et
889 631 1016 696 nemini
1027 632 1159 698 diceris.
1181 629 1307 698 Videte
1333 631 1518 715 diligenter.
1540 631 1673 697 Caecus
1695 631 1759 696 iste
1784 629 1817 694 in

467 739 500 806 in
518 737 698 806 Bethsaida
714 750 794 816 erat,
809 738 962 802 educitur
973 736 1080 802 ioras:
1097 737 1141 802 ibi
1157 748 1303 815 sanatur,
1315 757 1381 802 non
1399 738 1431 802 in
1450 737 1641 815 Bethsaida,
1655 737 1714 802 sed
1725 745 1822 800 extra

468 845 693 910 Bethsaidam.
711 841 757 908 Et
772 839 853 927 quia'
866 852 1003 907 sanatus
1030 851 1090 918 est,
1112 841 1234 906 dicitur
1249 842 1278 906 ei
1294 866 1301 906 :
1318 841 1497 905 Revertere
1513 841 1546 904 in
1563 844 1703 906 domum
1719 849 1823 915 tuam,

468 951 526 1015 sed
544 967 609 1014 non
627 950 730 1015 vadas
746 949 778 1012 in
795 949 914 1013 vicum.
932 947 984 1022 De
1001 946 1183 1012 Bethsaida
1205 946 1355 1011 tollitur:
1372 945 1417 1009 ibi
1433 956 1514 1024 erat,
1529 945 1575 1010 ibi
1592 943 1766 1010 invenitur.
1776 943 1822 1008 Et

467 1055 639 1141 quomodo
649 1075 715 1119 non
729 1062 780 1118 cst
792 1051 995 1118 Bethsaidae
1010 1051 1114 1134 ipsius
1123 1049 1269 1116 domus?
1282 1050 1406 1115 Videte
1421 1049 1502 1134 quid
1518 1049 1646 1116 dicitur.
1657 1048 1695 1114 Si
1707 1067 1822 1114 secun·
1856 1063 1869 1118 5

466 1159 548 1222 dum
565 1157 709 1222 litteram
721 1154 1091 1238 intellegimus,penitus
1101 1164 1189 1220 stare
1201 1175 1267 1220 non
1280 1165 1401 1237 potest.
1413 1154 1449 1220 Si
1461 1155 1551 1220 enim
1568 1173 1686 1218 caecus
1696 1153 1759 1218 iste
1774 1152 1823 1216 in·

468 1261 599 1325 venitur
614 1261 647 1324 in
661 1259 851 1336 Bethsaida,
864 1267 897 1322 et
909 1260 952 1323 de
963 1257 1145 1324 Bethsaida
1161 1259 1289 1324 tollitur
1300 1257 1441 1337 loras,et
1451 1259 1496 1324 ibi
1507 1266 1688 1335 curatur,et
1702 1257 1823 1322 dicitur

467 1365 508 1444 ei,
520 1365 700 1458 Reuertere
713 1364 746 1426 in
763 1365 901 1428 domum
914 1373 1007 1428 tuam
1021 1388 1028 1427 ε
1044 1364 1158 1446 utique
1170 1363 1291 1428 dicitur
1301 1363 1340 1442 e'i,
1353 1364 1533 1429 Reverterc
1548 1363 1582 1428 in
1596 1361 1821 1428 Bethsaidam.

469 1470 508 1536 Si
522 1481 634 1535 autem
651 1470 825 1534 revertitur
841 1469 874 1532 in
894 1469 1119 1546 Bethsaidam,
1132 1468 1302 1552 quomodo
1328 1469 1449 1534 dicitur
1473 1469 1522 1532 ei:
1540 1467 1592 1532 Ne
1608 1466 1772 1534 introieris
1789 1465 1821 1530 in

468 1574 604 1639 ¹vicum?
621 1573 726 1638 Vides
749 1593 830 1656 ergo
844 1573 934 1656 quod
959 1572 1117 1656 spiritalis
1136 1572 1364 1656 intellegentia
1388 1580 1448 1638 est.
1461 1571 1629 1638 Educitur
1655 1572 1697 1636 de
1719 1570 1823 1636 domo
1843 1587 1871 1624 ¹0

471 1679 682 1756 ludaeorum,
696 1679 740 1743 de
758 1676 867 1743 viculo
894 1677 1161 1756 ludaeorum,·de
1177 1676 1251 1760 lege
1270 1677 1479 1756 Iudaeorum,
1494 1679 1537 1742 de
1554 1676 1665 1741 littera
1681 1674 1823 1742 Iudaeo·

468 1783 604 1863 rum,de
620 1783 855 1849 traditionibus
872 1783 1083 1848 ludaeorum.
1096 1781 1162 1866 Qui
1180 1801 1246 1846 non
1264 1791 1395 1867 poterat
1410 1780 1520 1844 sanari
1537 1783 1570 1846 in
1588 1779 1671 1864 lege,
1687 1788 1823 1844 sanatur

468 1889 503 1952 in
519 1887 626 1972 gratia
642 1887 814 1969 euangelii,
829 1897 863 1952 et
879 1888 1001 1952 dicitur
1014 1886 1056 1951 ei:
1073 1886 1253 1952 Revertere
1269 1887 1302 1950 ln
1318 1887 1457 1952 domurn
1470 1894 1573 1960 tuam,
1589 1904 1656 1950 non
1673 1884 1707 1949 in
1723 1883 1821 1948 istam

468 1994 607 2057 domum
623 2009 725 2074 quarn
750 2001 787 2056 tu
802 2000 911 2073 putas,
936 1992 1024 2056 unde
1050 2009 1202 2073 egressus
1224 1998 1284 2066 est,
1299 1991 1357 2055 sed
1375 1990 1408 2054 in
1433 1992 1571 2055 domum
1589 1991 1678 2056 unde
1704 1989 1767 2056 luit
1791 2002 1823 2053 et

465 2095 653 2162 Abraham.
669 2094 706 2160 Si
733 2095 869 2177 quidem
897 2092 1070 2158 Abraham
1087 2103 1183 2176 pater
1204 2093 1412 2158 credentium
1439 2105 1499 2159 est.
1514 2100 1522 2127 ‘
1536 2093 1712 2160 Abraham
1741 2095 1825 2158 vidit
1843 2109 1870 2161 ¹5

469 2200 557 2264 diem
575 2218 696 2277 meum,
712 2207 745 2262 et
761 2197 905 2262 laetatus
916 2206 966 2262 est
976 2197 992 2260 '.
1005 2197 1044 2260 ln
1059 2197 1198 2260 domum
1215 2205 1307 2260 tuam
1319 2205 1492 2262 revertere:
1507 2197 1571 2262 hoc
1587 2208 1647 2276 est,
1663 2199 1696 2262 in
1720 2197 1823 2263 eccle·

468 2304 563 2370 siam.
578 2305 585 2334 ⁴
600 2302 690 2366 Dum
707 2301 815 2380 venio,
826 2300 942 2382 inquit,
959 2309 995 2364 ut
1010 2301 1096 2364 scias
1112 2301 1283 2384 quomodo
1299 2302 1484 2384 gubernare
1499 2301 1622 2366 debeas
1638 2301 1825 2379 ecclesiam,

468 2427 555 2490 quae
577 2414 627 2470 est
643 2406 764 2496 domus
780 2404 845 2470 Dei
862 2403 877 2468 '.
893 2403 999 2468 Vides
1014 2423 1095 2487 ergo
1110 2404 1268 2489 quoniam
1285 2404 1406 2470 domus
1423 2405 1487 2470 Dei
1503 2406 1643 2472 ecclesia
1660 2417 1720 2474 est.
1733 2407 1823 2472 Dici·

466 2519 522 2576 tu‘r
547 2528 627 2592 ergo
652 2509 691 2586 ei,
706 2507 805 2574 Vade
832 2508 864 2574 in
881 2509 1020 2572 domum
1037 2518 1140 2587 tuam,
1158 2507 1288 2578 hoccst
1317 2508 1350 2572 in
1367 2509 1506 2575 domum
1524 2507 1611 2588 fidei,
1626 2510 1690 2576 hoc
1716 2521 1767 2578 est
1790 2511 1823 2575 in

468 2611 663 2678 ecclesiam:
680 2631 721 2676 ne
737 2611 909 2676 revertaris
925 2612 958 2677 in
975 2610 1120 2675 viculum
1139 2611 1349 2684 ludaeorum.
1493 2627 1496 2633 ·
1841 2631 1871 2668 20

863 2893 943 3000 [ru
977 2897 1145 2974 unae.
1174 2897 1311 2982 uun,
1348 2893 1424 2998 1·7]

511 3171 620 3236 Arnen
634 3169 705 3234 dico
719 3167 817 3246 vobis,
842 3165 922 3249 quia
945 3175 1024 3228 sunt
1043 3163 1179 3248 quidam
1205 3165 1244 3228 de
1269 3163 1322 3228 iric
1341 3165 1550 3231 adstantibus
1563 3167 1623 3249 qui
1636 3188 1698 3234 non
1708 3181 1823 3253 gusta·

464 3274 550 3339 'bunt
563 3283 705 3340 mortem.
732 3273 844 3337 Amen
869 3271 946 3334 dico
969 3269 1073 3335 vobis.
1097 3271 1189 3334 Iurat
1206 3269 1348 3352 Xpistus
1363 3293 1371 3333 ε
1386 3269 1547 3334 debemus
1564 3271 1687 3355 Xpisto
1703 3274 1823 3342 iuranti

468 3380 610 3445 credere.
627 3377 728 3461 Quod
751 3378 840 3440 enim
858 3377 890 3440 in
914 3375 1017 3440 veteri
1034 3383 1237 3440 testamento
1253 3373 1375 3438 dicitur
1390 3377 1397 3406 ⁴
1414 3372 1503 3437 Vivo
1517 3393 1582 3457 ego
1608 3376 1690 3442 dicit
1706 3377 1823 3443 Domi·

469 3503 531 3547 nus
546 3483 563 3560 ’‚
578 3485 611 3546 in
628 3501 716 3546 novo
732 3488 934 3545 testamento
950 3479 1071 3543 dicitur
1091 3483 1098 3511 ⁸
1115 3476 1227 3541 Amen
1245 3495 1343 3540 amen
1360 3477 1436 3540 dico
1451 3477 1547 3541 vobis
1562 3477 1578 3541 ’.
1595 3478 1707 3544 Amen
1725 3499 1821 3544 amen
1840 3507 1868 3560 ις

468 3587 589 3652 dicitur
604 3603 680 3648 vere
695 3602 779 3648 vere.
797 3581 930 3647 Veritas
941 3582 1087 3664 loquitur
1097 3582 1280 3656 veritatem,
1292 3589 1328 3644 ut
1338 3581 1449 3644 vincat
1466 3582 1686 3647 mendacium.
1710 3583 1821 3648 Amen

464 3681 543 3754 ‘dico
560 3688 664 3766 vobis,
689 3687 767 3771 quia
783 3694 861 3750 sunt
889 3687 1024 3768 quidam
1053 3684 1163 3748 dehic
1190 3684 1409 3749 adstantibus.
1427 3684 1514 3748 Dico
1533 3685 1629 3751 vobis
1644 3686 1824 3771 discipulis,

469 3795 603 3859 ludaeis
628 3800 740 3858 autem
766 3809 832 3853 non
861 3789 997 3873 loquor:
1013 3790 1143 3853 clausas
1166 3788 1254 3852 enirn
1278 3789 1403 3854 habent
1426 3803 1531 3866 aures,
1546 3798 1580 3854 et
1596 3809 1689 3855 meus
1713 3811 1823 3858 sermo

467 3918 523 3964 eas
539 3909 714 3982 penetrare
730 3915 797 3960 non
815 3904 933 3977 potest.
953 3893 1042 3976 Quia
1064 3902 1142 3957 sunt
1162 3893 1299 3976 quidam
1320 3893 1360 3957 de
1381 3892 1433 3957 hic
1452 3893 1660 3959 adstantibus
1680 3897 1741 3979 qui
1762 3917 1823 3961 riori

461 4003 646 4088 gustabunt
660 4009 803 4076 mortem,
829 3998 925 4064 donec
949 3999 1084 4062 videant
1105 4015 1241 4079 regnum
1263 3997 1337 4062 Dei.
1365 3997 1504 4062 Pulchre
1519 4000 1562 4063 de
1578 4001 1630 4064 his
1654 4001 1710 4086 qui
1733 4011 1822 4068 stant
1839 4030 1868 4081 30

467 4108 597 4186 dicitur,
620 4105 698 4169 Non
725 4102 909 4187 gustabunt
925 4110 1066 4166 mortem
1082 4125 1089 4164 ε
1105 4101 1161 4183 qui
1178 4102 1266 4164 enim
1291 4111 1367 4180 stat,
1383 4101 1416 4164 in
1434 4121 1474 4164 eo
1490 4121 1557 4184 quo
1572 4114 1650 4183 stat,
1675 4125 1742 4170 non
1763 4126 1822 4190 gu·

467 4220 534 4276 stat
551 4221 701 4275 mortem.
720 4207 808 4272 Nam
826 4215 858 4270 et
877 4205 1015 4290 Moyses
1044 4204 1190 4288 loquitur
1204 4205 1236 4268 in
1255 4205 1541 4271 Deuteronomio:
1557 4211 1564 4240 ⁴
1581 4207 1823 4292 Quadraginta,

501 4427 533 4464 20
544 4407 706 4469 Iudaemm]
726 4426 746 4480 χ
766 4423 836 4460 nrore
856 4423 901 4459 suo
913 4407 972 4458 add.
987 4406 1052 4457 hanc
1063 4405 1199 4456 clausulam
1210 4421 1216 4456 t
1229 4405 1263 4454 In
1274 4421 1325 4470 qua
1336 4405 1434 4458 ecclesiis
1452 4411 1553 4460 ruinam
1563 4419 1658 4478 semper
1668 4427 1821 4476 mamus,

467 4494 605 4546 concedente
615 4495 723 4553 domino,
737 4493 784 4556 qui
794 4493 862 4540 vivit
871 4499 921 4540 etc.
936 4488 1054 4554 Sequitur
1066 4487 1170 4538 homilia
1181 4486 1287 4538 decima.
1389 4500 1418 4552 31
1432 4506 1481 4556 quo
1491 4494 1550 4556 stat]
1560 4507 1607 4556 pro
1617 4493 1684 4558 quod
1691 4496 1760 4544 stat?

512 4683 556 4738 16.
571 4675 759 4748 laetatusesi]
775 4678 818 4738 lo.
843 4681 869 4750 8,
887 4679 934 4755 56.
1214 4675 1258 4734 18.
1275 4674 1350 4754 Dei]
1369 4693 1379 4732 1
1404 4673 1483 4736 Tim.
1501 4694 1527 4752 3,
1547 4693 1591 4752 ¹5·
