4154 5494
616 415 870 478 Txncrarus
894 417 951 476 uu
974 417 1141 478 rsnuuo
1163 416 1280 478 cv111.
1551 393 1627 499 189

272 635 323 700 hic
344 644 456 700 autem
478 637 670 702 dominatus
691 646 742 701 est
756 637 917 700 dexterae
935 635 1048 700 Iudae.
1065 634 1131 700 Sed
1150 643 1183 698 et
1198 633 1261 698 hoc
1277 633 1566 698 considerandum.
1585 631 1624 694 ln

274 737 330 802 illo
354 748 505 821 tempore
526 739 638 804 stabat
659 761 680 805 a
700 739 828 804 dextris
854 738 991 801 Domini
1009 747 1045 802 ut
1068 737 1296 801 adversaretur
1321 737 1359 814 ei,
1375 736 1510 819 quando
1535 735 1627 798 lesus

271 840 416 906 habebat
433 844 634 908 vestimenta
651 844 795 908 sordida.
820 843 875 909 Sic
891 842 980 906 enim
1003 851 1035 905 et
1053 840 1097 905 ibi
1116 841 1276 923 scriptum
1298 849 1360 904 est:
1376 843 1382 871 ¹
1397 840 1442 903 Et
1461 840 1552 902 iesus
1569 839 1626 902 ha-

271 944 371 1010 bebat
398 948 597 1012 vestimenta
620 948 780 1014 sordida.'
806 946 976 1031 Quamdiu
1000 946 1102 1011 habet
1127 944 1295 1009 Dominus
1318 944 1410 1007 Iesus
1426 944 1625 1008 vestimenta

240 1048 415 1126 ssordida,
441 1049 570 1115 tamdiu
597 1059 664 1116 stat
679 1051 831 1115 diabolus
855 1072 875 1114 a
902 1051 1030 1115 dextris
1056 1050 1141 1113 eius:
1166 1051 1326 1132 quamdiu
1353 1060 1463 1133 portat
1489 1058 1627 1133 peccata
1700 1077 1707 1093 ·

276 1165 398 1234 nostra,
414 1155 446 1218 in
464 1157 609 1239 peccatis
626 1157 746 1220 nostris
762 1159 956 1222 adversatur
971 1157 1017 1221 illi
1039 1157 1200 1222 diabolus.
1216 1158 1364 1242 Quando
1379 1167 1490 1223 autern
1507 1156 1627 1220 dicitur

271 1258 304 1320 in
322 1258 486 1324 Zacharia
502 1264 509 1292 ‘
526 1260 650 1324 Tollite
668 1262 866 1326 vestimenta
888 1263 957 1326 eius
973 1262 1108 1325 sordida
1121 1271 1153 1325 et
1171 1261 1298 1326 induite
1314 1281 1390 1328 eum
1411 1260 1626 1338 mutatoriisl

272 1363 431 1428 continuo
442 1364 524 1429 dicit
536 1365 629 1428 Iesus
645 1366 687 1429 ad
698 1365 870 1430 diabolum
886 1373 893 1400 ¹
909 1368 1063 1450 Increpet
1073 1367 1105 1430 in
1119 1376 1152 1432 te
1165 1365 1341 1445 Dominus,
1355 1366 1469 1444 Satan,
1479 1367 1625 1449 increpet

272 1467 333 1532 tibi
344 1469 400 1551 qui
414 1467 515 1552 elegit
527 1468 767 1536 Hierusalem'
786 1471 862 1534 Hoc
875 1480 983 1536 totum
995 1470 1071 1534 ideo
1081 1469 1230 1535 diximus
1242 1471 1320 1554 quia
1333 1473 1491 1554 scriptum
1505 1482 1568 1548 est,
1583 1473 1626 1538 Et

226 1594 256 1634 ro
270 1572 426 1638 diabolus
439 1583 505 1636 stet
521 1594 540 1635 a
556 1575 685 1638 dextris
701 1577 779 1640 eius.

315 1675 399 1742 Cum
413 1676 588 1756 iudicatur,
602 1687 694 1742 exeat
706 1679 943 1746 condemnatus.
959 1680 1037 1745 Non
1054 1680 1166 1745 veniat
1182 1681 1215 1745 in
1233 1679 1402 1756 iudicium,
1417 1678 1475 1742 sed
1493 1677 1525 1742 in
1548 1698 1626 1743 con-

275 1779 536 1856 demnationcm.
566 1781 634 1847 Ubi
665 1783 754 1846 enim
786 1783 943 1848 iudicium
975 1793 1034 1861 est,
1061 1783 1107 1848 ibi
1138 1783 1304 1848 dubitatio
1331 1791 1400 1846 est:
1431 1781 1487 1846 ubi
1514 1791 1625 1846 autem

270 1884 517 1962 condemnatio,
542 1884 608 1948 iam
633 1885 808 1951 manifesta
828 1888 1003 1953 sententia.
1024 1886 1072 1950 Et
1091 1888 1195 1950 oratio
1220 1888 1289 1953 er'us
1303 1889 1375 1971 fiat
1399 1887 1434 1951 in
1453 1896 1627 1969 peccatum.

276 1988 487 2054 Paenitentia
504 1987 608 2052 Iudae
620 1990 714 2071 peius
731 2001 904 2072 peccatum
923 1992 1054 2057 lactum'
1065 2002 1124 2055 est.
1141 1991 1321 2076 Quomodo
1344 1991 1438 2075 peius
1453 1999 1626 2073 peccatum

226 2114 254 2168 ις
271 2092 395 2158 lactum
420 2102 472 2158 est
489 2095 694 2177 paenitentia
721 2097 848 2162 Iudae?
875 2099 949 2176 Ivit,
971 2107 1004 2163 et
1023 2098 1204 2181 suspendio
1220 2097 1317 2181 periit
1324 2119 1332 2178 ;
1348 2104 1382 2161 et
1402 2096 1459 2178 qui
1476 2095 1624 2179 proditor

272 2198 410 2264 Domini
426 2197 534 2264 lactus
551 2207 610 2276 est,
634 2198 737 2266 hicet
754 2203 971 2286 interemptor
987 2204 1037 2266 sui
1059 2202 1269 2280 extitit.,Pro
1284 2201 1462 2266 clementia
1486 2199 1623 2264 Domini

270 2301 334 2366 hoc
350 2303 435 2378 dico,
449 2305 539 2385 quod
554 2304 661 2388 magis
677 2327 720 2371 ex
737 2306 800 2370 hoc
816 2306 956 2373 offendit
973 2308 1167 2386 Dominum,
1183 2307 1262 2391 quia
1277 2327 1312 2370 se
1323 2305 1506 2388 suspendit,
1522 2325 1622 2387 quam

269 2408 359 2489 quod
384 2405 567 2473 Dominum
590 2410 746 2493 prodidit.
772 2410 960 2493 Oportebat
972 2413 1159 2480 orationem
1179 2412 1281 2495 ipsius
1302 2429 1375 2474 esse
1394 2410 1428 2474 in
1452 2410 1623 2492 paeniten-

269 2511 360 2589 tiam,
376 2520 410 2576 et
424 2532 518 2578 versa
531 2513 625 2578 estin
640 2524 823 2598 peccatum.
839 2516 944 2580 Vides
958 2516 1159 2583 haereticum
1170 2525 1332 2594 orantem,
1346 2515 1438 2580 vides
1453 2515 1625 2592 Iudaeum,

221 2637 252 2674 20
272 2616 364 2683 vides
381 2616 635 2684 Manichaeum:
648 2619 724 2684 licet
740 2619 896 2696 ieiunent,
911 2619 987 2685 licet
1003 2629 1108 2699 orent,
1120 2631 1231 2686 tamen
1245 2620 1352 2684 oratio
1364 2620 1509 2703 ipsorum
1527 2619 1624 2682 verti·

269 2723 370 2786 turin
387 2732 571 2804 peccatum.

312 2825 416 2890 Fiant
427 2825 497 2891 dies
507 2827 579 2891 eius
585 2828 695 2910 pauci.
713 2829 794 2892 Dies
810 2829 881 2892 eius
897 2829 993 2911 pauci
1010 2828 1087 2892 facti
1105 2837 1191 2906 sunt,
1207 2837 1321 2892 noctes
1338 2848 1415 2892 vero
1431 2836 1623 2893 creverunt:

268 2939 421 3012 receptus
436 2940 486 2994 est
503 2931 592 2995 enim
609 2931 641 2996 in
659 2932 799 2996 dimidio
815 2933 944 2997 dierum
961 2932 1178 2998 suomm.Sol
1193 2930 1323 3012 abipso
1339 2928 1482 3002 recessit,
1498 2937 1531 2992 et
1546 2946 1624 2992 ecce

267 3032 424 3098 tenebrae
440 3033 470 3098 ei
487 3033 725 3119 multiplicatae
741 3046 827 3100 sunt.
848 3036 896 3100 Et
909 3036 1119 3120 episcopatum
1138 3037 1209 3100 eius
1227 3033 1364 3116 accipiat
1376 3034 1468 3108 alter,
1498 3033 1575 3096 Hoc
1589 3042 1623 3096 et

217 3161 249 3216 25
267 3136 301 3202 in
315 3136 460 3202 Actibus
477 3137 702 3220 apostolorum
718 3139 925 3205 manifestius
942 3142 1195 3222 interpretatum
1211 3148 1270 3203 est.
1289 3138 1366 3202 Non
1383 3137 1491 3202 solum
1508 3145 1622 3200 autem
1740 3149 1746 3162 “

267 3239 301 3303 in
329 3239 387 3303 illo
415 3248 565 3322 tempore
589 3242 632 3304 de
657 3241 741 3307 luda
756 3243 883 3308 dictum
907 3255 967 3322 est,
990 3245 1049 3308 sed
1074 3263 1178 3328 usque
1200 3242 1300 3308 hodie
1318 3241 1447 3306 dicitur.
1468 3240 1502 3305 Si
1521 3239 1623 3302 ludas

266 3341 491 3424 apostolatum
509 3345 663 3426 perdidit,
684 3347 875 3412 custodiant
890 3369 926 3412 se
942 3349 1131 3412 sacerdotes
1147 3359 1181 3412 et
1193 3347 1352 3431 episcopi,
1368 3355 1403 3411 ut
1427 3363 1493 3408 non
1511 3352 1543 3408 et
1560 3341 1622 3427 ipsi

265 3465 365 3512 suum
381 3448 604 3512 sacerdotium
622 3450 772 3531 perdant.
784 3451 819 3516 Si
836 3452 1007 3534 apostolus
1024 3453 1152 3528 cecidit,
1169 3451 1296 3516 facilius
1313 3450 1495 3516 monachus
1512 3457 1622 3531 potest

266 3552 394 3617 cadere.
411 3550 525 3615 Virtus
543 3573 609 3616 non
627 3556 720 3635 perit,
737 3556 813 3620 licet
824 3557 927 3620 homo
939 3559 1038 3622 cadat
1054 3567 1087 3621 et
1098 3567 1219 3640 pereat.
1236 3558 1363 3621 Tamen
1384 3554 1549 3618 Dominus
1565 3554 1621 3617 de·

216 3677 248 3731 30
267 3656 378 3720 uarios
393 3675 471 3720 suos
487 3659 546 3722 dat
562 3658 625 3721 sub
641 3657 769 3724 fenore:
784 3661 811 3722 si
828 3659 883 3723 ille
900 3662 1204 3743 nonduplicaverit,
1216 3661 1377 3743 accipitur
1393 3659 1533 3742 pecunia
1543 3657 1623 3734 eius,

265 3769 301 3824 et
316 3760 415 3825 datur
425 3759 571 3826 habenti.
589 3762 732 3827 Pecunia
750 3761 888 3827 Domini
904 3765 1012 3828 otiosa
1028 3785 1100 3829 esse
1116 3786 1182 3828 non
1199 3775 1318 3848 potest.

310 3864 415 3929 Fiant
417 3864 494 3948 filii
505 3865 576 3928 eius
589 3867 735 3948 orphani,
746 3878 779 3931 et
792 3888 875 3931 uxor
882 3869 953 3932 eires
963 3868 1072 3932 vidua.
1089 3868 1213 3934 Videte
1224 3869 1302 3952 quia
1319 3878 1528 3933 sacramenta
1544 3879 1622 3934 sunt

264 3987 352 4050 quae
366 3969 529 4035 dicuntur.
543 3969 646 4033 Filios
659 3971 762 4036 Iudae
778 3993 862 4056 quos
876 3974 996 4054 putas?
1015 3973 1166 4038 Iudaeos.
1186 3975 1230 4037 Et
1249 3973 1362 4037 Iudaei
1375 3974 1540 4051 dicuntur,
1553 3992 1619 4036 non

297 4138 474 4200 2studatlslat
494 4140 545 4191 SG.
647 4139 834 4200 urbersaretur]
853 4143 998 4191 adversetur
1018 4145 1043 4192 S.
1145 4143 1263 4205 SSutan]
1283 4143 1392 4192 Satanas
1411 4140 1426 4207 β
1438 4161 1445 4202 ;
1466 4143 1562 4191 Salano
1584 4143 1621 4200 B;

264 4222 382 4270 Satanan
394 4221 426 4271 G.
511 4223 847 4290 prib1'1ABCG3trprr'rr
859 4233 882 4273 tc
894 4226 919 4274 S.
1001 4240 1093 4290 rrsqq.
1107 4226 1397 4289 rorulemrr.]condempn.
1414 4224 1455 4274 BC
1467 4235 1619 4276 constanter.

268 4313 296 4350 12
307 4302 432 4350 dubr'tatio
442 4303 486 4365 est]
498 4305 564 4353 codd
576 4306 765 4364 ;rouderrmatio
778 4301 793 4373 β
806 4309 866 4367 (om.
880 4310 934 4366 est).
1038 4321 1066 4371 13
1080 4305 1363 4366 sententr'a]Sadd.est.
1464 4307 1622 4372 uaccr'pt'al]

263 4384 368 4448 accipiet
378 4384 430 4435 SG.
499 4389 530 4436 26
541 4386 741 4455 dirr’turllladd.
753 4398 776 4439 et
788 4407 865 4456 usque
876 4391 905 4438 in
916 4392 982 4440 diem
994 4391 1093 4440 r'udr'cr'r'.
1162 4389 1250 4454 Iudas]
1262 4392 1312 4455 ipse
1324 4389 1402 4438 Iudas
1415 4387 1439 4457 β.
1508 4401 1540 4452 29
1543 4391 1623 4454 perir]

259 4467 366 4530 perilli!
376 4483 431 4532 sup.
445 4467 489 4517 lin.
504 4468 529 4518 in
542 4469 627 4530 litura)
640 4469 670 4521 C.
772 4482 800 4534 31
814 4469 902 4531 datur]
913 4473 1016 4523 dabitur
1027 4471 1051 4540 β.

305 4635 331 4688 4.
347 4611 478 4696 sordida]
494 4615 570 4677 lbid.
589 4639 614 4694 3.
1010 4643 1035 4698 9.
1054 4620 1252 4704 Hierusalem]
1270 4623 1345 4683 Ibid.
1365 4643 1389 4682 2.

307 4714 332 4772 7.
348 4693 526 4778 mutatoriis]
542 4700 618 4761 lbid.
636 4721 662 4771 4.
1011 4724 1025 4761 a
1031 4721 1056 4780 5.
1074 4705 1105 4761 in
1120 4705 1240 4764 Actibus
1247 4700 1453 4785 apostolorum]
1472 4725 1495 4776 1,
1514 4725 1561 4766 ao.
