4092 5502
416 386 499 490 348
742 449 744 454 ,
796 410 824 468 s.
849 407 1104 469 ιιιιιιιοιιιιιι
1127 406 1392 468 Pressuram

414 621 490 692 stoli
507 623 779 709 transfiguratum
796 625 828 688 in
846 625 952 708 gloria
968 646 1027 689 sua
1043 626 1151 709 qualis
1167 635 1365 710 regnaturus
1379 635 1474 693 esset.
1488 627 1534 692 Et
1550 628 1613 692 hoc
1623 638 1675 694 est
1689 650 1770 712 ergo

414 731 504 815 quod
532 719 634 808 aiunt,
651 729 727 793 Non
756 731 940 812 gustabunt
958 739 1109 806 mortem,
1124 731 1232 796 donec
1247 731 1384 795 videant
1411 751 1549 812 regnum
1576 731 1640 796 Dei
1655 757 1662 797 :
1678 733 1770 814 quod

415 836 539 902 iactum
556 845 607 899 est
622 845 698 917 post
714 836 785 900 dies
800 854 873 899 sex.
891 834 930 897 In
947 834 1122 918 evangelio
1137 834 1240 898 habes
1256 835 1439 898 secundum
1458 835 1668 902 Matthaeum
1682 860 1689 900 ε
1704 837 1770 901 ‘Et

414 940 606 1006 factumest
623 940 677 1004 die
693 949 813 1004 octava
828 937 843 1004 '.
861 936 1003 1004 Videtur
1018 939 1131 1022 itaque
1154 939 1338 1002 seeundum
1354 939 1528 1006 historiam
1545 959 1618 1004 esse
1642 941 1770 1005 distan-

414 1045 516 1110 tiam:
534 1043 725 1108 Matthaeus
741 1044 830 1108 enim
857 1053 935 1108 octo
950 1043 1022 1108 dies
1037 1044 1128 1120 dicit,
1146 1043 1281 1107 Marcus
1298 1063 1359 1107 sex
1376 1041 1465 1107 dicit.
1482 1042 1538 1108 Sic
1566 1063 1647 1128 ergo
1670 1047 1771 1110 debe-
1807 1067 1823 1118 s

413 1163 488 1213 mus
505 1148 707 1230 intellegere,
722 1147 811 1230 quod
830 1147 1022 1211 Matthaeus
1038 1157 1072 1210 et
1089 1147 1230 1230 primam
1248 1147 1371 1212 dixerit
1389 1155 1422 1212 et
1438 1147 1664 1224 novissimam,
1681 1149 1769 1214 Mar·

414 1271 471 1316 cus
482 1271 560 1315 vero
573 1251 700 1316 medias
710 1259 841 1315 tantum
855 1251 987 1315 dixerit.
1001 1249 1193 1316 Secundum
1207 1251 1379 1316 historiam
1391 1251 1455 1315 hoc
1467 1251 1599 1316 dicitur:
1610 1254 1768 1336 quoniam

413 1356 564 1420 ascendit
591 1357 623 1420 in
652 1363 812 1431 montem,
839 1355 996 1436 quoniam
1025 1354 1279 1419 transformatus
1301 1363 1361 1432 est,
1389 1356 1546 1438 quoniam
1576 1357 1713 1440 Moyses
1736 1370 1770 1423 et

416 1460 533 1525 Helias
544 1459 609 1524 -visi
626 1469 703 1524 sunt
715 1458 954 1540 conloquentes
970 1479 1045 1523 cnm
1062 1479 1112 1536 eo,
1125 1459 1284 1542 quoniam
1302 1460 1420 1524 Petrus
1434 1459 1464 1523 ei
1480 1459 1568 1524 dixit
1583 1460 1769 1526 delectatus

414 1565 540 1628 visione
556 1562 795 1647 pulcherrima:
812 1560 952 1626 Domine
966 1563 1019 1626 vis
1034 1573 1072 1626 ut
1084 1562 1152 1626 trn'o
1175 1561 1383 1628 tabernacula
1390 1562 1571 1644 sociamus,
1584 1563 1647 1629 tibi
1659 1585 1770 1641 unone,
1790 1589 1824 1628 ιο

413 1667 526 1750 Moysi
547 1685 659 1744 unum,
673 1676 705 1730 et
728 1664 846 1728 Heliae
871 1667 1007 1729 unum?
1024 1667 1068 1730 Et
1095 1666 1208 1732 statim
1237 1665 1318 1730 dicit
1342 1667 1568 1749 evangelista:
1586 1669 1661 1734 Non
1683 1670 1770 1734 enim

412 1771 554 1837 sciebant
566 1769 652 1854 quid
661 1771 873 1853 loquerentur,
894 1778 992 1832 erant
1010 1769 1099 1833 enim
1114 1769 1229 1834 timore
1242 1769 1422 1852 perterriti.
1441 1771 1486 1837 Et
1502 1773 1624 1837 deinde
1637 1831 1639 1836 .
1650 1773 1770 1839 dicitur

413 1876 504 1961 quod
521 1874 607 1940 iacta
624 1884 674 1939 est
690 1874 805 1952 nubes,
817 1882 851 1937 et
867 1873 940 1957 ipsa
956 1872 1059 1938 nubes
1076 1874 1220 1938 candida
1243 1873 1446 1940 obumbrans
1463 1895 1529 1951 eos,
1544 1884 1578 1941 et
1595 1879 1685 1942 venit
1701 1899 1768 1944 vox

413 1983 456 2045 de
471 1979 577 2045 caelo·
590 1980 725 2044 dicens:
742 1977 810 2042 Hic
830 1989 877 2042 est
889 1977 989 2062 filius
1015 1997 1104 2042 ineos
1126 1977 1325 2055 carissimus,
1351 1977 1437 2042 huuc
1449 1977 1581 2044 audite.'·
1595 1979 1643 2047 Et
1656 1981 1770 2048 statim

411 2083 697 2167 circumspicientes
728 2083 887 2148 neminem
916 2082 1070 2145 oe'derunt
1101 2080 1170 2144 nisi
1192 2081 1309 2148 Iesuoe
1339 2083 1491 2148 Historia
1521 2085 1595 2166 hoc
1612 2086 1769 2152 continet.
1790 2101 1820 2156 ¹5

413 2188 481 2274 Qui
506 2199 621 2255 amant
645 2187 828 2264 historiam,
854 2186 910 2270 qui
934 2185 1042 2249 solum
1074 2185 1243 2250 Iudaicam
1272 2197 1456 2269 sequuntur
1478 2189 1689 2267 sententiam,
1713 2191 1769 2274 qui

413 2291 816 2378 sequuntur'occidentem
827 2291 972 2357 litteram
989 2299 1022 2356 et
1034 2311 1100 2354 non
1117 2289 1340 2357 vivificantem
1358 2290 1554 2376 spiritum...
1573 2293 1650 2358 Non
1667 2294 1768 2361 histo·

414 2399 495 2463 riam
525 2399 741 2480 denegamus,
767 2396 825 2459 sed
850 2394 1032 2478 spiritalem
1058 2394 1323 2478 intellegentiam
1350 2393 1573 2478 praeterimus
1591 2398 1663 2464 Nec
1688 2398 1769 2464 haec

415 2512 527 2568 nostra
543 2501 710 2565 sententia
724 2509 774 2564 est
789 2523 796 2565 :
812 2499 980 2583 sequimur
996 2499 1223 2582 apostolorum
1241 2499 1451 2579 sententiam,
1467 2511 1501 2566 et
1516 2505 1665 2568 maxime
1683 2506 1770 2570 vasis

413 2605 595 2683 electionis,
611 2605 723 2688 quiea
739 2603 848 2681 verba,
864 2623 950 2686 quae
968 2604 1083 2668 Iudaei
1108 2603 1345 2675 intellexerunt
1362 2603 1394 2668 in
1423 2615 1564 2672 mortem
1592 2629 1698 2686 suam,
1721 2610 1766 2674 in·
1789 2627 1824 2666 ω

414 2711 544 2778 tellexit
561 2711 594 2774 in
610 2710 713 2775 vitam
739 2729 843 2786 snam,
855 2707 1027 2790 apostolus
1044 2707 1209 2786 videlicet,
1224 2708 1280 2790 qui
1303 2708 1490 2791 dicitquod
1509 2710 1608 2776 Sarra
1625 2720 1659 2776 et
1675 2713 1769 2796 Agar

414 2818 446 2880 in
464 2817 533 2881 duo
548 2823 752 2880 testamenta
769 2813 1035 2895 interpretentur,
1052 2810 1178 2878 seilicet
1194 2831 1291 2876 mons
1307 2811 1389 2877 Sina
1405 2823 1440 2878 et
1457 2834 1553 2880 mons
1575 2815 1668 2881 Sion.
1694 2816 1769 2881 Hoc

414 2919 650 3002 interpretatur
675 2918 708 2980 in
736 2917 803 2982 duo
830 2925 1041 2982 testamenta.
1067 2915 1188 2980 ‘Haec
1205 2926 1316 2981 autem
1341 2927 1420 2982 sunt
1443 2919 1511 2984 dno
1536 2929 1737 2986 testamenta
1753 2921 1769 2988 '.

414 3021 586 3105 Numquid
607 3040 674 3086 non
690 3020 752 3086 tuit
768 3020 863 3102 Agar
879 3025 892 3082 Ρ
909 3019 1071 3102 numquid
1097 3039 1162 3082 non
1180 3018 1241 3084 luit
1260 3019 1384 3084 Sarra?
1401 3019 1564 3101 numquid
1582 3019 1769 3086 monsSina

413 3147 479 3190 non
504 3131 582 3190 est?
598 3124 759 3206 numquid
777 3142 873 3188 mons
900 3122 982 3188 Sion
1000 3143 1066 3187 non
1084 3128 1159 3187 est?
1178 3123 1364 3188 Historiam
1383 3133 1448 3186 non
1474 3123 1619 3204 negavit,
1645 3125 1703 3188 sed
1719 3144 1769 3190 sa·
1790 3147 1823 3202 ²5

413 3237 584 3295 eramenta
599 3228 769 3311 prodidit,
785 3247 846 3290 nec
861 3227 959 3304 dixit,
975 3225 1071 3310 Quae
1101 3226 1339 3309 intelleguntur
1365 3227 1433 3290 duo
1458 3233 1680 3292 testamenta:
1690 3227 1771 3309 sed,

414 3333 512 3418 Quae
527 3341 602 3396 sunt
606 3332 745 3415 ,inquit
761 3331 829 3396 dno
852 3339 1061 3395 testamenta.
1202 3385 1207 3396 .

457 3436 506 3502 Et
514 3445 589 3521 post
608 3435 678 3500 dies
698 3455 754 3500 sen
767 3434 942 3499 adsumens
956 3433 1048 3498 Iesus
1071 3434 1210 3498 Petrum
1231 3443 1264 3498 et
1284 3432 1433 3498 Iacobum
1448 3443 1481 3498 et
1494 3389 1680 3502 Iohannem
1692 3437 1770 3504 Post

413 3542 484 3606 dies
500 3561 571 3607 sex.
587 3539 692 3606 Orate
720 3541 916 3616 Dominum,
931 3548 970 3604 ut
984 3541 1102 3604 eodem
1127 3540 1244 3625 spiritu
1262 3559 1329 3623 quo
1345 3541 1436 3606 dicta
1452 3548 1531 3606 sunt
1545 3551 1767 3624 exponantur

416 3647 461 3710 Et
478 3645 601 3711 lactum
618 3655 669 3710 est
686 3653 762 3726 post
777 3646 848 3709 dies
864 3665 936 3711 sex.
953 3643 1065 3727 Quare
1078 3663 1144 3708 non
1162 3645 1319 3726 postdies
1337 3649 1481 3710 novem?
1498 3665 1601 3728 quare
1616 3667 1684 3712 non
1695 3658 1769 3731 post
1790 3671 1824 3722 ιο

446 3850 724 3919 aoium11tproortit
752 3867 754 3872 ’
779 3807 1214 3916 ¹quotis.,e.]scripsi;qreidſse.2(¹
1286 3860 1315 3910 19
1326 3849 1467 3915 sequimur]
1478 3803 1732 3916 scripsi;seqrrerntxr
1740 3867 1769 3921 χ,

414 3945 442 3983 21
456 3949 512 3999 sqq
527 3933 618 3997 Sarra]
630 3933 682 3982 Sa
667 3949 738 4002 ν.αχ

416 4109 481 4176 ’.3
498 4099 649 4160 secondom
668 4101 876 4192 Motthoemn]
888 4099 981 4160 Notat
994 4099 1064 4158 Des.
1119 4097 1147 4156 in
1175 4096 1283 4157 Matth
1306 4077 1797 4177 17,1⁸Nuncquaerrturquo

414 4181 574 4252 Erasmus,
570 4183 685 4260 ·'quod
679 4201 708 4241 m
725 4183 808 4242 Luca
821 4177 964 4258 scriptum
979 4193 1023 4272 est
1039 4197 1064 4239 c
1118 4179 1211 4238 modo
1226 4188 1293 4271 post
1308 4178 1372 4239 dies
1396 4197 1448 4239 sex
1469 4181 1661 4256 assumpserit
1675 4199 1728 4241 eos
1741 4192 1770 4242 et

414 4281 440 4338 9,
457 4282 482 4323 v.
501 4266 539 4323 28
555 4263 774 4326 Matthaeohic
798 4261 936 4335 adscribi,
952 4259 1004 4338 qui
1027 4275 1067 4322 ra·
1117 4258 1255 4328 duxerit'
1248 4279 1277 4320 ιιι
1293 4271 1427 4330 montem
1453 4262 1604 4323 excelsum
1613 4277 1769 4336 seorsum,

412 4361 482 4406 rnen
501 4362 545 4438 ι7,
562 4343 926 4436 rperomniaconsentit
943 4345 1067 4416 Marco,
1117 4361 1186 4402 cum
1203 4343 1300 4402 Lucas
1316 4341 1496 4420 evangelista
1511 4342 1701 4437 octonarium
1720 4362 1770 4404 nu-

412 4444 500 4502 porro
515 4419 545 4486 id
562 4423 621 4486 'iere
635 4425 809 4504 contingere
835 4423 879 4498 iis,
895 4444 946 4504 qur
939 4425 999 4484 'ad
1016 4442 1066 4501 po
1118 4441 1231 4483 merum
1248 4435 1348 4500 ponat.
1365 4424 1425 4484 Se'd
1435 4422 1559 4484 sacilis'
1547 4424 1701 4502 responsio
1715 4435 1768 4500 est,

413 4507 515 4584 pulum
545 4507 714 4567 declamant
738 4471 885 4580 homiliai,
912 4519 944 4567 ut
970 4525 1063 4566 unurn
1116 4501 1250 4582 quiahic
1272 4504 1363 4566 medii
1389 4516 1542 4582 ponuntur
1563 4505 1638 4580 dies,
1654 4505 1694 4566 ibi
1716 4505 1770 4586 pri-

412 4606 466 4665 pro
480 4587 539 4648 alio
561 4587 715 4648 subiciant.
1116 4603 1182 4646 mus
1196 4585 1316 4645 additur
1330 4599 1361 4647 et
1376 4587 1553 4647 extremus'.

454 4687 479 4747 7.
510 4670 617 4730 medeor
644 4678 760 4730 tontum
784 4665 905 4740 dixerit]
935 4669 1061 4730 Hieron.
1158 4685 1203 4744 23.
1219 4672 1400 4747 testamento]
1414 4667 1480 4730 Gal.
1494 4687 1521 4742 4,
1542 4687 1591 4742 ²4
