4062 5504
501 392 579 497 198
925 400 1168 464 EMENDATA
1190 404 1244 464 nt
1266 399 1422 468 aucun.

495 589 689 668 adversitas,
705 588 769 652 hoc
790 599 840 652 est
862 589 894 651 in
916 595 1008 665 nota,
1024 589 1055 651 id
1081 597 1132 652 est
1154 589 1187 652 in
1213 607 1477 671 monogramma,
1497 606 1583 669 quae
1606 587 1696 650 hunc
1713 587 1846 649 modum

494 693 656 771 exprimit
685 703 718 757 96
753 689 807 754 -i't
827 724 833 736 ·
853 706 897 756 cc
916 723 921 735 ·
941 706 1025 756 xxv.
1049 694 1106 755 nbi
1132 694 1335 775 compendio
1362 711 1483 756 nomen
1511 691 1634 755 Christi
1663 689 1851 764 includitur,

504 802 877 836 DCCXCCCCCV

497 842 529 905 X
550 881 557 894 ·
577 847 602 908 P
622 883 628 894 ·
650 847 660 908 l
684 803 945 912 ·C·T·E·'l
964 847 1110 928 inquam,
1126 847 1159 910 in
1177 867 1253 929 quo,
1271 857 1306 912 ut
1322 847 1482 922 diximus,
1499 842 1533 908 'ni
1554 877 1560 890 ·
1581 858 1625 908 cc
1645 882 1651 894 ·
1674 857 1752 906 xxv
1767 853 1851 906 sunt.

495 947 634 1012 Solutus
650 970 783 1034 quoque
800 950 869 1030 ipse
893 951 1037 1012 nominis
1060 969 1217 1013 numerus
1240 949 1425 1032 praefatam
1449 969 1560 1012 rursus
1576 948 1705 1012 dierum
1724 947 1851 1010 numeri

496 1049 625 1134 perficit
641 1073 808 1117 summam
823 1074 830 1130 ;
847 1074 887 1116 eo
903 1055 992 1136 quod
1009 1055 1277 1137 quadragenario
1293 1065 1326 1118 et
1343 1053 1485 1129 senario,
1497 1054 1530 1115 in
1543 1073 1611 1136 quo
1629 1051 1747 1115 Iudaei
1763 1051 1850 1112 aedi·
1883 1075 1893 1124 5

496 1151 631 1220 ficatum
649 1159 809 1221 dixerunt
824 1159 999 1241 templum,
1012 1157 1107 1220 nobis
1125 1159 1266 1239 mystice
1279 1159 1447 1221 insinuata
1463 1167 1513 1220 est
1529 1156 1689 1220 dominici
1704 1155 1853 1236 corporis

496 1256 611 1335 iorma,
633 1267 734 1344 quam
760 1281 822 1342 pro
846 1262 944 1344 primi
969 1262 1114 1324 hominis
1135 1276 1243 1326 ADAM
1266 1261 1433 1326 erroribus
1456 1259 1662 1340 corrigendis
1686 1259 1853 1322 secundus

495 1362 566 1442 ipae
584 1363 696 1429 Adam
721 1367 764 1428 de
789 1365 895 1428 Maria
918 1366 1075 1448 suscepit.
1101 1367 1240 1446 Propter
1262 1367 1352 1448 quod
1376 1368 1410 1428 in
1428 1364 1603 1446 evangelio
1619 1365 1710 1439 dicit,
1728 1361 1854 1426 Solvite

495 1469 648 1548 templum
671 1469 734 1546 hoc,
749 1480 865 1550 etpost
887 1479 953 1532 tres
972 1468 1042 1531 dies
1058 1469 1253 1534 resuscitabo
1276 1469 1363 1532 illud
1373 1491 1381 1546 ;
1406 1467 1685 1550 respondentibus
1712 1466 1854 1541 ludaeis,

494 1567 561 1632 XL
573 1569 625 1634 VI
635 1573 734 1635 annis
760 1573 968 1656 aedificatum
992 1583 1040 1636 est
1066 1574 1220 1656 templum
1246 1573 1311 1651 hoc,
1326 1584 1356 1636 tt
1380 1582 1416 1635 tu
1440 1571 1532 1648 dices,
1548 1571 1590 1635 In
1614 1570 1721 1635 tribus
1742 1569 1854 1633 diebus
1872 1595 1895 1630 ro

493 1675 655 1739 suscitabo
671 1676 759 1739 iliud
769 1677 789 1739 Ρ
812 1676 912 1759 Quod
937 1676 1143 1757 evangelista
1158 1697 1334 1760 exponens
1355 1677 1421 1741 ait:
1444 1677 1516 1756 Ipse
1536 1686 1646 1740 autem
1668 1674 1797 1738 decebat
1816 1673 1853 1736 de

496 1779 609 1860 templo
623 1781 763 1861 corporis
777 1783 839 1843 sui.
866 1779 966 1844 Unde
989 1781 1065 1843 huic
1089 1782 1200 1844 sensui
1219 1781 1358 1844 fortasse
1383 1781 1548 1857 convenit,
1564 1781 1654 1863 quod
1672 1779 1704 1842 in
1721 1779 1853 1842 senario

496 1902 636 1945 numero
660 1885 788 1947 dierum
816 1887 859 1947 ab
880 1914 888 1930 ·
909 1883 1027 1947 Vlll·
1057 1884 1099 1948 kt.
1128 1884 1240 1965 aprilis
1269 1905 1374 1967 usque
1403 1887 1435 1948 in
1466 1885 1613 1947 ·Vlll·
1643 1882 1685 1947 kl.
1711 1879 1851 1945 ianuarii

495 1988 693 2069 quadragies
709 1989 820 2051 sexies
836 1989 940 2052 ducto
955 1988 1120 2071 templum
1145 1989 1295 2071 corporis
1311 1989 1449 2052 Domini
1475 1988 1576 2052 luisse
1593 1988 1626 2050 in
1644 1998 1739 2051 utero
1756 1985 1849 2065 virgi·

494 2088 545 2150 nis
571 2089 784 2156 aedificatum
812 2093 979 2155 credimus
1006 2103 1038 2154 et
1067 2103 1347 2156 consummatum.
1377 2091 1509 2156 Nomen
1541 2112 1622 2175 ergo
1652 2091 1767 2154 Adam
1796 2109 1850 2171 per
1869 2117 1892 2164 ¹5

494 2212 631 2274 graecas
659 2195 786 2260 litteras
814 2195 1116 2278 quadragenarium
1145 2207 1179 2260 et
1206 2197 1373 2260 senarium
1402 2196 1551 2278 complet
1580 2214 1757 2259 numerum
1788 2193 1849 2256 hoc

496 2349 607 2413 modo.
624 2308 657 2411 lt
676 2387 683 2399 ·
700 2307 736 2412 'Du
754 2388 761 2400 ·
780 2308 814 2412 it
834 2387 840 2398 ·
860 2308 906 2426 ll,
921 2349 977 2431 qui
1006 2349 1132 2414 iaciunt
1157 2363 1254 2414 val.
1283 2349 1369 2415 Cum
1394 2361 1507 2415 autem
1535 2351 1607 2434 ipse
1630 2369 1800 2424 numerus,
1816 2347 1847 2410 id

494 2463 544 2516 est
561 2466 659 2530 xnvl,
675 2452 805 2518 solutus
821 2462 854 2518 et
872 2473 930 2536 per
945 2455 1163 2536 semetipsum
1181 2456 1325 2536 scriptus
1341 2454 1439 2519 inerit
1455 2464 1489 2520 et
1504 2456 1635 2530 ductus,
1646 2453 1740 2516 illum
1758 2471 1846 2535 grae·

493 2557 541 2619 cis
573 2558 693 2620 litteris
721 2577 897 2621 numerum
926 2557 1142 2623 nihilominus
1169 2559 1316 2641 complet
1338 2559 1401 2623 hoc
1426 2559 1537 2623 modo.
1554 2559 1587 2622 K
1607 2555 1663 2624 ·0
1683 2557 1739 2620 -Y
1760 2595 1766 2606 ·
1785 2555 1843 2620 A·

494 2658 1262 2738 A·P·A·l’·l·N·T·A·C·E·E,
1294 2663 1351 2745 qui
1380 2664 1412 2725 in
1439 2683 1543 2727 unum
1571 2663 1698 2727 redacti
1725 2659 1889 2725 faciuntea

494 2775 532 2828 M.
547 2776 678 2830 ccxxv,
695 2765 795 2848 Quod
811 2765 963 2847 superius
979 2768 1021 2830 de
1038 2785 1295 2850 monogramma
1309 2767 1471 2844 diximus,
1484 2786 1573 2830 nunc
1589 2767 1690 2830 soluti
1706 2763 1849 2830 nominis

492 2867 625 2948 digesta
651 2871 735 2932 serie
758 2871 1019 2946 demonstratur,
1040 2870 1134 2934 cuius
1158 2871 1307 2933 diximus
1330 2891 1498 2935 summam
1515 2871 1691 2948 concludi,
1715 2879 1752 2934 ut
1773 2887 1848 2932 curn

493 2972 556 3034 sibi
574 2982 716 3056 utraque
731 2975 946 3050 conveniunt,
961 2973 1025 3038 hoc
1043 2976 1238 3055 mysterium
1256 2974 1488 3039 indubitanter
1503 2975 1683 3052 insinuent,
1699 2973 1790 3057 quod
1809 2973 1848 3036 de

493 3075 710 3140 simulatione
726 3077 927 3142 Antichristi
944 3078 1155 3159 apostolatus
1171 3078 1228 3155 ait,
1243 3077 1299 3142 Ita
1315 3089 1353 3142 ut
1367 3079 1402 3142 iu
1415 3079 1531 3163 templo
1546 3079 1613 3144 Dei
1625 3078 1736 3143 sedeat
1748 3085 1846 3141 osterr-

492 3181 572 3243 deus
585 3201 619 3243 se
634 3191 792 3264 tauquam
808 3181 854 3244 sit
864 3180 964 3244 Deus.
981 3180 1049 3246 Sed
1066 3183 1240 3246 sciendum
1253 3192 1315 3258 est,
1326 3185 1416 3264 quod
1430 3203 1496 3248 non
1514 3202 1582 3246 uno
1595 3185 1700 3248 modo
1715 3203 1777 3248 nec
1789 3182 1849 3246 sub
1864 3205 1889 3255 ις

493 3285 592 3347 unius
619 3287 749 3350 numeri
776 3283 973 3348 delinitione
999 3286 1163 3367 scriptura
1186 3285 1311 3364 diuina,
1327 3306 1415 3349 nunc
1442 3287 1475 3349 in
1500 3287 1566 3351 isto
1594 3285 1688 3364 libro,
1705 3307 1794 3350 nunc
1816 3288 1847 3350 in

494 3387 647 3452 Danielis
660 3389 853 3465 visionibus,
865 3390 974 3469 ipsum
988 3399 1123 3471 tempus
1133 3409 1265 3471 semper
1276 3389 1422 3454 insinuat
1438 3411 1446 3470 ;
1462 3399 1500 3455 ut
1515 3389 1641 3454 scillcet
1651 3391 1723 3454 dies
1735 3391 1848 3456 iudicii

493 3493 544 3554 vel
561 3493 698 3556 secandi
714 3493 881 3557 adventus
900 3493 1038 3555 Domini
1062 3494 1166 3557 nostri
1184 3512 1248 3557 uon
1275 3493 1503 3574 divulgaretur
1518 3493 1686 3558 humanae
1702 3495 1850 3572 notitiae,

492 3596 580 3658 sicut
598 3597 668 3678 ipse
684 3596 765 3661 dicit
781 3596 964 3679 discipulis,
978 3595 1056 3658 Non
1078 3605 1126 3658 est
1147 3605 1291 3659 uestrum
1314 3596 1396 3659 scire
1417 3595 1501 3671 daec,
1522 3617 1605 3678 quae
1620 3597 1727 3662 Pater
1739 3599 1850 3680 posuit

493 3700 528 3763 in
543 3719 606 3763 sua
614 3709 780 3782 potestate.
1864 3741 1891 3790 30

527 3957 547 3992 1.
566 3943 717 4007 adversitas]
730 3945 787 3994 ΜΗ
799 3944 875 3995 Prim.
884 3943 976 4010 Autp„
990 3944 1082 4009 quibus
1097 3952 1220 3994 consonat
1237 3943 1521 4009 Pseudo-Augustinus:
1541 3945 1607 3996 ‘Cui
1621 3962 1648 3996 se
1663 3946 1773 3999 similem
1790 3949 1846 3999 iacit

490 4025 674 4077 haeretieorum
696 4025 855 4078 adversitas-¹
959 4042 976 4088 4
997 4034 1022 4076 et
1041 4039 1081 4075 21.
1100 4026 1311 4088 nonsinm1Prim.
1337 4027 1429 4091 Autp.;
1451 4027 1563 4078 hominis
1585 4029 1653 4078 ΜΗ.
1759 4041 1782 4092 7.
1804 4041 1847 4095 prr

487 4109 600 4170 primi...
619 4111 781 4174 corrigendis]
810 4111 836 4159 H
857 4109 961 4160 Primus.
982 4111 1074 4174 Autp.;
1089 4110 1254 4173 proprium...
1274 4109 1435 4174 corrigendus
1455 4110 1492 4158 M.
1560 4109 1584 4159 8.
1603 4112 1633 4160 in
1649 4112 1789 4176 euangelio]
1808 4113 1843 4161 lo.

490 4203 516 4251 2,
531 4202 612 4251 1941.
716 4205 753 4242 12.
777 4193 848 4243 Unde
859 4191 929 4253 huic]
941 4193 984 4241 Ab
1000 4191 1040 4240 his
1055 4191 1139 4241 verbis
1155 4189 1240 4240 delicit
1252 4191 1340 4240 avulso
1352 4191 1477 4241 ioliocod.
1490 4191 1563 4242 Harl.
1579 4205 1652 4256 3049.
1753 4207 1793 4244 τι.
1810 4195 1845 4242 di·

484 4277 556 4336 gestu
577 4275 640 4323 serie
661 4275 857 4333 demonstratur,
870 4275 944 4323 cuim
964 4273 1081 4322 diximus
1102 4288 1229 4321 summm
1251 4273 1378 4335 conclude]
1401 4274 1441 4329 M;
1462 4273 1650 4325 d.s.d.eirrsdem
1667 4279 1844 4328 manserim-

489 4371 530 4404 ma
542 4359 658 4406 concludi
674 4358 764 4414 Prima
784 4359 878 4420 digesta
894 4357 972 4406 series
988 4355 1099 4404 eiusdem
1120 4357 1223 4404 numeri
1233 4371 1333 4404 sumata
1343 4357 1497 4404 ‘leniorestrut
1512 4358 1635 4408 concludi.
1738 4373 1776 4424 23.
1796 4377 1843 4422 my·

488 4441 606 4501 sterium]
617 4441 717 4502 scripsi:
730 4442 903 4489 ministerium
922 4439 960 4496 M;
977 4439 1038 4486 certi
1054 4453 1155 4485 causam
1168 4440 1283 4500 mysterii
1296 4438 1370 4487 Prim.
1385 4439 1465 4503 Autp.
1567 4453 1606 4502 25.
1628 4442 1708 4504 Deus]
1726 4455 1741 4492 2
1757 4444 1841 4494 Thess.

491 4535 514 4580 2,
527 4536 550 4582 4
652 4523 692 4572 26.
712 4521 1030 4586 definitione1drffirsicioue
1043 4521 1079 4568 M.
1181 4531 1220 4580 27.
1236 4520 1355 4569 Damr'elis
1367 4521 1517 4583 visionibus]
1538 4535 1628 4583 12,11.
1731 4539 1769 4590 30.
1783 4537 1842 4590 pote·

491 4605 564 4665 state]
574 4607 632 4654 Act.
651 4619 671 4664 1,
682 4617 704 4666 7.
