4160 5500
505 397 555 458 vrii
1083 395 1333 458 PRAEFATIO.
1398 343 1405 358 ·

511 571 676 633 «tantae
695 551 890 638 felicitatis,
910 568 1074 650 quantae
1101 551 1270 649 plerique
1300 550 1410 625 buius
1430 550 1610 647 temporis
1629 567 1856 637 tractatores,

511 693 531 754 c
548 692 589 747 ut
607 697 726 770 nugas
746 695 858 757 meas,
878 671 1030 768 quando
1049 670 1242 756 voluerim,
1265 669 1469 746 emendare
1487 669 1642 766 possim.
1661 668 1800 743 Statim
1818 687 1856 744 ut

511 813 531 873 t
548 791 687 890 aliquid
706 789 899 886 scripsero,
919 806 983 862 aut
1001 805 1187 863 amatores
1207 789 1291 873 mei,
1312 805 1376 862 aut
1395 785 1521 872 invidi,
1542 787 1693 862 diverso
1705 786 1855 885 quidem

507 910 669 991 (studio
686 909 753 982 sed
772 908 851 1005 pari
870 907 1084 992 certamine,
1112 907 1149 979 in
1178 906 1313 1006 vulgus
1343 924 1471 980 nostra
1492 906 1739 981 disseminant
1754 904 1812 1004 (¹)
1832 924 1852 982 t

510 1031 569 1106 Ex
589 1028 647 1102 his
665 1024 840 1123 colligere
858 1049 1068 1122 possumus,
1088 1023 1177 1123 quid
1206 1024 1286 1121 ipse
1312 1025 1494 1100 sensisset
1519 1023 1752 1122 conspiciens
1770 1023 1855 1096 sim·

507 1146 622 1246 plices
650 1143 864 1220 huiusmodi
893 1142 1095 1219 Tractatus
1125 1168 1167 1219 se
1198 1143 1397 1242 ignorante
1423 1169 1446 1218 a
1473 1142 1701 1239 nescioquo
1726 1141 1857 1216 litteris

507 1266 643 1364 raptim
661 1262 913 1360 consignatos.

557 1384 826 1458 Verumtamen
846 1379 1003 1477 plurima
1021 1381 1134 1454 etiam
1165 1379 1290 1454 insunt
1318 1385 1494 1480 σφάλματα,
1522 1404 1682 1478 quorum
1710 1377 1856 1476 culpam

509 1503 640 1577 merito
660 1501 696 1573 in
716 1499 837 1595 ipsum
858 1497 1137 1595 Hieronymum
1152 1496 1377 1573 contuleris:
1396 1523 1430 1572 v.
1451 1523 1507 1598 gr.
1526 1499 1629 1596 quod
1648 1495 1821 1594 exempla
1837 1522 1858 1571 e

508 1622 621 1698 sacris
639 1616 880 1714 scriptoribus
899 1634 1049 1712 sumpta
1064 1614 1193 1690 alienis
1205 1616 1392 1691 interdum
1408 1617 1622 1692 nominibus
1637 1614 1859 1714 adlegantur

508 1741 584 1838 (49,
611 1762 678 1824 10;
703 1740 781 1829 136,
803 1757 871 1826 29;
894 1734 956 1807 ΙΙΙ
980 1737 1039 1822 88,
1063 1732 1148 1831 20);
1180 1734 1333 1831 insuper
1360 1735 1440 1833 ipsa
1458 1733 1631 1831 exempla
1650 1733 1747 1808 adeo
1772 1755 1859 1806 con-

510 1859 591 1932 fuse
629 1871 667 1928 et
699 1852 938 1950 indiligenter
970 1850 1216 1947 proferuntur,
1249 1869 1290 1926 ut
1321 1853 1401 1927 iure
1430 1869 1618 1926 oratorem
1647 1851 1859 1925 auditorum

510 1973 656 2050 inscitia
673 1971 918 2044 immoderate
934 1970 1036 2044 abuti
1056 1969 1256 2066 suspiceris
1275 1969 1376 2070 (140,
1400 1977 1457 2044 26.
1481 1974 1527 2044 28
1544 1997 1552 2058 ;
1578 1989 1657 2062 147,
1686 1993 1756 2055 2o;
1779 1973 1857 2062 156,

516 2119 583 2180 11;
614 2116 694 2183 244,
727 2091 899 2183 25;289‚
927 2112 993 2174 10;
1021 2111 1103 2181 324,
1131 2095 1195 2174 16;
1222 2095 1305 2182 369,
1329 2093 1669 2182 21;387,9;411,
1694 2110 1761 2180 24ς
1797 2086 1856 2160 ΙΙΙ

512 2235 568 2306 51,
583 2205 717 2307 oete).
743 2207 796 2280 Ut
810 2205 989 2280 nonnulla
1001 2205 1219 2304 singulatim
1236 2206 1716 2303 percenseam,perturbato
1729 2203 1861 2281 ordine

511 2328 721 2403 reseruntur
751 2323 848 2396 duae
875 2320 1100 2417 piscationes
1118 2320 1156 2420 (3
1163 2345 1219 2415 30,
1243 2321 1318 2421 27),
1340 2325 1438 2396 duae
1455 2323 1660 2398 electiones
1678 2347 1700 2396 e
1718 2322 1860 2420 templo

511 2445 611 2546 (360,
647 2442 720 2539 24),
753 2458 791 2516 et
821 2465 993 2539 eaquae
1023 2441 1072 2514 de
1101 2441 1452 2540 Transfiguratione
1473 2441 1628 2516 Domini
1664 2459 1861 2515 narrantur

512 2562 610 2663 (348,
632 2558 694 2657 3);
718 2558 784 2633 Bel
803 2559 953 2656 insuper
972 2583 1040 2654 pro
1061 2558 1430 2634 Nabuchodonosori
1448 2577 1574 2636 statua
1591 2559 1857 2659 ponitur(289,

515 2680 585 2780 10),
607 2677 736 2754 Selom
756 2704 822 2775 pro
843 2676 955 2751 Onan
975 2675 1076 2775 (408,
1109 2675 1180 2777 19),
1200 2677 1361 2752 nominis
1380 2679 1502 2752 Amos
1520 2678 1703 2752 mendose
1716 2677 1861 2753 litterae

509 2815 774 2895 computantur
792 2793 874 2893 (ΙΙΙ
897 2798 955 2886 98,
981 2793 1027 2893 1),
1055 2795 1148 2869 mira
1176 2795 1290 2868 etiarn
1321 2795 1574 2870 inconstantia
1602 2795 1638 2868 in
1666 2795 1863 2870 vocabulis

509 2917 692 2992 hebraicis
711 2913 869 3010 mystice
888 2913 1176 3009 interpretandis
1192 2912 1275 3012 (ΙΙΙ
1300 2937 1356 2999 20,
1374 2939 1414 2986 21
1438 2942 1445 3002 ;
1465 2938 1523 3007 33,
1547 2939 1566 2986 2
1583 2943 1591 3000 ;
1609 2933 1668 3006 47,
1687 2912 1736 3011 7).
1754 2913 1866 3010 Quae

510 3061 601 3110 sane
628 3033 720 3107 vitia
749 3057 796 3105 ne
828 3031 960 3104 sedato
979 3028 1131 3128 quidem
1150 3031 1276 3105 animo
1295 3031 1473 3118 scribens,
1496 3032 1634 3106 nedum
1653 3032 1701 3105 ad
1731 3031 1867 3106 iratres

513 3153 673 3225 fundens
703 3148 886 3234 homilias,
917 3149 1072 3222 omnino
1098 3149 1233 3223 vitavit
1272 3148 1533 3247 Hieronymus
1561 3147 1636 3248 (Cf.
1670 3149 1769 3224 inter
1795 3147 1866 3222 alia

514 3271 647 3368 Migne
668 3269 711 3342 P.
733 3269 773 3340 L.
796 3287 819 3342 t.
843 3291 900 3360 23,
921 3288 1002 3360 247,
1025 3285 1100 3340 not.
1126 3267 1289 3354 1;ibid.,
1306 3267 1375 3342 col.
1393 3271 1477 3361 598,
1494 3285 1570 3342 not.
1588 3290 1609 3360 3
1628 3294 1636 3354 ;
1655 3284 1680 3340 t.
1704 3291 1760 3359 24,
1782 3269 1866 3350 608,

513 3405 588 3461 not.
614 3411 627 3458 1
650 3415 657 3474 ;
677 3403 701 3459 t.
726 3407 781 3479 25,
806 3389 888 3479 278,
910 3401 985 3457 not.
1009 3411 1051 3472 2;
1085 3385 1171 3459 ibid.
1194 3406 1277 3479 957,
1300 3403 1375 3459 not.
1407 3410 1438 3470 2,
1467 3381 1565 3484 ete).
1599 3383 1703 3478 Quid
1723 3383 1868 3458 multa?

516 3504 630 3580 Haud
650 3505 826 3601 equidem
840 3503 1019 3602 negarim,
1032 3503 1214 3577 Nostrum
1226 3503 1428 3601 aliquando
1442 3503 1477 3576 in
1497 3502 1740 3578 enuntiandis
1754 3503 1866 3578 etiam

513 3623 752 3724 dogmatibus
773 3622 894 3694 minus
913 3640 1021 3695 caute
1052 3646 1095 3694 se
1118 3622 1294 3718 gessisse,
1315 3638 1448 3719 utputa
1466 3646 1551 3694 cum
1570 3621 1619 3695 de
1636 3621 1803 3694 humana
1832 3621 1864 3692 in

513 3743 664 3816 Christo
674 3751 835 3837 persona
855 3736 1018 3837 loquitur
1036 3737 1119 3837 (ΙΙΙ
1137 3760 1197 3833 47,
1222 3739 1271 3836 7),
1288 3757 1353 3812 aut
1371 3765 1444 3814 non
1462 3739 1587 3812 Deum
1610 3738 1779 3822 Verbum,
1797 3765 1865 3812 nou

511 3861 692 3934 hominem
710 3857 954 3953 compositum,
975 3857 1043 3930 sed
1054 3857 1221 3930 animam
1250 3857 1468 3931 descendisse
1494 3855 1548 3930 ad
1573 3855 1713 3948 inferos
1738 3876 1866 3952 aperte

512 3977 707 4052 contendit
738 3973 819 4073 (ΙΙΙ
855 3999 911 4068 29,
948 3976 1018 4071 14).
1053 3977 1238 4070 Quamvis
1270 3977 1369 4050 enim
1407 4001 1566 4078 magnus
1599 3974 1866 4072 Hieronymus,

512 4093 717 4194 quamlibet
731 4093 909 4179 eruditus,
922 4115 1088 4167 attamen
1109 4095 1223 4168 homo
1238 4115 1329 4181 erat,
1348 4111 1386 4169 et
1400 4093 1564 4168 humana
1578 4117 1713 4189 passus
1731 4112 1789 4168 est
1806 4087 1863 4191 (²).

516 4279 522 4284 ‚
570 4277 584 4283 ..
596 4273 749 4281 ...μ-
1257 4273 1269 4278 -
1284 4256 1866 4279 --.—.-.-—-.—.—--—-b-—

548 4349 567 4385 1.
584 4336 666 4400 Epist.
681 4349 723 4398 49,
737 4353 761 4386 n.
777 4349 800 4386 2.

544 4423 566 4459 2.
581 4409 654 4472 Quod
665 4409 749 4459 Tract.
762 4409 793 4458 de
804 4411 843 4460 Ps.
858 4409 903 4459 128
911 4409 1093 4470 initiodicitur,
1104 4411 1248 4475 Egoaurem
1258 4413 1305 4475 qui
1311 4409 1483 4475 quadraginta
1491 4409 1865 4475 autquinquagr'ntaannmur

508 4483 575 4546 coepi
584 4483 679 4530 servire
692 4483 810 4541 Domino,
824 4483 886 4532 illud
898 4483 1013 4548 prolecto
1025 4483 1093 4543 facit,
1106 4495 1133 4533 ut
1146 4484 1176 4534 iis
1188 4483 1286 4534 facilius
1297 4485 1463 4544 adsentiatur,
1477 4483 1520 4548 qui
1534 4483 1717 4547 Hieronymum
1733 4497 1803 4533 anno
1819 4492 1865 4546 374

510 4554 664 4605 monasticae
676 4555 743 4604 vitae
754 4555 894 4616 addictum,
908 4569 953 4621 331
968 4567 1055 4607 notum
1068 4572 1122 4607 esse
1133 4557 1299 4607 contendunt.
1314 4557 1408 4607 Verum
1421 4555 1474 4606 iure
1486 4556 1665 4607 animadvertit
1676 4555 1863 4616 Tillemoutiur,

513 4629 539 4678 S.
554 4629 691 4679 Doctorem
702 4627 728 4678 in
741 4637 882 4694 tempotum
895 4630 1035 4681 rationibus
1049 4630 1234 4695 perscribendis
1247 4631 1350 4680 minime
1361 4637 1507 4682 accuratum
1517 4645 1580 4681 csse.
1596 4631 1679 4681 Immo
1691 4645 1751 4682 reto
1762 4629 1863 4692 lorsitas
