4158 5492
446 412 501 494 30
826 411 854 474 S.
879 411 1134 502 HlERONYMl
1158 407 1422 470 PRESBYTERI

445 635 739 718 consanguineum.
757 634 829 700 Sed‘
842 633 1008 698 Dominus
1024 641 1137 697 noster
1152 631 1250 696 docet
1267 631 1299 694 in
1316 629 1491 712 evangelio
1513 629 1545 694 in
1569 650 1609 695 ea
1629 631 1798 714 parabola,

448 740 503 803 ubi
520 741 656 823 quidam
679 738 854 803 descendit
883 739 924 801 de
952 737 1162 802 Hierusalem
1187 737 1219 799 in
1250 733 1432 800 Hiericho:
1457 736 1610 800 sacerdos
1639 737 1800 816 transivit,

447 845 562 907 levites
589 843 750 922 transivit,
765 863 831 907 non
853 853 903 906 est
921 842 1094 907 misertus:
1123 841 1306 906 Samarites
1321 839 1485 916 transivit,
1511 848 1545 902 et
1561 839 1714 905 misertus
1741 852 1799 909 est.

450 949 494 1013 Et
521 948 703 1031 interrogat
728 957 844 1031 postea
872 950 1048 1028 Dominus,
1072 962 1104 1014 et
1127 951 1230 1014 dicit:
1256 949 1340 1032 Quis
1367 951 1485 1012 horum
1515 949 1689 1031 proximus
1716 953 1800 1018 suit?

449 1052 571 1117 Statim
589 1053 731 1116 dicitut:
757 1050 823 1134 Qui
841 1052 927 1118 bene
948 1053 1033 1119 iecit.
1057 1054 1101 1118 Et
1126 1053 1223 1118 insert
1241 1055 1427 1120 Dominus:
1456 1053 1506 1117 lte
1521 1063 1555 1117 et
1575 1074 1636 1118 vos
1651 1056 1801 1121 similiter
1836 1071 1850 1126 5

449 1158 552 1221 facite.
585 1158 713 1222 Omnes
749 1179 829 1240 ergo
862 1158 957 1221 nobis
991 1157 1142 1222 homines
1173 1158 1318 1240 proximi
1349 1166 1437 1233 sunt,
1466 1165 1501 1221 et
1526 1157 1606 1222 nulli
1640 1159 1802 1225 debemus

448 1261 672 1328 malefacere.
706 1263 764 1328 Sin
801 1274 914 1327 autem
941 1263 1115 1344 proximos
1149 1262 1373 1345 intellegimus
1411 1262 1528 1327 iratres
1567 1272 1600 1328 et
1631 1276 1802 1346 cognatos,

448 1389 527 1451 crgo
558 1368 634 1432 licet
666 1368 762 1432 nobis
783 1367 904 1432 'alienis
938 1367 1024 1430 male
1051 1365 1181 1430 iacere?
1207 1366 1273 1432 Sed
1306 1367 1394 1431 absit
1421 1367 1466 1431 ita
1497 1369 1639 1433 credere.
1673 1369 1802 1433 Omnes

449 1469 601 1536 homines
631 1472 823 1536 hominibus
858 1471 1003 1552 proximi
1039 1489 1178 1533 sumus:
1206 1485 1312 1540 ¹unum
1347 1471 1436 1532 enirn
1472 1469 1634 1536 habemus
1664 1482 1802 1554 patrem.

448 1575 494 1639 Et
518 1576 719 1658 obprobrium
747 1585 812 1640 'nrm
842 1575 958 1657 occepit
981 1573 1140 1638 adversus
1163 1573 1330 1654 proximos
1357 1595 1440 1639 suos.
1467 1573 1610 1639 Grandis
1643 1595 1694 1640 res
1718 1577 1801 1641 'dici
1824 1595 1854 1633 ιο

447 1689 509 1745 tur.
535 1681 739 1763 Numquam,
756 1680 872 1761 inquit,
893 1680 1019 1744 vicinus
1040 1687 1263 1742 murmuratus
1282 1688 1331 1743 est
1356 1690 1471 1742 contra
1494 1699 1587 1758 eum;
1611 1699 1804 1763 numquam,

450 1785 564 1866 inquit,
582 1785 708 1849 invenit
734 1785 879 1867 aliquam
906 1782 1115 1849 occasionem
1144 1780 1340 1856 detrahendi
1366 1783 1405 1848 ei.
1435 1783 1529 1848 Haec
1545 1785 1649 1850 virtus
1667 1786 1803 1850 excedit

449 1887 628 1953 humanam
650 1888 892 1960 condicionem,
910 1887 973 1950 Dei
1002 1887 1109 1969 gratia
1132 1895 1190 1949 est.
1206 1885 1269 1948 Ad
1280 1886 1422 1949 nihilum
1437 1887 1591 1951 deductus
1614 1889 1711 1953 estin
1733 1907 1803 1953 con·

448 2002 552 2074 spectu
578 1993 647 2057 eius
674 1993 847 2076 malignus.
879 1992 1003 2057 Videte
1026 1991 1105 2074 quid
1137 1991 1236 2056 dicat.
1266 1991 1328 2055 Ad
1347 1992 1496 2056 nihilum·
1516 1992 1669 2066 deductus
1693 2004 1741 2058 est
1769 1995 1803 2058 in

450 2101 610 2180 conspectu
626 2098 696 2161 eius
721 2097 894 2178 tirolignus.
912 2095 957 2162 Et
980 2095 1006 2159 si
1027 2095 1208 2177 imperator
1233 2104 1293 2172 est,
1316 2096 1392 2159 etsi
1421 2095 1606 2177 praefectus
1634 2107 1694 2174 est,
1718 2106 1751 2162 et
1776 2098 1803 2160 si
1824 2118 1852 2172 ¹5

452 2201 629 2285 episcopus
652 2211 712 2278 est,
728 2211 760 2265 et
776 2200 803 2264 si
821 2200 994 2284 presbyter
1009 2208 1060 2263 est
1076 2198 1123 2280 (in
1146 2197 1285 2262 ecclesia
1300 2199 1389 2264 enim
1407 2201 1490 2266 istae
1505 2212 1582 2266 sunt
1598 2201 1804 2284 dignitates),

453 2306 654 2389 quicumque
681 2305 788 2369 malus
815 2314 875 2380 est,
902 2302 934 2366 in
961 2312 1142 2385 conspectu
1168 2303 1274 2366 sancti
1302 2302 1490 2384 pronihilo
1516 2315 1725 2388 conputatur.
1758 2307 1802 2370 Et

449 2409 568 2473 statim
588 2411 744 2494 sequitur,
772 2409 933 2472 Timentes
952 2416 1061 2470 aretem
1086 2407 1266 2469 Dominum
1286 2406 1458 2489 glorificat.
1483 2406 1551 2472 iste
1575 2418 1721 2484 sanetus,
1744 2411 1800 2493 qui

450 2514 714 2596 ingreditursine
725 2513 864 2590 macula,
878 2512 935 2595 qui
952 2519 1105 2593 potentes
1118 2510 1260 2592 despicit
1270 2512 1326 2593 qui
1339 2512 1415 2575 mali
1432 2523 1520 2586 sunt,
1532 2515 1558 2577 si
1571 2535 1670 2597 quem
1683 2516 1801 2580 viderit

446 2617 562 2680 timere
580 2619 700 2695 Deum,
716 2617 793 2680 licet
808 2625 935 2699 pauper
953 2616 1005 2692 sit,
1028 2624 1139 2680 tamen
1157 2615 1250 2680 illurn
1267 2615 1440 2698 glorificat.
1460 2617 1531 2696 Qui
1544 2619 1636 2683 iurat
1654 2621 1853 2702 proximare

445 2740 511 2796 suo,
526 2730 557 2783 et
572 2742 632 2784 non
649 2722 770 2804 decipit.
788 2723 833 2785 Et
850 2723 902 2787 hic
919 2722 1111 2805 proximum
1131 2719 1281 2784 similiter
1298 2721 1460 2786 debemus
1476 2723 1625 2804 accipere
1642 2734 1678 2788 ut
1695 2743 1802 2806 supra.

494 2823 562 2901 Qut
564 2827 736 2907 pecuniam
745 2847 840 2896 snam
857 2847 918 2890 non
928 2825 1019 2889 dedit
1033 2823 1079 2890 ad
1092 2843 1234 2888 usuram.
1250 2824 1359 2888 Multa
1375 2834 1452 2888 sunt
1468 2846 1555 2908 quae
1566 2826 1729 2904 dicantur,
1746 2829 1802 2892 sed

483 3048 671 3114 lacrimaret]
683 3049 813 3098 interdr'ci!
824 3047 855 3096 G.
942 3044 1022 3105 auin]
1035 3059 1084 3093 ont.
1100 3042 1131 3092 G.
1218 3045 1341 3108 3lcve'tes]
1357 3047 1442 3096 levitis
1457 3047 1519 3106 SG;
1536 3048 1612 3098 levita
1626 3047 1674 3116 βΒ.
1759 3051 1804 3099 Sa·

449 3130 561 3191 triarius]
574 3131 639 3193 Aug.
655 3131 672 3177 S
686 3149 692 3188 ;
705 3133 878 3178 santaritanus
891 3127 963 3195 pito.
1055 3125 1071 3174 8
1083 3125 1156 3185 ntale]
1170 3125 1212 3174 SG
1225 3143 1232 3182 ς
1244 3128 1339 3176 attalum
1351 3126 1366 3194 β
1380 3130 1445 3192 Aug.
1460 3128 1489 3176 C.
1593 3131 1684 3180 Omnes
1694 3131 1805 3180 hontirtes

447 3212 599 3272 troaentnitms]
614 3213 695 3268 nit&
716 3214 779 3276 Aug.
795 3213 817 3260 G
834 3229 886 3263 orn.
901 3212 1059 3268 hartmutum
1078 3225 1161 3258 ontnes
1179 3211 1293 3260 ontnihrts
1313 3213 1456 3262 lonrtnttus
1477 3213 1505 3262 C.
1606 3227 1630 3262 Η
1646 3215 1804 3278 iliumqudm]

448 3293 470 3340 t}
484 3292 541 3341 anu.
555 3294 631 3341 enim.
727 3306 754 3341 12
766 3294 800 3354 er]
812 3301 835 3342 et
848 3296 877 3343 Α.
975 3305 1002 3354 19
1013 3292 1060 3356 qni
1072 3291 1143 3351 rituli]
1156 3292 1262 3354 &quia
1275 3294 1339 3341 titali
1356 3295 1419 3354 Aug.
1436 3293 1466 3341 C.
1553 3305 1584 3342 20
1594 3296 1688 3356 tantan]
1701 3303 1761 3344 turer
1772 3296 1801 3347 C.

495 3495 516 3534 r.
534 3477 565 3534 in
581 3475 738 3556 evangetio}
757 3478 826 3535 Luc.
847 3497 891 3548 10,
919 3496 957 3552 30
972 3495 1036 3551 sqq.
1054 3475 1098 3533 Cf.
1152 3483 1309 3546 generatus
1318 3484 1370 3533 est.
1384 3475 1475 3550 Quod
1487 3475 1609 3552 quidem
1625 3491 1653 3538 et
1666 3480 1805 3556 parabola

451 3557 574 3616 Hieron.
595 3558 625 3616 in
650 3552 756 3618 Ezech.
780 3563 821 3630 ι8,
850 3577 945 3635 5sqq.
974 3557 1030 3636 (M.
1054 3575 1099 3631 25,
1153 3553 1202 3612 illa
1217 3553 1363 3630 significat
1378 3558 1417 3616 de
1441 3559 1602 3620 Ierusalem
1629 3559 1658 3618 in
1687 3560 1804 3622 Iericho

452 3639 542 3716 180):
568 3643 575 3672 ‘
601 3639 756 3699 Proximus
784 3659 855 3716 ergo
882 3639 1101 3699 omnishomo
1153 3634 1282 3694 hominis
1296 3636 1507 3698 descendentis
1522 3641 1594 3699 'eto

449 3719 578 3780 hominis
600 3720 800 3798 accipiendus,
825 3721 905 3780 iuxta
929 3719 1098 3796 parabolam
1198 3737 1240 3776 ro.
1262 3717 1395 3777 Grandis
1417 3739 1460 3778 res
1481 3719 1600 3802 dantur]
1619 3721 1743 3784 Hieron.
1765 3727 1803 3785 ad

448 3801 590 3878 evangelii
604 3803 728 3874 ’etc.;'in
745 3804 832 3862 Zach.
851 3819 876 3877 7,
893 3805 929 3861 8:
946 3806 953 3835 ‘
970 3803 1099 3859 Fratrem
1155 3797 1328 3858 Marcellam
1343 3817 1388 3877 ep.
1409 3819 1474 3876 127,
1497 3821 1526 3861 n.
1543 3822 1580 3878 3:
1596 3803 1744 3866 ‘Difficile
1760 3817 1803 3867 est

449 3894 549 3942 autern
572 3895 600 3944 et
626 3882 803 3961 proximum,
828 3885 873 3944 vel
889 3901 981 3943 omne
1007 3880 1101 3940 horni-
1154 3877 1182 3936 in
1199 3879 1344 3940 maledica
1367 3879 1523 3943 civitate...
1544 3902 1605 3944 non
1623 3886 1753 3961 aliquam
1769 3887 1804 3946 si-

450 3983 521 4022 num
543 3984 639 4042 genus
653 3965 799 4025 debemus
820 3963 963 4041 accipere,
979 3963 1050 4040 quia
1065 3982 1100 4023 ex
1154 3959 1235 4020 nistri
1250 3963 1374 4021 rumoris
1385 3963 1514 4024 fabulam
1524 3967 1803 4030 contrahereUnde

451 4065 512 4103 nno
526 4064 628 4104 sumus
644 4059 765 4120 parente
774 4046 914 4123 generati,
928 4045 973 4106 vel
986 4064 1037 4105 eos
1048 4044 1099 4121 qui
1152 4041 1236 4118 quasi
1251 4061 1313 4102 rem
1328 4043 1534 4105 difficillimam
1545 4059 1575 4106 et
1585 4065 1681 4124 paene
1696 4047 1803 4127 impos-

449 4127 606 4186 domestiei
628 4127 696 4186 irdei
719 4139 797 4199 sunt,
821 4127 900 4188 iuxta
929 4126 1099 4204 parabolam
1152 4123 1268 4184 sibilem
1305 4135 1387 4200 optat
1413 4127 1558 4204 propheta
1588 4128 1802 4207 potiusquam

448 4207 600 4283 evangelii,
617 4227 694 4284 quae
713 4208 880 4285 proximum
895 4228 955 4269 non
977 4225 1100 4266 consan-
1153 4204 1322 4280 praesumit,
1350 4206 1453 4267 dicens
1477 4231 1483 4268 :
1508 4208 1592 4268 Beati
1621 4211 1802 4272 immaculati

449 4289 587 4361 guineum
605 4291 656 4348 sed
673 4309 778 4349 omnes
793 4291 930 4350 homines
941 4289 1003 4348 vult
1018 4289 1100 4348 intel·
1152 4286 1181 4343 in
1198 4285 1252 4358 via,
1276 4304 1303 4361 q.
1321 4307 1346 4346 a,
1363 4287 1380 4346 i.
1397 4289 1414 4346 l.
1440 4288 1572 4349 Domini.
1590 4291 1803 4353 Immaculatos

451 4370 504 4444 legi
521 4373 547 4442 ';
574 4370 643 4428 ibid.
662 4374 688 4442 8,
718 4374 766 4430 16:
794 4376 800 4402 ‘
819 4371 987 4430 Proximum
1010 4389 1100 4428 omne
1153 4367 1244 4426 invia
1261 4366 1803 4449 huiussaeculiappellat,quosnulla

450 4451 605 4509 hominurn
631 4471 724 4528 genus
749 4452 939 4528 accipiamus.
970 4452 1039 4526 qnia
1065 4470 1099 4509 ex
1153 4447 1274 4507 obsceni
1301 4450 1426 4509 rumoris
1451 4470 1521 4510 aura
1545 4453 1699 4512 macularit
1723 4479 1729 4515 :
1754 4457 1807 4532 qui

450 4551 511 4590 uno
525 4551 628 4591 sumus
641 4544 760 4610 parente
770 4534 898 4610 generati
912 4537 918 4561 '
930 4555 937 4606 ;
947 4534 975 4592 in
991 4533 1096 4607 Epiros.
1152 4531 1334 4606 opprobrium
1353 4549 1409 4590 nrm
1424 4535 1578 4610 occeperint
1593 4536 1729 4594 aduersus
1738 4549 1805 4615 pro-

450 4633 477 4684 4,
497 4631 531 4690 25
545 4635 551 4672 ε
569 4615 753 4690 ‘proximum
771 4628 856 4676 vocat
871 4636 992 4674 omnent
1009 4615 1101 4672 homi-
1155 4613 1318 4669 xr'nrosruos
1330 4614 1341 4671 '.

451 4713 529 4768 nem,
545 4695 596 4772 qui
615 4717 650 4756 ex
672 4699 779 4757 eodem
800 4698 955 4756 nobiscum
980 4707 1101 4773 parente
