4158 5492
651 433 907 494 TRACTATUS
930 433 987 492 DE
1008 433 1177 517 PSALMO
1200 435 1222 492 t.
1583 435 1611 516 3

259 651 293 716 3ἰ
318 671 435 716 omnes
462 669 649 733 peccamus,
665 669 765 713 nemo
792 660 903 713 autem
930 648 1047 713 beatus
1073 649 1134 712 nisi
1159 650 1305 732 quinon
1331 650 1504 731 peccavit3
1531 669 1612 729 ergo

259 755 334 838 quia
348 775 465 821 omnes
487 773 673 837 peccamus,
689 773 789 818 nemo
805 753 923 818 beatus
939 762 997 819 est.
1015 754 1082 820 Sed
1099 754 1210 820 videte
1225 754 1303 837 quid
1321 753 1421 830 dicat,
1437 753 1485 818 Et
1504 754 1538 817 in
1555 753 1612 818 nin

251 869 450 941 peccatorum
466 879 529 923 non
551 858 648 924 sneie.
669 859 746 923 Non
764 859 861 935 dixit,
876 858 993 922 beatus
1010 859 1058 921 vir
1079 859 1134 940 qui
1160 878 1226 922 non
1244 858 1402 941 peccavit,
1418 859 1476 922 sed
1494 857 1611 922 beatus

258 963 304 1026 vir
320 962 375 1044 qui
392 963 425 1026 in
442 971 582 1044 peccato
597 981 664 1025 non
682 961 912 1044 perseveravit.
937 962 985 1024 Et
1000 962 1034 1026 in
1050 961 1107 1026 via
1121 971 1321 1045 peccatorum
1345 981 1407 1024 non
1421 961 1518 1026 stetit.
1537 961 1611 1044 Ego

227 1067 324 1132 theri
351 1066 496 1149 peccavi,
511 1085 578 1130 non
604 1083 677 1128 sum
705 1065 831 1128 beatus.
849 1064 884 1130 Si
911 1085 977 1129 non
1005 1075 1129 1130 stetero
1145 1065 1177 1131 in
1195 1073 1342 1149 peccato,
1357 1067 1415 1129 sed
1440 1075 1611 1130 retraxero

258 1189 318 1246 me,
334 1170 400 1233 iam
426 1169 544 1234 beatus
569 1188 651 1232 sum.
668 1167 716 1232 Et
730 1168 765 1231 in
787 1167 939 1232 cathedra
954 1169 1158 1250 pestilentiae
1173 1189 1235 1233 non
1261 1169 1351 1234 sedit.
1369 1168 1550 1252 Quomodo
1565 1167 1610 1232 ibi

256 1272 350 1349 dixit,
366 1271 469 1347 stetit,
492 1270 588 1334 sicet
615 1270 667 1335 hic
684 1271 781 1347 dixit,
804 1271 910 1336 sedit:
935 1273 1019 1337 sicut
1047 1272 1092 1336 ibi
1119 1273 1175 1355 qui
1204 1292 1270 1338 non
1298 1271 1555 1354 perseveraverit
1576 1271 1609 1334 in

256 1385 392 1457 peccato
415 1375 533 1438 beatus
549 1384 609 1451 est,
635 1375 682 1437 sic
697 1373 751 1438 hic
778 1374 834 1456 qui
862 1375 894 1438 in
919 1375 1070 1440 doctrina
1097 1374 1184 1439 maia
1212 1395 1277 1439 non
1295 1374 1554 1458 perseveraverit
1577 1382 1610 1438 et

256 1479 350 1556 sedit,
365 1478 484 1543 beatus
499 1485 558 1543 est.
575 1476 665 1560 Quid
690 1478 813 1561 igitur?
829 1477 962 1542 Videtis
977 1478 1040 1561 ipsi
1062 1479 1234 1561 quomodo
1249 1478 1422 1544 beatitudo
1438 1477 1612 1560 tripliciter

210 1601 242 1640 ro
255 1583 483 1647 condonatur:
509 1581 619 1645 sinon
637 1582 823 1664 cogitemus
846 1581 942 1661 maia,
958 1583 984 1645 si
1015 1582 1047 1646 in
1065 1592 1204 1664 peccato
1220 1602 1286 1647 non
1309 1600 1567 1664 perseveremus,
1581 1581 1608 1643 si

256 1705 320 1750 non
347 1687 527 1749 doceamus
560 1705 600 1748 ea
626 1705 713 1769 quae
737 1685 825 1750 maia
846 1695 932 1752 sunt.
961 1687 1037 1752 Hoc
1064 1696 1115 1751 est
1142 1687 1231 1769 quod
1257 1686 1338 1751 dicit
1368 1695 1402 1750 et
1427 1685 1610 1768 propheta:

254 1794 262 1822 ‘
278 1790 387 1873 Super
408 1790 514 1856 tribus
529 1800 562 1855 et
577 1798 736 1874 quattuor
750 1791 895 1873 peccatis
911 1810 978 1855 non
1000 1799 1191 1855 convertam
1214 1810 1298 1868 eam,
1313 1791 1394 1856 dicit
1411 1789 1578 1853 Dominus
1594 1789 1610 1853 ’.

258 1897 302 1959 Et
326 1895 389 1960 boc
412 1897 516 1962 octies
532 1895 621 1960 dicit
638 1895 747 1960 Amos
763 1905 875 1960 autem
901 1895 964 1960 boc
981 1896 1135 1979 loquitur,
1151 1897 1184 1960 id
1209 1905 1268 1972 est,
1295 1894 1460 1978 cogitasti,
1476 1893 1609 1976 ignovi:

256 2000 370 2078 iecisti,
395 2000 530 2083 ignovi:
555 2020 622 2064 non
648 2000 745 2083 egisti
769 2001 1019 2083 paenitentiam,
1044 2001 1178 2082 ignovi:
1204 1999 1366 2081 numquid
1396 1995 1484 2062 maia
1507 1996 1609 2060 etiam

212 2117 240 2174 ¹5
256 2107 373 2170 docere
395 2104 561 2170 debebas?
578 2105 655 2169 Hoc
671 2116 721 2169 est
744 2103 834 2187 quod
852 2104 981 2181 dicitur,
998 2103 1106 2187 Super
1123 2104 1228 2168 tribus
1244 2110 1277 2166 et
1292 2109 1450 2184 quattuor
1466 2100 1611 2183 peccatis

256 2230 320 2272 non
339 2210 460 2274 irascar
475 2207 545 2285 tibi,
561 2208 641 2272 dicit
655 2207 830 2273 Dominus.

298 2312 345 2376 Et
359 2313 395 2376 in
422 2313 489 2394 lege
508 2310 813 2376 einnoneditabitur
836 2309 888 2374 die
913 2331 952 2374 ac
974 2319 1066 2374 nocte.
1085 2310 1184 2374 Dixit
1208 2309 1271 2374 tria
1298 2327 1384 2391 quae
1410 2307 1517 2372 iacere
1545 2327 1610 2372 non

257 2416 392 2481 debuit:
408 2435 474 2480 non
491 2415 582 2480 abire
599 2415 630 2478 in
647 2414 788 2478 consilio
811 2415 999 2498 impiorum,
1015 2424 1048 2478 et
1073 2416 1106 2478 in
1124 2415 1177 2478 via
1196 2420 1409 2497 peccatorum
1432 2431 1498 2476 non
1515 2421 1612 2488 stare,

257 2529 291 2583 et
306 2521 338 2583 in
355 2519 513 2584 cathedra
529 2518 739 2601 pestilentiae
756 2537 822 2582 non
839 2519 963 2584 sedere.
981 2519 1080 2583 Dixit
1106 2518 1169 2582 tria
1190 2537 1276 2601 quae
1301 2516 1409 2580 iacere
1425 2535 1491 2580 non
1508 2516 1610 2580 debe-

210 2645 243 2681 20
259 2643 350 2688 mus:
374 2623 455 2688 dicit
481 2625 549 2688 duo
573 2642 659 2706 quae
683 2623 790 2696 iacere
817 2623 1008 2688 debeamus.
1037 2623 1114 2686 Non
1145 2624 1234 2688 enim
1260 2619 1380 2686 suffieit
1404 2621 1500 2684 nobis
1523 2621 1610 2686 mala

258 2727 371 2811 iugire,
386 2728 449 2792 nisi
477 2746 720 2810 consequamur
745 2727 841 2790 bona.
860 2726 931 2792 Sed
953 2725 989 2789 in
1011 2727 1079 2809 lege
1099 2726 1240 2790 Domini
1263 2726 1414 2789 voluntas
1429 2724 1507 2788 eins.
1532 2725 1610 2789 Non

256 2832 344 2896 dixit
359 2832 468 2909 timor,
484 2833 552 2908 sed,
568 2831 721 2894 voluntas
737 2853 744 2894 :
766 2829 859 2895 multi
877 2830 966 2894 enim
983 2831 1103 2894 timore
1120 2829 1254 2908 iaciunt,
1269 2832 1327 2894 sed
1345 2831 1445 2895 timor
1460 2830 1612 2894 facientis

258 2936 443 3000 mercedem
461 2955 527 2998 non
551 2934 661 3000 habet.
689 2933 760 2998 Sed
772 2933 806 2998 in
826 2934 893 3017 lege
908 2934 1050 2998 Domini
1070 2935 1220 2999 voluntas
1234 2936 1311 3011 eius,
1339 2943 1375 2998 ut
1402 2933 1481 2998 velit
1505 2933 1611 2996 iacere

257 3035 344 3116 quod
375 3033 540 3098 Dominus
566 3035 751 3118 imperavit.
767 3034 815 3097 Et
837 3034 873 3098 in
888 3034 955 3116 lege
975 3035 1045 3098 eins
1067 3034 1281 3101 meditabitur
1292 3037 1344 3102 die
1363 3058 1402 3100 oc
1416 3048 1509 3102 nocte.
1533 3037 1611 3100 Non

209 3166 240 3218 25
257 3148 366 3220 potest
398 3158 507 3203 sermo
532 3139 702 3222 explicare
730 3149 892 3222 quantum
921 3159 1014 3202 mens
1042 3141 1197 3222 concipit.
1223 3141 1293 3206 Sed
1314 3143 1348 3205 in
1377 3141 1443 3224 lege
1474 3139 1614 3204 Domini

257 3241 490 3306 voluntaseins.
509 3242 609 3306 Dicat
624 3242 745 3325 aliquis
759 3265 766 3306 :
780 3243 868 3306 Ecce
884 3263 948 3326 ego
963 3243 1039 3307 volo
1056 3243 1164 3326 legem
1182 3244 1247 3307 Dei
1265 3243 1382 3322 iacere,
1397 3245 1515 3308 beatus
1531 3263 1612 3326 ergo

257 3367 328 3410 sum
344 3346 423 3428 quia
439 3344 523 3411 volo.
541 3344 608 3410 Sed
626 3345 702 3409 vide
716 3345 797 3428 quid
819 3355 998 3428 sequatur:
1015 3365 1081 3410 non
1099 3345 1219 3411 sufficit
1235 3348 1319 3411 velle
1336 3348 1444 3430 legem
1461 3347 1536 3424 Dei,
1551 3348 1610 3411 sed

258 3451 288 3514 in
306 3450 379 3532 iege
393 3450 465 3514 eius
483 3448 634 3513 meditari
651 3448 704 3512 die
720 3469 759 3512 ac
776 3458 881 3513 nocte.
898 3448 1182 3513 Meditabe'tnrdee
1195 3471 1234 3514 ac
1248 3461 1342 3516 nocte.
1356 3451 1456 3515 Dicat
1472 3451 1611 3534 aliquis:

261 3555 334 3618 Hoc
350 3554 496 3618 bumana
514 3563 631 3617 natura
648 3574 714 3617 non
732 3551 846 3617 suffert
861 3575 868 3630 ;
896 3573 974 3617 nam
991 3563 1025 3618 et
1040 3555 1282 3620 ambulandum
1298 3565 1358 3633 est,
1378 3565 1412 3620 et
1427 3557 1609 3620 bibendum

211 3688 243 3738 30
259 3671 315 3737 est,
331 3669 363 3724 et
377 3658 620 3723 comedendum
643 3667 703 3734 est,
719 3667 752 3720 ct
768 3657 1001 3722 dormiendum
1018 3667 1077 3736 est,
1093 3667 1127 3721 et
1149 3680 1187 3724 ea
1208 3680 1294 3742 quae
1317 3661 1359 3724 ad
1378 3660 1480 3724 vitam
1498 3680 1610 3723 neces-

258 3766 341 3828 saria
367 3773 444 3827 sunt
470 3761 693 3844 conparanda.
716 3761 897 3844 Quomodo
923 3782 1003 3844 ergo
1028 3763 1135 3844 legem
1166 3764 1229 3826 Dei
1256 3766 1470 3829 meditabitur
1495 3765 1548 3829 die
1571 3786 1610 3828 ac

291 3951 464 4014 ssedlCG83
497 3949 540 3998 sed
548 3949 573 3998 si
584 3950 604 3998 B
616 3965 624 4006 ;
656 3950 681 3998 si
693 3967 719 4013 μ.
822 3951 925 4012 7dixit]
937 3960 996 4001 aute
1006 3952 1070 4000 sedit
1080 3967 1130 4000 om.
1146 3969 1174 4015 μ.
1285 3952 1300 4000 8
1307 3955 1514 4017 perseveraverit]
1526 3957 1610 4012 codd;

252 4033 458 4096 perseveravitp.
547 4044 576 4092 14
587 4046 667 4081 none.
677 4040 705 4095 p.
720 4031 880 4094 egerendum.
897 4050 925 4096 μ.
1029 4033 1451 4096 t5debeba51BGS,Cendeluos3
1484 4037 1567 4085 ‹teteas
1580 4055 1608 4100 μ.

260 4113 501 4176 16irnscor]codd;
535 4114 662 4162 irascntnr
674 4131 702 4176 p..
808 4126 836 4174 19
848 4130 898 4163 non
914 4114 1036 4176 eiciemus]
1048 4115 1111 4174 803
1140 4131 1189 4164 nnn
1205 4116 1333 4166 debeonens
1346 4134 1373 4180 μ.
1475 4131 1505 4166 22
1523 4121 1611 4168 timore

250 4198 371 4260 fatientes
380 4197 510 4246 neerredem
522 4213 572 4245 non
584 4197 675 4245 hahent
686 4197 715 4246 C.
783 4197 815 4246 28
827 4199 955 4258 meditare]
968 4199 1024 4256 ttC;
1045 4199 1164 4248 nuditum
1176 4201 1197 4246 (i
1209 4215 1216 4258 ;
1242 4199 1405 4248 meditabitur
1416 4217 1443 4262 μ.
1513 4212 1540 4262 31
1554 4217 1608 4248 roer-

252 4281 379 4344 pnrnrnio]
389 4279 545 4343 conponundi
552 4280 575 4327 G
586 4297 595 4340 3
628 4281 776 4344 roerpnrnnli
785 4281 819 4340 (Η
828 4281 853 4328 in
866 4279 950 4340 linunt
960 4281 990 4330 C.

301 4467 343 4506 12.
360 4441 521 4524 Dominus]
538 4447 631 4506 Amos
650 4465 673 4518 ι,
688 4466 705 4522 3
720 4465 782 4523 sqq.
1001 4467 1045 4505 22.
1057 4449 1146 4506 tr'enor
1146 4448 1174 4522 ſs
1188 4467 1224 4504 m.
1235 4467 1292 4504 teon
1301 4445 1396 4526 hobel]
1414 4457 1420 4479 ⁵
1433 4451 1514 4508 Duas
1523 4447 1608 4526 signi-

299 4550 343 4587 20.
362 4527 430 4586 Non
445 4527 521 4585 enim
531 4523 701 4606 sufficitetc]
718 4529 907 4586 Commenta·
961 4529 1092 4588 ficantias
1109 4527 1137 4586 in
1155 4528 1243 4588 verbi)
1259 4529 1371 4589 timoris
1385 4549 1450 4588 esse
1466 4533 1482 4600 ¹,
1498 4550 1565 4588 cum
1579 4531 1608 4588 in

258 4607 319 4670 rioi.
345 4629 386 4687 ps.
405 4625 530 4669 xxxin:
557 4611 651 4668 ‘Non
666 4608 773 4668 sufficit
795 4611 906 4668 malum
959 4622 1120 4670 comment.
1145 4609 1229 4686 epist.
1245 4611 1285 4670 ad
1302 4613 1409 4688 Ephes.
1429 4629 1455 4688 5,
1473 4632 1520 4687 33,
1544 4621 1607 4670 tum

259 4691 367 4767 sugere,
379 4689 435 4750 nisi
448 4691 560 4750 bonum
575 4709 697 4766 quoque
712 4690 815 4750 seceris
830 4691 844 4749 ’.
959 4689 1028 4751 aiibi
1039 4691 1145 4751 sedulo
1156 4692 1339 4752 demonstrat
1351 4694 1379 4752 S.
1397 4693 1606 4769 Hieronymus.
