4092 5502
474 401 557 505 338
861 426 889 485 s
914 423 1168 486 fflsaouvm
1191 422 1455 485 pensaurum
1569 443 1571 448 ·

474 643 506 712 Ο
529 643 662 708 beatam
686 642 877 720 amicitiam,
899 663 921 707 o
946 641 1119 726 pulchrum
1147 643 1317 708 osculum!
1344 643 1497 710 Elevavit
1520 667 1595 713 eam
1621 650 1829 732 adprehensa

474 767 574 814 manu
602 749 692 813 eius:
708 767 843 812 manum
864 747 950 811 illius
975 748 1105 811 sanavit
1121 768 1180 811 sua
1203 767 1312 812 manu.
1337 749 1574 832 Adprehendit
1595 773 1730 820 manum
1758 756 1830 820 eius

473 853 567 938 quasi
585 854 741 932 medicus,
757 851 898 918 tentavit
914 871 1026 930 venas,
1041 853 1124 917 vidit
1138 853 1403 935 magnitudinem
1422 853 1571 935 febrium,
1587 858 1659 941 ipse
1674 869 1708 924 et
1724 861 1829 925 medi·

473 979 531 1024 cus
546 970 580 1024 et
600 959 894 1024 medicamentum.
908 955 1034 1038 Tangit
1064 957 1165 1035 lesus,
1181 966 1214 1020 et
1231 956 1316 1039 fugit
1341 956 1449 1023 febris.
1468 961 1512 1026 Et
1528 961 1560 1024 in
1588 962 1684 1027 nobis
1711 973 1830 1048 tangat

474 1071 672 1142 manumet
689 1064 890 1127 mundentur
906 1081 1007 1143 opera
1024 1070 1145 1125 nostra.
1173 1061 1382 1143 Ingrediatur
1396 1063 1534 1128 domum
1552 1076 1719 1132 nostram:
1741 1069 1828 1133 leve·
1867 1085 1881 1140 5

474 1187 547 1232 mus
564 1187 625 1231 nos
641 1166 822 1249 aliquando
837 1165 880 1229 de
893 1163 1024 1241 lectulo,
1040 1183 1106 1228 non
1132 1165 1306 1228 iaceamus.
1325 1165 1419 1229 lesus
1434 1177 1502 1231 stat
1517 1179 1595 1233 ante
1612 1169 1779 1249 lectulum,
1794 1180 1830 1236 et

474 1289 534 1336 nos
548 1272 720 1336 iacemus?
736 1269 930 1352 Surgamus,
940 1279 974 1332 et
986 1277 1113 1332 stemus
1128 1291 1135 1332 ε
1152 1268 1335 1351 ignominia
1345 1280 1458 1334 nostra
1473 1281 1533 1349 est,
1549 1291 1610 1336 nos
1620 1281 1698 1338 ante
1715 1273 1829 1338 Iesum

473 1377 587 1440 iacere.
604 1376 704 1439 Dicat
721 1374 849 1458 aliquis,
867 1372 936 1438 Ubi
952 1381 1003 1436 est
1022 1371 1130 1435 Iesus?
1148 1371 1214 1436 Hic
1231 1382 1280 1437 est
1296 1372 1515 1455 inpraesenti.
1531 1377 1538 1406 ⁶
1559 1375 1701 1454 Medius,
1712 1377 1832 1461 inquit,

473 1482 559 1546 inter
573 1500 632 1545 vos
648 1486 724 1558 stat,
734 1497 834 1562 quem
846 1496 904 1541 vos
916 1475 1069 1540 nescitis'.
1086 1481 1093 1506 ‘
1112 1477 1266 1559 Regnum
1281 1476 1345 1540 Dei
1359 1477 1446 1541 intra
1461 1497 1520 1541 vos
1536 1488 1586 1542 est
1601 1477 1618 1544 '.
1634 1478 1831 1558 Credamus,

473 1593 507 1649 et
521 1584 673 1649 videmus
701 1591 909 1666 praesentem
940 1581 1060 1646 lesum.
1077 1579 1113 1646 Si
1131 1601 1266 1644 manum
1292 1582 1362 1644 eius
1386 1591 1523 1666 tangere
1548 1603 1613 1647 non
1642 1604 1832 1667 possumus,
1854 1613 1884 1649 ro

473 1687 691 1753 advolvamur
705 1687 855 1770 pedibus.
871 1679 991 1750 Sinon
1019 1703 1197 1767 possumus
1213 1685 1254 1748 ad
1272 1693 1372 1766 caput
1388 1687 1567 1766 pervenire,
1588 1687 1707 1752 saltem
1725 1689 1830 1772 pedes

473 1793 576 1877 ipsius
601 1792 743 1858 lacrimis
768 1790 925 1854 lavemus.
951 1788 1076 1852 Nostra
1092 1789 1298 1871 paenitentia
1322 1799 1529 1871 unguentum
1558 1790 1741 1856 Salvatoris
1766 1801 1829 1856 est.

472 1896 561 1964 Vide
577 1905 703 1980 quanta
719 1897 761 1961 sit
778 1895 1001 1960 misericordia
1017 1893 1209 1961 Salvatoris.
1227 1895 1367 1958 Peccata
1391 1903 1504 1958 nostra
1521 1893 1599 1959 mali
1610 1895 1729 1960 odores
1741 1905 1832 1974 sunt,

472 2000 614 2084 putredo
631 2010 707 2065 sunt
720 2023 728 2064 :
743 2009 855 2063 tamen
872 2000 899 2063 si
932 2019 1071 2083 agamus
1087 1999 1326 2082 paenitentiam
1344 2009 1480 2082 propter
1507 2007 1652 2082 peccata,
1668 1999 1695 2063 si
1720 2000 1830 2083 plore-

473 2125 555 2184 mus,
582 2113 718 2186 peccata
744 2112 856 2169 nostra
882 2104 1015 2186 putrida
1035 2112 1243 2186 unguentum
1269 2103 1456 2168 efficiuntur
1483 2103 1629 2168 Domini.
1656 2103 1830 2186 Rogemus
1854 2129 1881 2185 ις

472 2227 551 2292 ergo
568 2209 762 2286 Dominum,
779 2216 815 2272 ut
841 2207 1071 2291 adprehendat
1099 2226 1234 2272 manum
1253 2217 1408 2272 nostram.
1436 2207 1483 2271 Et
1506 2207 1683 2288 confisum,
1709 2207 1831 2291 inquit,

471 2313 602 2377 dimisit
613 2333 686 2377 eam
695 2310 809 2392 febris.
836 2310 959 2377 Statim
977 2320 1013 2376 ut
1036 2329 1154 2375 manus
1172 2309 1441 2394 adprehenditur,
1456 2312 1556 2376 febris
1582 2312 1676 2394 sugit.
1703 2310 1831 2377 Videte

473 2418 553 2500 quid
565 2417 720 2500 sequitur.
738 2417 783 2480 Et
798 2417 958 2480 continuo
981 2415 1108 2480 dimisit
1122 2434 1196 2478 eam
1215 2413 1322 2480 sebris.
1339 2415 1442 2498 Spem
1470 2417 1603 2494 habeto,
1619 2427 1784 2498 peccator,
1802 2415 1830 2480 si

472 2529 586 2585 tamen
602 2519 645 2584 de
661 2517 783 2583 lectulo
810 2519 1001 2584 surrexeris.
1029 2519 1183 2603 Denique
1208 2527 1241 2582 et
1271 2529 1406 2584 sanctus
1423 2519 1543 2598 David,
1570 2519 1626 2603 qui
1650 2527 1831 2595 corruerat,

472 2624 622 2706 quicum
641 2621 805 2687 Bersabee
821 2641 927 2686 uxore
944 2622 1047 2687 Uriae
1069 2622 1221 2687 Chettaci
1247 2622 1376 2686 iacebat
1399 2623 1432 2687 in
1461 2624 1590 2702 lectulo,
1605 2634 1640 2691 et
1664 2625 1831 2690 adulterio
1849 2653 1882 2690 20

472 2726 691 2805 febricitabat,
707 2735 885 2810 postquam
900 2724 1067 2790 Dominus
1078 2725 1208 2790 sanavit
1225 2745 1310 2804 eum,
1327 2737 1505 2811 postquam
1522 2728 1675 2794 dixerat‘
1692 2729 1830 2794 Misere·

471 2831 586 2895 remei
605 2829 697 2895 Deus
710 2831 892 2895 secundum
918 2849 1073 2914 magnam
1099 2831 1357 2896 misericordiam
1378 2843 1470 2897 tuam
1484 2833 1491 2860 '
1507 2842 1541 2898 et
1556 2837 1564 2865 ‘
1580 2833 1656 2898 Tibi
1673 2833 1735 2899 soli
1752 2855 1830 2918 pec·

470 2937 542 3001 cavi
559 2947 591 3000 et
609 2935 732 3002 malurn
761 2957 872 3000 coram
889 2946 923 3001 te
949 2936 1031 3000 feci’
1055 2936 1202 3000 ‘Libera
1219 2957 1272 3000 me
1298 2938 1342 3001 de
1367 2936 1584 3020 sanguinibus
1614 2936 1708 3002 Deus
1733 2937 1830 3003 Deus

471 3059 564 3106 meus
580 3046 627 3106 ’...
648 3039 852 3122 Sanguinem
870 3041 958 3105 enim
977 3041 1080 3106 Uriae
1105 3040 1243 3117 suderat,
1257 3041 1337 3123 quia
1364 3040 1572 3105 fundendum
1602 3040 1829 3106 mandaverat.

470 3148 478 3176 ‘
496 3144 616 3208 Libera
633 3163 695 3222 me,
711 3143 828 3226 inquit,
843 3145 886 3208 de
902 3144 1119 3227 sanguinibus
1138 3143 1230 3206 Deus
1253 3144 1345 3208 Deus
1362 3165 1464 3224 meus,
1479 3155 1512 3210 et
1529 3145 1682 3228 spiritum
1699 3155 1828 3212 rectum
1849 3177 1878 3228 25

471 3247 593 3312 innova
609 3249 642 3312 in
660 3247 839 3313 visceribus
868 3249 949 3313 meis
962 3254 977 3313 ’.
994 3248 1082 3312 Vide
1098 3249 1177 3330 quid
1202 3247 1300 3325 dixit,
1317 3248 1447 3312 innova.
1473 3249 1524 3312 Eo
1550 3249 1716 3333 siquidem
1743 3258 1829 3316 tem·

471 3371 550 3436 pore
575 3371 643 3435 quo
671 3350 869 3416 adulterium
888 3351 959 3428 ieci,
975 3372 1042 3434 quo
1058 3350 1274 3414 homicidium
1303 3354 1499 3435 perpetravi,
1522 3353 1667 3436 Spiritus
1691 3364 1829 3422 sauctus

471 3453 504 3516 in
522 3473 575 3517 me
591 3464 757 3518 veteratus
768 3465 827 3518 est.
845 3455 890 3518 Et
905 3455 985 3536 quid
1003 3453 1108 3518 dicit?
1123 3458 1130 3486 ‘
1148 3454 1292 3519 Lavabis
1310 3475 1372 3532 me,
1388 3467 1421 3520 et
1437 3476 1536 3539 super
1553 3458 1663 3522 nivem
1691 3456 1828 3525 dealba·

470 3557 531 3622 bor
546 3559 562 3623 '.
579 3557 748 3640 Quoniam
776 3578 856 3638 ergo
883 3558 1000 3621 lavasti
1029 3579 1081 3621 me
1105 3577 1163 3641 per
1190 3559 1342 3621 lacrimas
1371 3577 1470 3636 meas,
1491 3559 1648 3624 lacrimae
1674 3579 1768 3626 meae
1796 3572 1829 3627 et

470 3662 675 3746 paenitentia
692 3681 766 3724 mea
784 3660 862 3723 mihi
880 3659 1012 3724 luerunt
1027 3681 1088 3743 pro
1110 3660 1320 3743 baptismate.
1339 3661 1429 3744 Ergo
1445 3663 1487 3726 de
1503 3663 1695 3745 paenitente
1714 3665 1827 3732 videte
1846 3694 1877 3745 ³0

470 3765 550 3848 quid
568 3764 715 3830 efficitur.
743 3765 823 3848 Egit
848 3763 1087 3847 paenitentiam
1116 3773 1150 3826 et
1176 3763 1286 3858 flevit:
1313 3765 1389 3829 ideo
1415 3767 1594 3832 mundatus
1615 3779 1674 3833 est.
1701 3769 1825 3834 Statim

470 3870 549 3952 quid
567 3869 739 3952 sequitur?
755 3873 762 3901 ‘
780 3868 928 3934 Doceam
946 3867 1077 3952 iniquos
1102 3867 1172 3930 vias
1189 3878 1272 3944 tuas,
1288 3877 1321 3932 et
1344 3867 1437 3952 impii
1453 3871 1496 3934 ad
1513 3879 1546 3934 te
1561 3883 1797 3938 convertentur
1811 3873 1827 3939 ¹.

472 3973 523 4038 De
540 3973 730 4056 paenitente
747 3974 905 4056 magister
921 3981 971 4036 est
988 3969 1134 4038 effectus.
1153 3972 1228 4036 Hoc
1249 3981 1357 4036 toturn
1375 3993 1477 4058 quare
1492 3977 1587 4040 dixi?
1605 3975 1773 4060 Quoniam
1792 3981 1824 4043 in

471 4254 480 4304 1
503 4187 535 4305 ag
549 4175 661 4226 Chettarr'
665 4173 672 4232 l
692 4175 796 4242 scripsi;
818 4175 920 4227 certast
930 4193 957 4245 χ.
1059 4189 1090 4240 31
1103 4177 1219 4244 Doceam]
1234 4199 1256 4222 =
1270 4178 1358 4228 docebo.
1379 4179 1417 4229 Cl.
1434 4179 1556 4230 Clement.
1572 4181 1644 4246 epist.
1659 4181 1728 4232 latin.
1743 4197 1768 4248 p.
1787 4195 1825 4248 19,

482 4291 488 4304 .
506 4267 514 4304 1
544 4273 551 4315 ;
565 4267 604 4320 52,
621 4269 651 4320 19
662 4266 712 4309 etc.

512 4451 539 4508 9.
555 4430 678 4514 nescitis]
694 4436 737 4494 10.
759 4454 783 4505 1,
802 4435 847 4494 26.
1217 4455 1261 4507 24.
1280 4455 1356 4496 meus
1385 4437 1421 4498 ib.
1451 4443 1493 4500 16.

555 4511 609 4594 csr]
626 4516 696 4574 Luc.
719 4534 762 4590 17,
781 4535 826 4573 21.
1216 4521 1261 4574 26.
1279 4520 1347 4578 mer's
1376 4518 1414 4580 ib.
1435 4540 1479 4579 12.

513 4613 558 4654 22.
575 4594 670 4677 tuam]
686 4599 731 4657 Ps.
747 4617 793 4673 50,
811 4615 836 4672 3.
1216 4600 1260 4656 28.
1278 4598 1442 4682 dealbabor]
1458 4602 1496 4662 ib.
1513 4623 1539 4678 9.

513 4694 558 4751 23.
572 4674 646 4757 feci]
660 4677 729 4738 ibid.
747 4684 772 4738 6.
1214 4697 1260 4753 3²·
1277 4679 1487 4763 convertentur]
1503 4683 1541 4745 ib.
1562 4703 1606 4763 15.
