4154 5494
583 411 838 484 TRACTATUS
861 423 919 482 DE
943 417 1109 481 PSALMO
1131 420 1291 483 CXXXII.
1519 421 1602 504 249

245 641 333 704 tibus
349 638 503 704 sacerdos
519 638 641 703 debeat
665 638 793 724 ingredi
810 639 973 720 templum
999 637 1136 703 Domini
1153 647 1186 701 et
1203 639 1235 700 in
1262 647 1378 702 sancta
1401 647 1601 706 sanctorum.

246 743 292 807 Et
307 763 367 807 nos
383 763 463 824 ergo
479 743 506 805 si
531 742 685 807 volumus
700 743 743 806 de
766 743 966 806 vestimento
983 743 1047 806 isto
1073 761 1147 805 esse
1171 741 1379 820 sacerdotali,
1406 751 1464 806 aut
1489 759 1600 824 super-

243 844 412 910 humerale
428 864 552 922 sumus,
567 846 657 928 quod
684 847 919 928 interpretatur
942 846 1063 929 ephod,
1081 854 1117 911 ut
1133 846 1317 910 habeamus
1335 847 1424 934 bona
1439 865 1550 928 opera,
1566 855 1599 909 et

244 949 276 1012 in
294 949 439 1012 humeris
456 949 576 1012 nostris
603 949 715 1032 Xpisti
733 951 892 1013 mandata
914 960 1084 1032 portemus
1100 971 1108 1030 ;
1124 957 1182 1014 aut
1198 959 1285 1014 certe
1302 949 1415 1013 tunica
1438 949 1600 1014 debemus

208 1081 223 1134 5
243 1071 315 1116 esse
330 1053 475 1129 interior,
492 1073 576 1135 quae
593 1054 706 1117 tunioa
722 1054 837 1118 stricta
861 1065 920 1130 est,
936 1064 969 1116 et
996 1054 1154 1118 adhaeret
1176 1054 1315 1136 corpori,
1340 1073 1405 1118 non
1434 1063 1485 1116 est
1512 1053 1599 1130 laxa,

244 1173 309 1218 non
327 1153 485 1228 funditur,
500 1156 557 1220 sed
588 1155 746 1220 adhaeret
763 1165 834 1220 tota
847 1157 890 1220 ad
914 1176 1039 1240 corpus.
1057 1156 1162 1222 Vides
1178 1177 1258 1240 ergo
1274 1157 1432 1240 quonlam
1449 1157 1598 1240 quicum-

242 1277 307 1339 que
323 1258 458 1322 interior
476 1269 537 1335 est,
560 1270 594 1325 et
606 1261 741 1324 interior
758 1261 880 1338 tunica,
889 1260 1029 1325 vicinius
1045 1260 1192 1344 iungitur
1208 1259 1345 1343 corpori.
1368 1259 1493 1343 Siquis
1520 1279 1599 1323 vero

242 1360 403 1424 rationale
434 1371 494 1440 est,
523 1365 613 1446 quod
645 1365 765 1429 dicitur
796 1359 912 1454 λόγιον,
940 1365 1001 1427 iste
1026 1385 1091 1427 non
1120 1374 1170 1430 est
1206 1360 1284 1425 alibi
1310 1359 1371 1422 nisi
1399 1359 1431 1422 in
1456 1367 1597 1441 pectore,

243 1469 510 1536 Animadvertite
525 1473 708 1556 scripturae
724 1475 896 1540 ordinem:
912 1474 1113 1558 quicumque
1126 1471 1287 1538 rationale
1297 1479 1356 1547 est,
1372 1479 1406 1534 et
1420 1465 1527 1559 λόγιον
1539 1483 1598 1547 est,

189 1607 221 1645 ro
239 1589 273 1644 et
298 1581 382 1644 ratio
405 1583 509 1660 est,in
540 1594 675 1666 pectore
704 1585 904 1648 constitutus
921 1595 980 1648 est.
1003 1585 1158 1650 Ceterum
1174 1583 1243 1648 fieri
1275 1591 1385 1666 potest
1411 1591 1447 1645 ut
1479 1579 1597 1662 aliquis

239 1683 362 1749 habeat
377 1685 599 1767 prudentiam,
609 1699 645 1753 ut
658 1690 781 1754 habeat
790 1683 905 1778 λόγων,
917 1698 951 1754 et
964 1710 1029 1753 non
1044 1690 1166 1755 habeat
1176 1705 1374 1752 sermonem.
1386 1687 1597 1769 Quicumque

239 1815 320 1877 ergo
344 1815 440 1858 verus
456 1799 610 1861 sacerdos
631 1809 691 1875 est,
706 1799 805 1863 debet
827 1798 949 1862 habere
964 1795 1079 1890 λόγιον,
1093 1799 1194 1864 debet
1210 1795 1333 1862 habere
1357 1792 1517 1871 δηλώσεις,
1533 1795 1596 1857 boc

238 1913 290 1967 est
315 1905 609 1984 manifestationes,
624 1905 687 1971 hoc
710 1917 771 1985 est,
797 1919 832 1972 ut
850 1909 1084 1990 quodcumque
1100 1920 1211 1992 mente
1227 1907 1425 1989 conceperit,
1441 1904 1596 1986 proferat,

238 2019 273 2073 et
281 2027 399 2072 omnes
410 2009 537 2073 doceat.
551 2011 594 2074 Et
607 2011 813 2076 haecomnia
827 2011 945 2075 frustra
959 2013 1079 2090 sunt,si
1091 2013 1227 2077 castitas
1240 2021 1338 2076 cauta
1351 2020 1384 2073 et
1397 2017 1515 2071 ornata
1528 2027 1593 2071 non

188 2137 219 2194 ις
239 2110 347 2176 luerit:
364 2113 440 2176 ideo
456 2133 541 2177 zona
565 2125 624 2192 est,
633 2127 666 2180 et
676 2117 780 2199 cingit
796 2116 937 2193 lumbos,
953 2117 1086 2199 stringit
1112 2126 1145 2180 et
1159 2111 1344 2179 mortificat.
1359 2108 1492 2173 Deinde
1514 2108 1595 2172 dici-

238 2225 292 2277 tur
314 2216 404 2298 quod
421 2215 544 2281 habeat
560 2217 744 2295 femorales‚
761 2229 795 2282 ut
812 2219 1046 2302 quodcumque
1062 2220 1095 2282 in
1113 2219 1209 2283 nobis
1225 2214 1485 2300 ignominiosum
1500 2223 1549 2276 est
1561 2224 1595 2276 et

237 2320 419 2399 sordidum,
434 2321 529 2404 quasi
554 2323 617 2386 lroc
644 2324 779 2407 cingulo
804 2325 983 2388 mundetur
1010 2335 1043 2388 et
1075 2327 1298 2392 mortificetur.
1318 2322 1449 2389 Deinde
1475 2322 1595 2386 dicitur

236 2426 397 2508 quoniam
413 2426 595 2491 debeamus
611 2426 733 2492 habere
748 2428 882 2511 podere,
898 2429 987 2511 quod
1003 2440 1100 2492 ornet
1115 2432 1209 2513 quasi
1227 2432 1329 2514 pedes
1345 2436 1485 2492 nostros.
1499 2427 1543 2492 Et
1560 2427 1592 2490 in

238 2531 313 2612 ipso
337 2531 460 2612 podere
486 2533 606 2596 diversi
623 2532 720 2597 flores
746 2543 846 2596 sunt:
870 2543 948 2598 sunt
963 2533 1008 2596 ibi
1026 2535 1116 2598 mala
1142 2546 1291 2619 granata,
1315 2542 1393 2599 sunt
1421 2533 1464 2598 ibi
1492 2532 1592 2596 etiam

186 2663 219 2704 ω
238 2632 398 2700 fimbriae.
415 2636 491 2719 Ego
506 2647 589 2721 puto
604 2638 694 2720 quod
712 2646 744 2700 et
761 2635 817 2699 illa
834 2637 949 2700 mulier
974 2641 1171 2720 sanguinem
1188 2641 1293 2705 fluens
1310 2641 1408 2704 istam
1428 2635 1592 2700 fimbriam

236 2739 394 2822 tetigerit,
409 2749 443 2803 et
459 2752 576 2806 sanata
592 2753 651 2807 est.
669 2739 800 2804 Deinde
815 2749 850 2804 et
865 2739 928 2803 hoc
955 2744 1172 2823 considerate,
1188 2745 1347 2829 quoniam
1364 2744 1406 2807 ad
1423 2751 1593 2805 extremos

237 2845 341 2926 pedes
357 2843 443 2918 inter
457 2845 544 2908 mala
560 2855 700 2928 granata
716 2852 810 2907 erant
826 2853 859 2907 et
876 2845 1095 2928 tintinnulae;
1111 2859 1144 2912 et
1161 2870 1227 2912 non
1245 2846 1492 2931 ingrediebatur
1507 2865 1591 2928 pon-

236 2944 324 3010 tifex
349 2949 381 3009 in
413 2957 754 3024 sanctasanctorum,
781 2949 843 3011 nisi
871 2948 926 3012 illa
960 2950 1185 3016 tintinnabula
1201 2962 1425 3037 personarent.
1460 2951 1505 3014 Et
1537 2949 1592 3014 illa

235 3050 462 3116 tintinnabula
479 3062 513 3116 et
528 3053 584 3116 illa
601 3053 690 3118 mala
704 3067 844 3134 granata
860 3053 1069 3119 diversitates
1086 3058 1245 3122 virtutum
1263 3066 1350 3136 sunt,
1365 3075 1451 3139 quae
1466 3053 1592 3118 habent

185 3187 216 3242 25
234 3153 387 3236 singulae
403 3176 501 3220 voces
517 3177 593 3221 suas
609 3179 616 3237 ;
632 3169 666 3221 et
681 3177 832 3240 egressus
859 3158 931 3242 ipse
946 3161 1053 3223 sancti
1076 3172 1267 3227 sanctorum
1284 3162 1409 3228 vocalis
1424 3170 1484 3225 est.
1513 3160 1591 3226 Sive

234 3262 325 3323 enim
354 3263 605 3342 manducamus,
630 3263 699 3324 sive
724 3261 878 3342 bibimus,
907 3266 1021 3327 omnia
1052 3265 1084 3327 in
1113 3267 1248 3331 nomine
1276 3266 1414 3331 Domini
1441 3264 1590 3330 facimus.

235 3365 370 3430 Minora
386 3369 608 3450 promisimus,
624 3377 657 3432 et
674 3367 799 3430 maiora
826 3368 984 3434 diximus.

283 3468 378 3534 Sicut
393 3493 445 3535 res
459 3471 595 3552 Ermeu,
610 3473 669 3556 qui
682 3472 843 3535 descendit
864 3473 899 3535 iu
927 3486 1064 3538 retentem
1082 3475 1173 3542 Sr'eu.
1191 3475 1261 3538 Ros
1278 3474 1414 3539 Ermon.
1433 3471 1591 3555 Legimus

271 3656 281 3692 1
295 3639 387 3701 debeat]
398 3643 469 3694 halet
479 3645 506 3695 S.
608 3646 663 3694 ade
682 3647 824 3696 vestimenta
843 3647 888 3694 r'sta
898 3661 919 3694 e.
934 3642 965 3704 a]
983 3647 1011 3696 tle
1024 3647 1171 3712 [estimenta
1192 3647 1240 3696 ista
1260 3661 1279 3695 e.
1294 3661 1313 3694 s.
1329 3644 1368 3703 13;
1392 3641 1469 3710 βοιῃ.
1484 3643 1530 3689 r'ste
1544 3657 1551 3699 ;
1563 3641 1592 3689 de

234 3726 388 3776 vestimentis
398 3741 446 3776 esse
456 3729 646 3778 sacerdotalibus
658 3731 689 3778 C.
773 3727 984 3791 superhumerale]
996 3729 1012 3778 lt
1024 3729 1051 3779 in
1064 3731 1085 3780 C
1101 3729 1188 3780 addila
1200 3736 1237 3780 est
1249 3744 1303 3792 sup.
1318 3727 1361 3776 lim
1443 3734 1457 3786 7
1469 3723 1591 3786 vicinius]

235 3807 276 3876 ,GC
287 3827 295 3868 ;
308 3809 407 3860 vuinus
419 3811 459 3860 BS
471 3828 478 3870 ;
491 3811 583 3860 u'etm's
595 3812 626 3862 G.
728 3811 743 3860 8
755 3811 888 3872 rationale]
900 3813 1048 3861 rationabile
1060 3813 1100 3873 G;
1118 3813 1315 3862 rationalitati.
1415 3808 1488 3869 attat]
1500 3824 1549 3856 om.
1564 3805 1587 3874 β.

235 3895 266 3941 iu
272 3893 378 3958 pectere]
391 3892 407 3962 β
419 3894 477 3944 add.
491 3896 647 3944 cerastitutus.
719 3907 748 3943 10
759 3901 782 3944 rt
793 3895 857 3944 ralla
868 3891 913 3954 erl]
926 3894 941 3962 β
953 3896 1028 3947 inser.
1041 3905 1073 3958 at,
1087 3899 1104 3948 S
1117 3899 1162 3947 iste
1172 3903 1243 3947 tolus.
1312 3885 1470 3948 cerutilutusl
1481 3897 1590 3939 svmlll‘·

232 3984 288 4026 clus
300 3977 321 4036 l,
335 3977 358 4026 G
374 3990 384 4025 ι
398 3993 440 4038 m;
458 3980 604 4028 cuutrtuus
620 3981 643 4030 G
655 3995 710 4044 sup.
724 3980 768 4028 lin.
872 3990 898 4027 11
912 3974 1011 4046 λόγιον]
1024 3982 1040 4030 S
1054 3981 1128 4031 inser.
1139 3982 1182 4030 hac
1192 3986 1226 4030 est
1238 3977 1409 4042 pnuleutiam.
1509 3979 1534 4021 et
1544 3987 1594 4022 trau

233 4059 332 4122 hamat]
344 4059 409 4111 CSG
422 4077 429 4118 ;
441 4069 465 4110 et
475 4063 563 4111 habeat
576 4062 749 4122 lemahascar
762 4059 786 4128 β.
868 4073 896 4110 12
907 4058 974 4125 erga]
984 4078 1034 4112 om.
1050 4063 1079 4112 C.
1159 4064 1244 4125 verus]
1257 4078 1312 4111 vere
1325 4059 1350 4126 β.
1427 4057 1493 4108 debet
1503 4057 1590 4106 habere

234 4138 335 4212 ludam]
345 4159 396 4194 om.
412 4143 462 4212 βῦ.
545 4159 574 4207 14
585 4145 669 4206 cauta]
681 4145 718 4194 Gl
731 4161 738 4203 ;
750 4151 824 4193 aucta
836 4142 878 4210 βΑ
889 4162 896 4204 ;
909 4151 993 4194 sancta
1005 4148 1031 4196 S.
1114 4157 1142 4209 15
1154 4143 1269 4210 stringit]
1278 4160 1327 4194 om.
1343 4143 1395 4193 BC.
1477 4142 1506 4190 16
1509 4141 1588 4206 senta·

233 4221 310 4283 ralesl
329 4226 358 4286 S,
371 4225 518 4290 faemoralis
530 4229 553 4279 G
565 4245 572 4288 3
583 4228 722 4294 femoralia
743 4225 758 4294 β
776 4240 801 4278 et
821 4237 868 4278 cet.
974 4231 1002 4280 18
1022 4222 1158 4284 deleamus]
1177 4229 1290 4278 debemus
1308 4225 1355 4276 Gl.
1453 4218 1552 4288 pedere]
1565 4223 1587 4282 l.

226 4309 338 4374 pondere
350 4309 389 4370 B;
406 4311 498 4374 podera
518 4313 560 4370 C;
576 4313 690 4376 poderem
712 4308 736 4376 β.
836 4311 913 4374 qued]
934 4309 949 4378 β
970 4323 993 4363 et
1014 4313 1088 4364 codd.
1190 4324 1222 4360 zo
1241 4306 1401 4372 sangumem]
1419 4305 1543 4370 sanguiue
1561 4303 1585 4372 β.

233 4403 265 4440 22
276 4392 445 4456 tintinnutae]
456 4395 596 4444 tiutr'nulae
607 4396 630 4445 G
638 4413 646 4455 ς
655 4393 797 4444 tiulluuuli
809 4393 1011 4453 Instrumenta
1025 4397 1051 4446 B.
1121 4407 1153 4458 23
1165 4395 1202 4445 Et
1213 4391 1269 4453 ttla]
1281 4407 1331 4440 om.
1345 4387 1392 4457 βΒ.
1468 4397 1500 4452 25
1512 4401 1587 4451 egres·

232 4475 286 4538 sus]
296 4477 421 4541 ingressus
435 4479 489 4530 BG.
590 4480 621 4528 26
630 4478 811 4528 manducamus
825 4479 974 4540 abibimus]
989 4479 1193 4528 rrtarulucemuss.
1207 4475 1319 4525 lllarrrus
1336 4475 1359 4540 p.
1463 4471 1588 4536 jacimus]

233 4561 356 4611 lactamus
372 4563 398 4612 S.
499 4561 530 4612 28
541 4562 598 4627 qua]
608 4563 675 4628 quod
685 4563 736 4613 SG.

277 4719 322 4760 ar.
338 4706 444 4759 sanata
458 4694 511 4779 est]
525 4699 632 4761 Matth.
646 4719 673 4777 9,
689 4719 724 4758 ao
740 4719 804 4778 sqq.
983 4701 1026 4756 26.
1036 4693 1177 4776 sacr'ruus]
1197 4717 1208 4755 1
1227 4697 1295 4758 Cor.
1316 4715 1359 4767 ιο,
1377 4714 1423 4770 31·

188 4835 192 4846 '
278 4836 391 4884 annuos
400 4831 554 4876 Maredsolana
564 4831 610 4882 lll,
620 4845 638 4872 a.
