4158 5492
447 381 496 460 16
818 408 845 466 ε.
873 405 1124 466 nrnnouvur
1147 407 1411 466 vansnvnnru

443 625 611 688 Haeretici
628 625 660 688 in
686 625 851 706 praesenti
869 625 986 702 rident,
1002 625 1061 689 sed
1085 625 1119 689 in
1135 623 1248 690 futuro
1261 623 1445 705 lugebunt:
1471 641 1533 688 nos
1548 642 1634 686 vero.
1650 621 1682 686 in
1701 641 1794 705 prae·

447 729 532 792 senti
551 727 712 810 lugemus,
735 738 770 793 ut
787 729 819 793 in
847 728 958 794 futuro
974 729 1147 793 rideamus.
1164 727 1205 792 Ιιι
1222 737 1390 792 aeternum
1404 727 1602 794 exultabunt.
1622 727 1719 811 Quae
1734 727 1796 791 erit

443 833 609 898 exultatio
635 842 824 898 sanctorum
851 834 1024 897 virorum?
1054 832 1100 896 Et
1118 830 1281 896 habitabis
1310 831 1345 894 in
1368 831 1422 896 eis.
1454 831 1582 896 Felices
1610 841 1716 909 erunt,
1738 832 1794 914 qui

444 936 603 1018 Xpistum
620 934 786 1018 hospitem
814 934 936 1000 habere
961 934 1182 1000 merebuntur.
1200 934 1247 998 Et
1265 933 1429 1000 habitabis
1450 936 1484 999 in
1510 935 1565 1001 eis.
1589 935 1715 1000 Felices
1737 935 1793 1018 qui

441 1037 693 1109 tabernaculum
719 1037 832 1122 Xpisti
857 1049 960 1104 erunt.
992 1039 1040 1103 Et
1059 1039 1294 1123 gloriabuntur
1318 1039 1353 1103 ia
1380 1049 1410 1103 te
1434 1040 1625 1123 omnesqui
1649 1039 1795 1122 diligunt
1829 1056 1843 1110 s

442 1165 553 1209 namen
564 1154 665 1208 tauns.
678 1142 891 1226 Quicumque
906 1142 1015 1225 diligit
1031 1143 1225 1220 Dominum,
1236 1143 1433 1226 gloriabitur
1448 1144 1481 1207 in
1499 1144 1657 1210 Domino.
1669 1143 1794 1209 Videte

440 1248 519 1332 quid
534 1233 646 1314 ’dicat
674 1245 914 1313 Glariabuntur
942 1247 976 1310 ia
1003 1260 1032 1310 te
1057 1267 1165 1310 omnes
1192 1247 1253 1329 qai
1279 1246 1426 1330 dr'lrgrrnt
1450 1267 1562 1312 namen
1593 1258 1694 1312 tuum.
1725 1246 1793 1330 Qui

440 1352 606 1436 diligunt:
622 1373 688 1417 non
705 1351 802 1430 dixit,
818 1351 873 1434 qui
890 1351 1019 1428 timent,
1033 1351 1102 1429 sed,
1116 1351 1174 1433 qui
1190 1351 1342 1433 diligunt
1361 1350 1572 1433 Ubicumque
1588 1351 1677 1416 enim
1693 1350 1793 1416 timor

441 1467 501 1540 est,
517 1457 560 1520 ibi
581 1476 647 1520 non
663 1465 715 1521 est
730 1456 884 1521 dilectio:
900 1460 908 1488 ‘
924 1453 1070 1536 perfecta
1085 1455 1210 1538 quippe
1232 1455 1368 1520 dilectio
1383 1454 1471 1520 foras
1488 1455 1592 1520 mittit
1608 1454 1761 1520 timorem
1777 1453 1794 1519 ³.

441 1661 551 1734 sutura
567 1672 617 1728 cst
642 1661 815 1727 beatitudo
832 1671 966 1741 nostra;
993 1672 1101 1727 totum
1118 1664 1209 1745 quod
1226 1664 1440 1747 promittitur,
1455 1665 1498 1729 de
1522 1663 1634 1729 futuro
1649 1674 1708 1729 est.
1726 1663 1795 1728 Alii

441 1775 589 1849 regnent,
604 1765 659 1829 alii
687 1766 888 1848 possideant,
904 1766 960 1830 alii
976 1766 1179 1848 glorientur:
1207 1787 1267 1830 nos
1282 1767 1336 1831 bic
1352 1787 1467 1833 sumus
1491 1767 1610 1844 miseri,
1626 1778 1663 1833 ut
1679 1778 1795 1851 postea

441 1871 552 1936 ielices
576 1871 689 1936 simus.
715 1871 902 1955 Sequemur
926 1873 1084 1954 Xpistum
1114 1872 1297 1937 Dominum
1324 1883 1483 1938 nostrum.
1510 1874 1577 1958 Qui
1600 1874 1682 1939 dicit
1705 1893 1741 1938 se
1761 1875 1794 1937 in

441 1975 599 2057 Xpistum
617 1976 759 2052 credere,
783 1975 954 2058 quomodo
970 1976 1025 2040 illc
1052 1975 1245 2054 ambulavit,
1259 1986 1293 2041 et
1320 1977 1392 2060 ipse
1407 1977 1453 2041 sic
1480 1977 1638 2044 ambulet
1654 1976 1796 2060 Xpistus

444 2079 507 2142 Dei
526 2078 630 2143 Filius
648 2099 713 2143 non
742 2080 832 2143 venit
850 2089 887 2142 ut
915 2079 1164 2158 ministraretur,
1180 2080 1237 2145 sed
1264 2089 1300 2145 ut
1318 2080 1538 2145 ministraret:
1564 2100 1630 2146 non
1647 2081 1738 2144 venit
1759 2089 1796 2144 ut
1817 2099 1845 2152 ις

444 2185 631 2266 imperaret,
650 2184 708 2248 sed
736 2192 773 2248 ut
799 2183 957 2249 serviret:
982 2205 1049 2249 non
1076 2186 1168 2251 venit
1185 2193 1221 2250 ut
1247 2185 1435 2250 lavarentur
1462 2183 1508 2248 illi
1535 2186 1648 2268 pedes,
1673 2185 1731 2250 sed
1759 2195 1796 2250 ut

444 2286 569 2353 lavaret
596 2289 698 2370 pedes
724 2287 985 2369 discipulorum:
1014 2309 1080 2353 non
1096 2289 1187 2353 venit
1214 2298 1250 2353 ut
1266 2291 1429 2366 caederet,
1443 2288 1502 2352 sed
1530 2297 1568 2353 ut
1583 2289 1795 2354 caederetur:

443 2413 509 2458 non
526 2391 620 2456 dedit
636 2391 780 2474 alapam,
794 2396 853 2457 sed
880 2393 1030 2475 accepit;
1057 2413 1123 2457 non
1150 2391 1322 2470 crucifixit,
1339 2391 1397 2456 sed
1424 2391 1603 2456 crucifixus
1630 2401 1703 2460 est:
1728 2412 1794 2456 nou

441 2497 525 2562 alios
540 2496 673 2573 occidit,
687 2497 745 2560 sed
763 2496 834 2581 ipse
851 2517 967 2580 passus
983 2507 1056 2562 est:
1083 2516 1210 2580 pauper
1225 2496 1297 2574 suit,
1312 2504 1350 2560 ut
1367 2516 1427 2560 nos
1442 2496 1564 2561 divites
1580 2495 1702 2562 iaceret
1717 2521 1724 2562 :
1740 2496 1795 2562 ille
1830 2533 1836 2543 ·

441 2599 570 2682 accepit
596 2619 657 2680 pro
684 2598 780 2662 nobis
805 2598 950 2682 plagam,
974 2609 1012 2663 ut
1027 2619 1088 2662 nos
1112 2599 1275 2663 verberati
1302 2618 1368 2663 uon
1393 2597 1591 2665 doleremus.
1614 2599 1793 2684 Quotiens·
1813 2622 1846 2661 ιο

439 2722 583 2786 cumque
598 2703 777 2782 caedimur,
793 2703 1012 2787 praebeamus
1039 2702 1223 2777 maxillam,
1238 2704 1374 2768 dorsum
1390 2701 1612 2785 obponamus,
1627 2705 1795 2770 imitemur

441 2806 609 2890 Xpistum.
641 2806 709 2890 Qui
733 2808 891 2885 caeditur,
922 2807 1082 2890 Xpistum
1109 2807 1284 2872 imitatur:
1311 2807 1367 2889 qui
1398 2806 1517 2884 caedit,
1547 2807 1795 2892 Antixpistum.

347 2923 353 2934 ·
442 2910 519 2975 Hoc
535 2920 644 2976 totum
668 2931 770 2994 quare
785 2911 885 2976 dico?
913 2911 963 2976 Ut
988 2911 1020 2974 in
1049 2911 1215 2993 praesenti
1240 2911 1374 2975 saeculo
1398 2911 1489 2993 quod
1516 2911 1720 2976 sustinemus
1735 2933 1796 2995 pro

441 3014 573 3098 Xpisto,
596 3012 820 3098 glorificemus
845 3033 966 3078 nomen
995 3012 1118 3096 Xpisti.
1145 3012 1236 3079 Dum
1259 3013 1434 3098 loquimur,
1462 3012 1543 3078 dum
1574 3014 1796 3094 ambulamus,

441 3128 576 3201 repente
592 3117 825 3183 subtrahimur.
842 3117 918 3201 Ego
933 3117 1005 3201 ipse
1021 3118 1077 3200 qui
1104 3117 1199 3182 vobis
1215 3117 1315 3183 hodie
1342 3117 1469 3200 loquor,
1484 3117 1539 3182 die
1554 3118 1698 3184 crastina
1714 3120 1794 3202 quid
1813 3141 1844 3196 25

439 3223 482 3287 de
498 3241 553 3288 me
579 3221 726 3288 futurum
754 3222 806 3300 sit,
823 3223 943 3287 nescio.
960 3220 996 3288 Si
1021 3221 1148 3286 venerit
1177 3220 1257 3286 levis
1282 3220 1451 3297 febricula,
1468 3220 1522 3285 ubi
1547 3232 1597 3286 est
1614 3221 1678 3286 ista
1702 3229 1795 3288 vox?

440 3326 496 3392 ubi
521 3335 571 3392 est
596 3325 774 3409 superbia?
799 3336 935 3410 repente
951 3325 1089 3390 vertitur
1113 3325 1146 3388 in
1163 3326 1315 3390 cinerem.
1337 3331 1343 3357 ‘
1369 3324 1459 3408 Quid
1479 3324 1641 3407 gloriatur
1656 3335 1743 3390 terra
1760 3337 1794 3391 et

438 3430 571 3495 cinisi'
599 3429 702 3494 Terra
728 3438 762 3494 et
786 3429 868 3494 cinis
895 3427 1162 3494 sumus‘Terra
1186 3449 1230 3506 es,
1257 3439 1290 3494 et
1316 3431 1347 3493 in
1376 3439 1497 3494 terram
1525 3431 1588 3494 ibis
1604 3429 1619 3494 ¹.
1644 3431 1688 3496 Et
1707 3441 1795 3497 terra

440 3536 601 3621 gloriatur
616 3545 732 3601 contra
750 3535 909 3600 factorem
936 3554 1043 3598 suum.
1059 3532 1239 3616 Sequitur:
1258 3532 1420 3612 Quoniam
1437 3543 1473 3597 tu
1489 3533 1648 3599 benedices
1663 3535 1794 3601 iustum.

441 3641 631 3717 benedices,
647 3641 686 3704 iri
697 3639 830 3706 futuro:
846 3658 926 3722 ergo
941 3635 1092 3702 differtur
1108 3636 1289 3703 beatitudo.
1813 3665 1845 3717 30

482 3744 625 3808 Domine
639 3754 677 3807 ut
700 3753 787 3807 scuta
801 3743 899 3808 banaa
921 3740 1100 3805 voluntatis
1113 3741 1274 3805 coronasti
1298 3763 1362 3808 aas.
1379 3742 1483 3824 Apud
1511 3742 1680 3808 saeculum
1693 3743 1792 3809 aliud

439 3859 489 3914 est
505 3858 647 3926 scutum,
662 3848 752 3912 aliud
769 3866 913 3925 corona;
939 3846 1028 3928 apud
1046 3845 1157 3908 Deum
1173 3865 1252 3909 vero
1276 3845 1348 3928 ipse
1368 3857 1419 3910 est
1435 3856 1576 3925 scutum,
1598 3849 1671 3930 ipse
1695 3857 1794 3914 estet

439 3971 571 4018 corona.
595 3950 700 4034 Quasi
726 3959 856 4015 scutum
885 3948 1039 4030 protegit,
1064 3949 1158 4031 quasi
1187 3948 1279 4011 Deus
1306 3961 1462 4015 coronat:
1488 3953 1559 4033 ipse
1589 3960 1640 4016 est
1663 3961 1792 4016 scutum

440 4066 599 4135 nostrum,
614 4057 686 4139 ipse
702 4063 801 4119 estet
826 4073 949 4118 corona
965 4062 1085 4117 nostra.
1110 4051 1155 4117 Et
1182 4052 1245 4117 hoc
1261 4053 1350 4131 dicit,
1376 4052 1518 4138 Domine
1534 4063 1572 4118 ut
1595 4064 1682 4119 scuta
1697 4054 1794 4120 bonae

472 4262 486 4313 3
507 4244 640 4308 habitabis]
662 4250 815 4301 inhabitabis
840 4248 886 4318 βΒ.
991 4262 1019 4310 14
1041 4256 1099 4300 aute
1115 4249 1233 4315 quomodo
1253 4251 1272 4299 B
1295 4249 1369 4301 inser.
1394 4251 1476 4310 debet:
1498 4251 1594 4301 debet...
1615 4251 1743 4302 annulare
1766 4250 1790 4322 β.

438 4343 470 4394 29
482 4333 590 4395 ιἰιιιιιιιι]
602 4334 648 4398 (gr.
664 4326 815 4402 εὖλογήιεις
828 4327 952 4394 δίκαιον);
965 4333 1028 4382 iusta
1041 4329 1088 4399 βΕ.
1192 4344 1224 4396 34
1235 4333 1273 4383 Et
1282 4332 1335 4394 hac]
1346 4333 1384 4382 Et
1394 4331 1421 4382 ab
1432 4333 1474 4383 hac
1487 4331 1511 4401 β.

480 4521 507 4578 9.
524 4497 665 4582 tr'rrrarem]
685 4521 696 4560 1
716 4502 759 4561 Io.
776 4523 805 4575 4,
824 4501 868 4560 18.
1183 4502 1229 4559 28.
1245 4507 1272 4559 et
1284 4495 1389 4580 crirr'st]
1406 4499 1497 4561 Eccli.
1518 4521 1562 4575 ιο,
1579 4521 1604 4579 9.

483 4603 527 4657 14·
543 4577 733 4662 sicambuht]
751 4581 826 4644 lbid.
846 4602 871 4655 a,
889 4585 915 4641 6.
1181 4579 1247 4662 ibis]
1263 4583 1339 4644 Gen.
1357 4600 1383 4659 3,
1403 4601 1449 4658 19.

483 4681 526 4744 15.
544 4671 577 4724 ut
590 4659 782 4745 ministraret]
798 4663 890 4725 Marc
912 4683 956 4737 ιο,
972 4681 1018 4740 45.
