4202 5492
617 393 872 454 TRACTATUS
894 393 952 452 DE
975 389 1143 451 PSALMO
1166 389 1306 448 LXXXl.
1586 380 1640 469 75

289 613 419 678 rientur.
436 611 547 676 Omne
563 611 651 694 quod
680 611 829 687 iacimus,
844 611 933 693 quod
959 613 1135 696 loquimur,
1151 610 1240 694 quod
1265 611 1463 692 cogitamus,
1479 605 1580 670 etiam
1596 606 1640 669 de

288 718 397 782 otioso
412 715 514 780 verbo
529 715 689 780 reddituri
704 734 819 780 sumus
836 716 1018 780 rationem:
1034 718 1194 800 scriptum
1210 726 1261 780 est
1278 717 1310 779 in
1329 716 1420 780 libris
1448 716 1523 780 Dei.
1540 717 1640 781 Putat

288 824 407 908 aliquis
420 825 521 888 libros
537 845 608 888 esse
625 825 657 888 in
672 827 774 904 caelo,
787 829 842 892 ubi
858 829 1046 894 scribuntur
1061 836 1198 911 peccata
1215 831 1337 887 nostra.
1354 821 1430 904 Ego
1446 830 1529 904 puto
1542 821 1643 885 libros

290 953 361 996 esse
383 931 603 996 conscientias
628 942 768 1009 nostras,
783 953 870 1015 quae
896 943 974 1020 tunc
991 935 1189 1016 aperientur,
1205 941 1238 996 et
1266 928 1393 993 videbit
1415 927 1644 1008 unusquisque

236 1038 379 1120 ·5quod
404 1037 489 1102 fecit.
515 1041 521 1066 ¹
547 1035 639 1100 Nihil
667 1036 844 1114 occultum,
869 1038 958 1121 quod
991 1059 1058 1102 non
1084 1035 1309 1103 revelabitur'.
1327 1036 1507 1117 Propterea
1530 1031 1642 1097 throni

292 1142 390 1224 positi
406 1151 494 1219 sunt,
508 1151 542 1204 et
557 1140 630 1205 libri
656 1144 761 1223 aperti
786 1152 872 1206 sunt.
889 1142 1027 1224 Quanta
1051 1144 1173 1224 scripta
1202 1143 1328 1205 suntin
1346 1139 1430 1202 libro
1446 1157 1530 1214 meo,
1546 1145 1579 1201 et
1602 1155 1645 1199 ne

291 1246 382 1310 fratri
398 1245 534 1328 quidem
551 1265 627 1308 meo
642 1264 750 1327 neque
766 1247 875 1310 amico
891 1268 966 1310 meo
991 1249 1099 1312 audeo
1126 1245 1285 1311 confiteri.
1304 1245 1421 1310 Sciunt
1436 1241 1547 1326 angeli
1564 1241 1643 1325 quid

292 1350 434 1427 lecerim,
449 1350 558 1414 sciunt
585 1349 704 1421 throni,
729 1350 837 1414 sciunt
865 1351 1032 1433 seraphim
1048 1377 1055 1416 :
1071 1353 1133 1415 scit
1160 1353 1258 1415 Pater
1274 1359 1306 1413 et
1324 1349 1428 1413 Filius
1450 1357 1484 1412 et
1502 1346 1646 1430 Spiritus

293 1465 437 1521 sanctus.

249 1569 277 1606 ¹⁰
337 1559 497 1624 Diximus
522 1560 565 1624 de
590 1559 666 1622 Deo
691 1560 781 1641 quod
808 1559 882 1623 aliis
906 1569 981 1634 stet,
997 1561 1069 1625 aliis
1094 1560 1253 1636 ambulet,
1268 1557 1342 1623 aliis
1363 1575 1442 1620 vero
1457 1555 1573 1620 sedeat
1589 1563 1648 1618 aut

293 1664 387 1746 quasi
404 1685 463 1728 rex
480 1671 539 1726 aut
562 1662 657 1744 quasi
685 1664 787 1727 iudex
801 1687 809 1728 :
825 1664 898 1728 aliis
913 1685 992 1729 vero
1015 1665 1147 1730 dormit.
1165 1665 1201 1729 Si
1218 1664 1354 1747 quando
1371 1683 1432 1726 nos
1447 1659 1659 1742 derelinquit

294 1767 590 1851 temptationibus:
607 1765 684 1830 licet
709 1766 813 1831 simus
840 1769 956 1844 sancti,
982 1778 1094 1833 tamen
1124 1767 1339 1852 relinquimur
1360 1763 1650 1847 temptationibus,

296 1882 332 1937 ut
347 1872 546 1954 probemur:
561 1890 603 1935 eo
619 1879 771 1952 tempore
786 1872 882 1936 nobis
905 1873 1029 1946 dormit
1045 1874 1222 1937 Dominus.
1239 1869 1393 1952 Denique
1408 1869 1488 1952 quid
1510 1867 1593 1932 dicit
1616 1876 1649 1930 et

295 1978 494 2060 psalmista?
510 1980 517 2008 ⁶
532 1976 699 2056 Exsurge,
723 1976 839 2057 utquid
867 1977 1030 2041 dormitas
1056 1975 1252 2040 Dominei’
1275 1975 1318 2038 Et
1342 1971 1486 2055 apostoli
1513 1971 1650 2054 quando

250 2092 278 2145 ι5
296 2090 389 2147 erant
411 2082 444 2144 in
472 2081 559 2156 navi,
582 2089 616 2142 et
641 2079 734 2142 navis
761 2078 916 2144 fluctibus
939 2080 1152 2156 tundebatur,
1177 2081 1364 2146 dormiebat
1391 2081 1438 2145 eis
1463 2079 1651 2143 Dominus:

294 2196 472 2270 propterea
488 2185 576 2250 enim
603 2182 697 2246 navis
724 2183 879 2249 fluctibus
906 2186 1117 2251 tundebatur.
1146 2187 1302 2270 Denique
1328 2187 1479 2250 excitant
1503 2205 1590 2260 eum,
1617 2192 1650 2247 et

298 2291 443 2373 evigilat,
458 2297 493 2354 et
508 2289 621 2352 statim
639 2295 822 2369 tempestas
837 2289 986 2371 quiescit.

342 2396 502 2460 Diximus
516 2394 560 2457 de
584 2400 721 2474 quattor
746 2392 971 2458 schematibus
998 2394 1072 2471 Dei,
1098 2394 1178 2477 quia
1201 2394 1275 2459 aliis
1295 2403 1371 2470 stat,
1395 2394 1468 2457 aliis
1492 2393 1653 2470 ambulat,

299 2499 371 2563 aliis
383 2499 486 2573 sedet,
501 2495 574 2562 aliis
590 2497 685 2578 quasi
700 2497 834 2574 dormit,
850 2497 923 2562 aliis
946 2520 1025 2563 vero
1052 2499 1187 2581 evigilat
1203 2509 1236 2564 et
1252 2500 1431 2581 consurgit.
1448 2499 1539 2561 Deus
1564 2497 1655 2561 stetit

250 2618 283 2654 20
301 2604 335 2668 in
349 2623 511 2684 synagoga
522 2600 663 2664 deorum.
676 2598 764 2682 Quia
776 2602 822 2665 dii
838 2613 942 2678 erant,
954 2612 1130 2687 propterea
1145 2587 1320 2669 stabateis
1335 2605 1436 2668 Deus.
1450 2605 1489 2666 ln
1502 2623 1569 2686 qua
1582 2605 1653 2685 ipsa

301 2727 473 2792 synagoga
488 2713 603 2770 nostra
618 2705 748 2769 diversa
766 2707 858 2769 Deus
874 2707 976 2771 habet
993 2706 1185 2772 schemata:
1201 2707 1275 2772 aliis
1285 2717 1361 2784 stat,
1374 2708 1447 2770 aliis
1463 2707 1565 2783 sedet,
1582 2705 1655 2770 aliis

301 2811 460 2887 ambulat,
482 2809 555 2875 aliis
570 2809 704 2874 dormit.
720 2809 806 2874 Cuin
823 2810 894 2893 ipse
910 2811 952 2874 sit
969 2812 1184 2891 inmutabilis,
1199 2833 1261 2894 pro
1276 2820 1390 2875 nostra
1405 2811 1567 2874 varietate
1584 2828 1653 2873 mu·

302 2925 397 2978 tatur.
414 2913 504 2978 Vide
515 2912 660 2976 hominis
675 2914 886 2996 dignitatem.
902 2914 994 2978 Deus
1007 2915 1098 2979 stetit
1113 2916 1147 2979 in
1162 2937 1327 3000 synagoga
1342 2915 1482 2980 deomm.
1501 2914 1658 2996 Largitur

303 3018 399 3083 nobis
415 3037 548 3094 nomen,
578 3025 614 3078 ut
640 3015 797 3099 largiatur
821 3027 854 3080 et
883 3019 1047 3084 meritum.
1062 3021 1104 3083 ln
1129 3020 1233 3084 medio
1258 3031 1366 3085 antem
1390 3019 1463 3084 deos
1486 3018 1657 3084 diiudicat.

254 3139 285 3190 ²5
304 3122 410 3206 Quasi
426 3123 607 3204 imperator
620 3119 652 3183 in
667 3121 778 3184 medio
787 3123 955 3186 exercitus
964 3123 1127 3188 diiudicat
1139 3125 1228 3188 deos.
1249 3125 1332 3186 Deos
1343 3122 1583 3187 diiudicat.Res
1594 3120 1670 3184 ior-⁶

305 3226 481 3304 midabilis,
504 3245 555 3289 res
579 3225 713 3288 terroris
729 3224 835 3307 plena.
853 3223 889 3289 Si
904 3227 987 3290 deos
1013 3226 1184 3302 diiudicat,
1209 3228 1252 3291 de
1267 3237 1442 3309 peccatore
1465 3226 1544 3308 quid
1563 3225 1660 3288 iacit?

350 3333 445 3397 Duos
461 3332 544 3395 istos
560 3327 738 3392 versiculos
764 3328 859 3410 quasi
875 3329 1038 3412 propheta
1063 3330 1160 3396 dixit.
1184 3331 1260 3393 Hoc
1287 3351 1365 3395 vero
1385 3331 1474 3414 quod
1503 3329 1661 3412 sequitur,

313 3431 482 3516 Usqusquo
509 3429 663 3494 indicatis
686 3429 923 3511 iniquitatem?
939 3431 1009 3512 ipse
1026 3432 1119 3495 Deus
1141 3431 1287 3513 loquitur
1300 3435 1343 3497 ad
1368 3433 1502 3509 iudices,
1516 3432 1581 3496 hoc
1603 3439 1663 3506 est,

307 3540 349 3602 ad
366 3538 533 3622 principes
556 3535 682 3618 populi.
707 3532 904 3614 Specialiter
930 3535 984 3598 isti
1012 3535 1172 3612 versiculi,
1196 3536 1253 3617 qui
1279 3547 1445 3614 secuntur,
1467 3536 1510 3601 ad
1537 3535 1663 3599 iudices

259 3667 291 3718 30
307 3640 471 3704 dicuntur.
488 3636 524 3702 Si
540 3634 662 3700 saeculi
684 3634 819 3711 iudices,
834 3634 1047 3700 manifestum
1064 3644 1135 3700 est:
1152 3637 1178 3699 si
1195 3657 1274 3701 vero
1293 3636 1452 3702 ecclesiae
1470 3637 1603 3712 iudices,
1622 3636 1664 3701 de

308 3742 471 3826 episcopis
488 3738 722 3821 intellegamus
739 3747 839 3819 atque
856 3739 1066 3822 presbyteris.
1084 3739 1251 3823 Usquequo
1267 3741 1420 3806 iudicatis
1436 3742 1666 3824 iniquitatem?

343 3927 526 3994 Jscribnnlnr]
537 3911 682 3976 scribmiiur
693 3924 746 3975 CL.
851 3925 1041 3987 srevcluhilur]
1060 3927 1183 3976 reveletur
1202 3927 1301 3979 CGLP.
1372 3891 1471 3993 '6m]
1484 3928 1564 3997 §SG3
1581 3944 1624 3976 nec
1635 3929 1665 3989 C,

312 4013 423 4062 Bcadd.
437 4027 492 4074 sup.
506 4011 563 4070 lin„
577 4009 598 4057 L
610 4025 622 4056 c
634 4017 688 4072 post
701 4024 764 4057 eras.
865 4006 880 4055 8
884 4006 1002 4072 fecerim]
1011 4007 1149 4072 ficerinms
1163 4009 1193 4060 C.
1293 4013 1393 4074 throni]
1405 4013 1428 4061 G
1442 4013 1514 4061 inser.
1529 4012 1613 4059 rcr'unt
1628 4011 1667 4058 do·

312 4095 468 4144 ruinalionis.
563 4089 699 4154 seraphim]
710 4089 829 4138 cherubin
841 4097 863 4138 et
875 4090 992 4153 seraphin
1005 4092 1031 4141 S.
1130 4105 1139 4140 ι
1145 4103 1157 4154 5
1171 4095 1333 4157 tundebatur]
1346 4095 1431 4162 pasc
1444 4094 1605 4160 3stectehutur
1615 4093 1667 4151 ΟΡ,

314 4175 538 4241 Bexfhriuhainr.
612 4173 639 4220 16
650 4171 729 4232 enisu]
741 4188 781 4220 ont
796 4175 821 4221 S.
891 4172 1207 4237 turstiebatrrrlstcclebalur
1223 4177 1265 4236 A;
1282 4179 1424 4226 iactabatur
1433 4176 1465 4227 G.
1536 4189 1568 4240 30
1578 4177 1672 4225 succedi

312 4259 414 4320 iudices]
426 4259 443 4307 S
456 4256 531 4306 inser.
545 4255 721 4314 intellegimus.

356 4447 381 4484 2.
398 4417 552 4500 rotrhnem]
570 4419 675 4479 Matth.
693 4439 737 4490 12,
754 4423 800 4495 36.
1016 4417 1190 4496 gulorumf..
1208 4425 1403 4483 revelantur.'

356 4527 381 4582 3.
397 4506 485 4564 lr'bros
498 4522 553 4562 esse
570 4499 763 4580 conscientias]
788 4501 912 4560 Hieron.
934 4499 962 4557 in
1059 4521 1085 4579 5.
1103 4503 1288 4584 revelabitur]
1312 4505 1418 4564 Matth.
1441 4525 1485 4576 10,
1513 4505 1572 4577 26;
1597 4504 1668 4562 Luc

318 4589 392 4647 Dan.
421 4605 447 4662 7,
481 4605 517 4643 re
531 4608 538 4643 :
554 4587 562 4615 ⁴
578 4582 722 4640 Iudicium
750 4583 830 4654 sedit,
851 4582 967 4639 elirhm'
1021 4603 1063 4654 12,
1082 4605 1096 4642 a
1112 4598 1168 4645 etc.

315 4671 411 4746 aperii
425 4675 503 4728 sutri.
528 4663 739 4726 Conscientiae
760 4675 789 4722 et
803 4681 894 4738 opera
908 4661 964 4720 sin·
1061 4687 1106 4740 14.
1123 4669 1251 4726 Donn'ne
1262 4664 1287 4748 l]
1300 4669 1346 4726 Ps.
1363 4687 1412 4742 43,
1425 4687 1470 4744 23.
