4062 5504
513 369 589 472 138
977 377 1159 444 rationu
1187 383 1381 446 snscorr

1035 597 1348 649 INTERPRETATIO.

551 704 627 768 Hoc
645 707 687 768 ad
704 703 889 768 haereticos
905 705 996 780 dicit,
1011 705 1068 787 qui
1085 706 1210 770 audent
1226 725 1302 770 cum
1321 706 1456 771 Iudaeis
1472 709 1637 784 altercari,
1652 709 1694 771 de
1714 727 1859 790 quorum

505 810 609 875 oculis
622 812 770 876 eximere
782 829 818 873 se
834 818 954 891 putant
967 807 1210 886 festucam,hoc
1224 819 1432 888 est,coronae
1444 811 1534 875 iilius
1546 815 1684 894 spineae
1696 813 1861 888 festucas3

505 926 543 981 ut
559 915 591 981 in
609 917 715 981 oculis
732 917 800 980 suis
816 913 946 980 trabem
964 934 1031 978 non
1048 917 1204 994 sentiant,
1220 917 1283 980 hoc
1299 927 1359 995 est,
1375 917 1480 982 crucis
1496 914 1729 981 offensionem.

1167 1051 1200 1100 X·
1880 1059 1892 1110 5

550 1155 716 1241 Nunqnid
727 1157 884 1241 colligunt
897 1157 937 1220 de
950 1156 1054 1240 spinis
1069 1177 1161 1235 uvas,
1176 1168 1237 1222 aut
1249 1157 1288 1221 de
1302 1158 1435 1223 tribulis
1442 1159 1559 1242 ficus?
1576 1157 1635 1222 Sic
1647 1156 1753 1222 omnis
1762 1156 1863 1220 arbor

505 1263 585 1328 bona
603 1263 697 1328 bonos
704 1265 841 1343 fructus
847 1263 945 1343 fecit,
962 1262 1051 1326 mela
1066 1271 1175 1326 autem
1192 1262 1294 1326 malos
1301 1264 1439 1342 fructus
1446 1263 1544 1344 sacit.

1034 1395 1348 1446 INTERPRETATIO.

549 1507 676 1591 Spinae
694 1525 776 1588 quas
794 1504 876 1569 dicit
901 1512 935 1568 et
950 1504 1063 1566 tribuli
1081 1503 1235 1567 haereses
1251 1504 1494 1585 intelliguntur,
1510 1506 1552 1569 de
1569 1505 1690 1588 quibus
1714 1504 1860 1568 fructum

505 1614 651 1678 iustitiae
678 1629 777 1674 nemo
804 1609 941 1690 colligit,
967 1608 1031 1671 hoc
1058 1619 1118 1685 est,
1146 1617 1308 1690 martyres
1339 1629 1382 1672 ex
1408 1609 1584 1674 haereticis
1613 1629 1723 1676 nemo.
1748 1611 1861 1674 Arbor
1882 1625 1908 1660 ¹0

505 1729 617 1782 autern
651 1715 740 1778 mala
765 1723 861 1777 vetus
887 1714 990 1776 homo
1014 1721 1075 1791 est,
1090 1713 1148 1796 qui
1175 1714 1298 1778 multos
1317 1713 1442 1778 tructus
1458 1714 1547 1792 iacit,
1563 1715 1628 1780 hoc
1644 1727 1695 1780 est
1712 1723 1862 1799 peccata,

505 1821 619 1898 libido,
636 1827 670 1884 et
686 1818 834 1884 avaritia.
851 1819 962 1883 Arbor
978 1826 1091 1883 autem
1108 1837 1192 1882 crux
1208 1827 1268 1895 est,
1279 1839 1366 1901 quae
1383 1818 1528 1884 fructum
1542 1821 1631 1884 vitae
1643 1821 1860 1884 credentibus

505 1923 631 1990 attulit.

1160 2041 1210 2092 xt.

552 2148 668 2216 Omnis
683 2147 742 2231 qui
754 2143 852 2210 audit
866 2145 962 2211 verba
979 2167 1051 2210 ntea
1065 2147 1141 2210 haec
1155 2147 1282 2226 etfacit
1295 2168 1343 2224 ea,
1358 2147 1510 2212 similabo
1532 2169 1605 2212 eum
1621 2147 1695 2212 viro
1717 2147 1860 2230 sapienti
1881 2162 1904 2212 ¹5

504 2256 563 2338 qni
587 2251 773 2336 aedificavit
796 2251 927 2315 domum
951 2271 1047 2314 snam
1072 2263 1169 2333 super
1177 2261 1314 2334 petram.
1331 2253 1507 2317 Descendit
1515 2253 1640 2334 pluvia,
1655 2253 1860 2316 advenenrnt

499 2359 654 2443 flumina,
662 2357 832 2440 flaverunt
847 2355 943 2432 venti,
958 2365 990 2418 et
1015 2357 1206 2438 inpegerunt
1232 2358 1266 2419 in
1294 2357 1426 2421 domum
1454 2357 1558 2432 illam,
1574 2367 1605 2420 et
1631 2379 1693 2421 non
1718 2357 1835 2420 recidit
1849 2382 1859 2419 .-

502 2466 649 2544 fundata
660 2462 828 2542 enimsuit
836 2468 1075 2542 superpetram.
1087 2459 1134 2522 Et
1148 2462 1253 2524 omnis
1268 2461 1328 2543 qni
1341 2462 1438 2524 audit
1452 2461 1550 2526 verba
1567 2483 1636 2526 mea
1651 2474 1682 2525 et
1701 2483 1764 2524 non
1773 2461 1860 2544 facit

508 2591 558 2648 ea,
572 2567 723 2632 similabo
746 2585 819 2630 eum
846 2565 918 2627 viro
933 2565 1032 2628 stulto
1046 2564 1106 2647 qui
1119 2565 1307 2647 aedificavit
1321 2566 1454 2630 domum
1469 2587 1567 2630 suern
1581 2578 1680 2648 snper
1692 2565 1858 2630 harenam.

508 2672 684 2737 Descendit
692 2669 817 2752 pluvia,
827 2668 999 2751 flaverunt
1013 2669 1111 2745 venti,
1128 2670 1318 2751 inpegerunt
1333 2671 1367 2733 in
1382 2670 1516 2734 domum
1532 2670 1636 2748 illam,
1651 2679 1683 2736 et
1695 2671 1816 2749 cecidit,
1830 2681 1861 2735 et
1876 2683 1903 2719 ²⁰

500 2754 598 2861 sa‘ctn
613 2787 660 2842 est
675 2775 774 2841 ruina
790 2775 861 2838 eires
876 2795 1007 2858 magna.

1027 2907 1340 2962 INTERPRETATIO.

551 3023 651 3086 Petra
665 3020 791 3084 scilicet
807 3017 961 3084 Christus
982 3027 1042 3096 est,
1068 3029 1184 3084 auctor
1205 3019 1444 3100 apostolorum.
1460 3021 1593 3085 Domus
1621 3031 1733 3085 autem
1759 3039 1857 3104 quam

506 3129 599 3203 dicit,
613 3124 841 3189 habitaculum
858 3122 1006 3205 corporis
1022 3123 1127 3186 nostri
1140 3135 1199 3187 est.
1213 3124 1252 3187 In
1263 3124 1326 3187 hac
1338 3125 1439 3205 igitur
1455 3135 1558 3207 petra,
1574 3124 1637 3189 hoc
1654 3136 1704 3188 est
1717 3125 1858 3201 Christo,

507 3233 645 3296 domum
664 3237 810 3292 nostram
827 3224 1051 3301 aedificemus,
1066 3226 1130 3289 hoc
1146 3237 1205 3304 est,
1221 3247 1342 3310 corpus
1359 3236 1510 3292 nostrum
1531 3226 1802 3307 sanctificemus;
1824 3239 1858 3291 ut
1873 3241 1899 3291 25

507 3355 582 3399 cum
600 3333 737 3397 flumina
753 3342 785 3393 et
803 3339 922 3394 ventus
935 3330 1093 3406 venerint,
1106 3331 1169 3394 hoc
1181 3342 1242 3406 est,
1252 3331 1397 3412 impetus
1408 3332 1649 3414 persecutionis
1661 3343 1695 3396 et
1708 3333 1859 3413 procella,

507 3439 629 3522 inpulsi
647 3457 712 3500 non
730 3435 898 3498 cadamus.
916 3434 1056 3497 Harena
1071 3444 1184 3499 autem
1202 3455 1267 3499 non
1285 3435 1375 3499 aliud
1387 3455 1487 3518 quam
1501 3437 1655 3500 haereses
1667 3435 1853 3519 intelligun-

506 3555 569 3619 tur,
585 3561 670 3624 quae
685 3541 777 3603 omni
801 3547 1002 3621 tempestate
1027 3539 1213 3603 volvuntur.
1236 3539 1345 3620 Super
1372 3539 1458 3604 hanc
1486 3540 1587 3622 igitur
1610 3541 1782 3618 harenam,
1797 3541 1855 3605 hoc

507 3657 556 3711 est
579 3647 753 3720 haeresim,
770 3645 960 3726 quicunque
985 3643 1122 3707 domum
1144 3663 1250 3720 suam,
1266 3645 1329 3708 hoc
1351 3655 1412 3722 est,
1436 3665 1556 3727 corpus
1579 3666 1676 3709 suum
1701 3659 1736 3710 et
1760 3646 1853 3709 fidem

506 3773 600 3817 suam
620 3748 855 3824 aedificaverit,
870 3749 992 3811 stultus
1008 3758 1066 3811 est.
1087 3749 1171 3810 Mox
1188 3749 1277 3812 enirn
1295 3759 1331 3813 ut
1347 3748 1545 3813 advenerint
1561 3748 1699 3813 flumina
1711 3759 1746 3814 ct
1761 3750 1855 3823 venti,
1874 3764 1899 3815 ,Ὃ

506 3859 569 3923 hoc
584 3867 634 3921 est
651 3867 783 3938 tempus
800 3853 1049 3936 persecutionis,
1066 3852 1143 3915 ilico
1159 3853 1266 3916 cadet.

1103 3982 1180 4035 CAP.
1205 3985 1269 4036 x11.

550 4101 626 4164 Non
637 4108 780 4180 possunt,
792 4096 918 4177 inquid,
930 4095 999 4174 filii
1011 4095 1122 4176 sponsi
1135 4094 1288 4168 ieiunare,
1303 4094 1461 4176 quamdiu
1480 4117 1554 4160 cnm
1571 4096 1639 4160 illis
1654 4108 1702 4161 est
1715 4108 1855 4181 sponsus.

540 4251 675 4317 3rpr'neae]
687 4271 706 4316 μ
720 4252 853 4316 3spr'neG.
953 4252 1105 4315 pSpr'nae...
1120 4251 1221 4312 tribuis]
1245 4251 1285 4309 G;
1309 4219 1433 4315 ipim...
1457 4253 1562 4303 tribulor
1575 4273 1603 4318 μ.
1711 4257 1855 4306 sarnitan

505 4333 629 4393 avaritie]
641 4337 663 4384 G
676 4352 683 4392 ;
695 4335 814 4384 libidines
824 4343 848 4382 et
858 4333 997 4382 avaritiam
1012 4350 1039 4395 μ.
1130 4344 1160 4394 23
1172 4333 1281 4394 Domus]
1295 4335 1316 4382 G
1330 4353 1336 4392 ;
1351 4333 1461 4383 Densum
1475 4353 1502 4397 μ.
1587 4337 1705 4401 adquae]
1718 4341 1812 4404 p3qui
1822 4337 1851 4386 G.

508 4433 539 4480 29
559 4419 756 4481 irorestcotpus
778 4433 853 4464 snum
875 4425 898 4463 et
911 4417 992 4480 fidem
1014 4415 1098 4476 sirone]
1122 4417 1162 4474 G;
1185 4433 1234 4464 our.
1262 4433 1289 4478 μ.
1391 4429 1424 4478 30
1444 4417 1625 4482 aedificaverit]
1639 4421 1813 4482 323diraverit
1823 4421 1852 4470 G.

508 4501 709 4563 rrt]G;om.p.

552 4635 578 4690 7.
585 4611 676 4693 sacr't]
693 4617 747 4672 Mt.
768 4633 793 4685 7,
814 4617 848 4672 16
864 4634 908 4690 sq.
1251 4634 1297 4672 rr.
1314 4609 1434 4693 magno]
1451 4615 1529 4674 Ibid.
1548 4633 1644 4688 εφη.
