4060 5498
511 419 768 480 reseratus
800 421 856 479 na
887 420 1059 482 estimo
1084 423 1202 484 xcttr.
1491 411 1539 490 81

186 617 361 692 decebant,
377 637 464 698 quae
481 619 546 682 iam
566 620 673 700 inpari
694 637 835 680 numero
851 619 1051 700 virginitatis
1074 621 1236 686 sacrificIa
1261 621 1476 704 figurabant:
1499 647 1543 689 ex

187 722 310 804 quibus
334 722 410 785 Noe
433 725 476 784 de
500 724 654 804 periculis
676 723 794 787 diluvii
819 723 978 786 liberatus
1000 726 1139 806 dignum
1165 745 1209 788 ex
1234 728 1368 790 mundis
1393 729 1544 792 Domino

187 829 390 894 animalibus
414 828 536 893 obtulit
560 826 804 890 holocaustum.
831 828 941 891 Multa
964 841 1042 892 sunt
1065 849 1150 911 quae
1182 830 1347 906 dicantur,
1370 833 1428 896 sed
1462 833 1544 898 hora

185 934 409 1010 excludimur,
419 945 453 996 et
470 953 576 1016 pauca
593 933 635 994 de
653 931 807 996 laudibus
826 931 964 995 Domini
981 932 1110 996 dixisse
1126 931 1278 1000 sufficiat.
1295 934 1357 999 Cui
1371 946 1422 999 est
1439 937 1544 1018 gloria

152 1064 166 1116 5
186 1038 219 1100 In
237 1037 374 1102 saecula
388 1037 608 1100 saeculorum.
626 1035 748 1098 Amen.

594 1207 668 1280 DE
715 1205 940 1280 PSALMO
983 1205 1138 1280 XCIII.

232 1380 323 1441 Deus
337 1378 496 1440 ultionum
515 1375 688 1446 Dominus,
706 1375 798 1437 Deus
824 1373 986 1436 ultionum
1014 1373 1111 1437 libere
1126 1375 1201 1457 egit.
1218 1376 1296 1440 Sive
1314 1377 1459 1456 Patrem,
1474 1381 1545 1444 siue

188 1482 322 1558 Filium,
337 1483 407 1544 sive
425 1481 587 1562 Spiritum
604 1490 758 1543 sanctum
781 1479 919 1554 dixeris,
937 1481 1033 1542 quta
1051 1480 1215 1542 rationem
1245 1480 1423 1545 Trinitatis
1443 1505 1544 1566 quam

185 1588 219 1649 in
237 1585 413 1669 evangelio
429 1585 657 1667 exposuimus,
672 1595 705 1646 et
724 1584 817 1646 Deus
833 1595 866 1645 et
885 1583 1053 1646 Dominus
1070 1594 1129 1647 est.
1147 1584 1240 1647 Deus
1257 1585 1424 1650 ultionum
1444 1588 1546 1651 libere

134 1718 167 1752 ro
185 1692 276 1772 egit:
292 1691 395 1773 quiin
413 1689 603 1753 humilitate
619 1698 835 1776 contemptus
851 1699 911 1764 est,
928 1689 962 1750 In
980 1690 1156 1752 maiestate
1172 1700 1289 1771 postea
1314 1691 1546 1758 viodicaturus

185 1806 247 1858 est.

229 1901 399 1973 Exultare,
427 1899 487 1980 qui
512 1896 639 1961 iudicas
662 1907 793 1960 terram.
819 1895 957 1958 Terram
986 1896 1122 1970 iudicas,
1143 1897 1221 1979 quia
1249 1901 1380 1962 caelum
1410 1903 1547 1966 iudicari

186 2027 254 2068 uon
283 2014 437 2068 meretur.
466 2003 568 2078 Audi,
598 2003 774 2077 haeretice,
802 2001 972 2083 quomodo
1006 2001 1173 2064 Dominus
1197 2013 1319 2065 terram
1345 2005 1484 2069 iudicat.
1509 2006 1546 2072 Si

186 2109 220 2170 In
252 2108 346 2172 caelo
363 2110 459 2171 ruina
482 2119 543 2184 est,
569 2127 655 2191 quur
681 2127 749 2169 non
781 2117 814 2168 et
845 2107 877 2168 in
917 2107 1012 2168 caelo
1043 2105 1203 2170 iudicium
1237 2113 1311 2172 est?
1343 2107 1380 2173 Si
1412 2112 1546 2174 animae

135 2237 166 2288 ις
187 2215 221 2276 in
249 2215 345 2277 caelo
377 2224 607 2295 peccaverunt,
630 2233 716 2295 quur
741 2223 828 2276 terra
844 2211 915 2275 sola
943 2213 1136 2275 iudicatur?
1163 2212 1275 2274 Redde
1302 2212 1546 2277 retrr'butiorrem

186 2318 339 2400 superbis.
364 2317 491 2382 Omnia
514 2318 650 2400 quidem
676 2326 754 2379 sunt
777 2316 930 2379 cavenda
954 2325 1101 2396 peccata,
1125 2316 1203 2396 quia
1226 2317 1341 2378 omnia
1376 2318 1544 2382 contraria

189 2421 266 2484 Deo
291 2432 389 2499 sunt;
415 2423 474 2484 sed
500 2433 533 2485 et
557 2423 667 2484 vane:
695 2419 840 2501 superba
867 2419 1003 2482 inimica
1030 2430 1108 2481 sunt
1141 2418 1222 2482 De0.
1246 2419 1435 2484 ‘Dominus
1455 2422 1545 2486 enim

188 2526 342 2609 superbis
359 2526 493 2604 resistit,
509 2527 692 2589 humilibus
708 2537 821 2589 autem
839 2525 898 2588 dat
915 2526 1058 2606 gratiam
1072 2525 1086 2587 ’.
1105 2524 1335 2604 Superborum
1363 2537 1413 2590 est
1429 2527 1544 2590 diabo-

189 2633 240 2693 lus
256 2634 420 2713 princeps.
435 2637 443 2664 ‘
462 2630 514 2694 Ne
531 2632 564 2694 in
581 2631 747 2714 superbia,
763 2632 880 2712 inquit,
896 2629 1005 2691 elatus
1032 2631 1065 2691 In
1093 2629 1216 2692 Iudicio
1242 2630 1369 2692 incidat
1394 2629 1518 2694 diaboii
1530 2638 1545 2694 '.

132 2761 166 2794 20
188 2733 311 2798 Omnis
327 2737 416 2800 enim
433 2737 489 2817 qui
508 2737 637 2799 exaltat
659 2757 717 2800 cor
743 2755 851 2811 suum,
875 2733 1001 2796 diaboli
1028 2733 1195 2814 partIceps
1219 2742 1279 2810 est,
1300 2733 1355 2815 qui
1383 2734 1518 2797 dicebat
1540 2759 1546 2798 :

224 2938 233 2973 t
246 2925 372 2987 decebant]
385 2927 433 2975 OV
446 2943 453 2984 3
464 2926 560 2974 decebat
572 2925 632 2974 Lit.
722 2940 785 2987 quae
797 2924 849 2972 r'am
861 2924 961 2987 inpari]
975 2924 1046 2973 LOV
1059 2943 1065 2982 ;
1078 2924 1200 2988 quaedam
1213 2924 1241 2970 ia
1255 2923 1352 2985 impari
1364 2923 1400 2971 M.
1476 2921 1548 2986 figu-

185 3003 428 3070 rabantIfigurabat
440 3007 470 3056 L.
572 3021 586 3054 2
597 3007 661 3067 Nae]
672 3019 695 3054 ct
705 3006 758 3054 Nae
768 3007 804 3054 M.
907 3006 1002 3068 3lrora]
1012 3005 1098 3054 haram
1108 3005 1165 3054 OV.
1266 3001 1419 3063 4laudr'hus]
1429 3001 1454 3050 In
1465 3017 1544 3064 marg.

184 3105 251 3140 corr.
265 3107 295 3139 ex
308 3091 382 3139 laude
395 3091 425 3140 Ο.
528 3091 544 3139 6
556 3097 601 3136 DE
609 3095 739 3138 PSALMO
749 3088 842 3147 XCIII]
861 3089 898 3137 Ex
911 3105 961 3138 uno
973 3089 1060 3138 codice
1073 3087 1210 3137 Laurentio
1222 3101 1289 3135 nunc
1301 3086 1408 3150 primum
1421 3085 1547 3148 vulgatur,

184 3173 356 3222 conterendus
376 3189 432 3222 cum
456 3173 532 3236 priori
557 3181 666 3222 tractatu
691 3173 816 3232 111²,127
835 3187 892 3235 sqq.
995 3169 1203 3230 8iux1a1iusta
1226 3168 1283 3216 cod.
1388 3179 1416 3215 12
1444 3167 1548 3215 Terram

184 3256 296 3316 iudicas]
318 3255 414 3304 iudicas
433 3271 463 3304 ex
483 3257 601 3304 iudicans
612 3271 675 3305 corr.
781 3267 809 3316 13
821 3253 949 3318 quomodo]
962 3253 1034 3302 facile
1047 3269 1092 3316 pro
1103 3252 1234 3315 quoniam,
1247 3251 1400 3316 compendio
1411 3251 1550 3314 scripturae

182 3355 234 3403 qua
248 3339 313 3386 maie
325 3339 400 3387 lecto.
505 3349 531 3397 17
545 3338 588 3385 sed
595 3346 619 3385 et
629 3337 701 3385 varie
712 3336 817 3399 superba
830 3335 937 3383 inr'rm'ca
946 3341 1007 3382 surr!
1019 3332 1081 3393 Dea]
1096 3335 1124 3390 L,
1139 3331 1246 3382 fortasse
1256 3349 1301 3396 pro
1310 3334 1458 3397 sedproprdr
1465 3341 1549 3398 super-

182 3421 229 3468 dr‘a
240 3421 394 3469 inimicam
405 3421 468 3469 Deo.
571 3433 600 3481 19
611 3419 707 3484 inquit]
720 3419 869 3481 inprtidms.
971 3415 1152 3477 insuprrbr'a...
1163 3416 1192 3462 in
1199 3415 1304 3477 iudicio]
1313 3415 1369 3464 cod.
1382 3425 1546 3479 proaccusat.

183 3504 295 3564 incidat]
307 3504 405 3552 incidas
418 3505 447 3554 L.
549 3515 581 3552 20
588 3501 725 3566 particeps]
737 3499 825 3564 scrIpsi
835 3517 842 3558 ;
851 3499 968 3562 princeps
981 3495 1003 3546 L
1014 3505 1140 3560 corrupte.

234 3696 256 3733 1.
273 3676 379 3750 inpari
399 3669 531 3750 numeru]
556 3673 683 3731 Hieron.
708 3669 737 3728 iu
764 3673 839 3745 Agg.
938 3684 982 3740 13.
991 3666 1068 3725 Sr'r'rt
1083 3665 1158 3723 caelo
1169 3665 1260 3722 ruina
1271 3671 1320 3734 esl,
1328 3683 1407 3738 quur
1418 3658 1489 3742 eto]
1500 3662 1545 3722 CI.

185 3775 206 3828 r,
234 3774 243 3813 1
267 3761 318 3815 ‘et
341 3755 476 3833 inparem
499 3772 657 3814 numerum
681 3754 841 3825 solumque
893 3766 983 3822 supra
998 3747 1060 3806 111²
1076 3765 1143 3822 394,
1163 3763 1197 3820 ²5
1218 3745 1268 3804 ‘Si
1284 3746 1396 3804 cotidie
1416 3742 1447 3802 in
1462 3746 1547 3802 caeto

184 3852 374 3913 sequeretur,
388 3855 478 3913 quem
490 3835 637 3894 mundum
648 3853 713 3894 esse
723 3831 841 3908 gentilis
893 3830 998 3888 ruinae
1019 3845 1097 3901 sunt,
1121 3828 1280 3903 quomodo
1302 3825 1332 3883 in
1354 3827 1441 3884 caelo
1452 3823 1547 3901 gloria

184 3938 313 3997 quoque
327 3933 415 3996 poeta
429 3917 511 3978 novit
523 3916 765 3977 dicensNumero
774 3916 843 3971 deus
894 3914 962 3972 est?
975 3913 982 3938 ’

183 4002 449 4077 t'mparcgaudet.'
478 3999 610 4060 Pressius
634 4018 704 4058 vero
723 3997 840 4055 adrem
939 4013 982 4071 ¹5·
1002 4001 1081 4050 terra
1096 3993 1157 4049 sola
1172 3985 1336 4067 iudicatur]
1359 3988 1436 4047 Ibid.
1466 4003 1545 4061 79,7

185 4085 217 4142 in
237 4084 325 4160 epist.
345 4102 409 4158 123,
427 4103 455 4140 n.
475 4102 524 4139 12:
541 4081 652 4155 ‘Quod
669 4081 693 4140 si
709 4083 748 4139 de
760 4097 843 4136 mun·
886 4079 903 4122 -‘
920 4077 989 4134 Non
1006 4074 1089 4143 dixit,
1107 4071 1214 4130 Iudica
1225 4073 1352 4141 caelum,
1365 4070 1418 4128 sed
1430 4080 1546 4126 terram.

184 4167 239 4224 dis
252 4179 377 4240 septena
393 4175 554 4240 ponuntur,
582 4163 612 4220 id
638 4175 683 4220 est
705 4160 840 4235 imparia,
896 4159 974 4234 Ergo
998 4169 1073 4215 terra
1095 4152 1255 4224 iudicatur,
1278 4170 1339 4210 non
1365 4152 1492 4209 caelum.
1517 4149 1547 4208 Si

183 4259 216 4308 et
235 4245 265 4304 in
282 4248 339 4306 hoc
355 4245 499 4320 virgitatis
515 4263 549 4302 ac
563 4243 727 4318 pudicitiae
744 4242 843 4316 palma
895 4258 965 4316 ergo
989 4249 1065 4298 terra
1091 4233 1250 4304 iudicatur,
1277 4247 1306 4292 et
1332 4250 1393 4291 non
1419 4231 1546 4301 caelum,

185 4340 382 4388 monstratur.
395 4327 540 4402 Egressus
552 4325 632 4384 enim
646 4327 684 4385 de
695 4343 764 4382 arca
776 4323 844 4382 Noe
896 4339 966 4398 ergo
981 4319 1011 4379 in
1027 4318 1112 4376 caelo
1129 4327 1253 4390 peccata
1268 4332 1329 4372 non
1346 4313 1422 4370 fiunt
1435 4313 1450 4370 '.

186 4413 260 4470 Deo
270 4410 406 4470 victimas
416 4408 592 4478 immolavit,
605 4425 666 4466 non
687 4405 790 4480 utique
805 4406 844 4463 de
941 4404 983 4460 18.
998 4394 1143 4477 granant]
1161 4399 1220 4456 Iac.
1238 4416 1267 4468 4,
1284 4398 1309 4454 6.

187 4493 264 4571 parI,
281 4492 336 4553 sed
351 4491 391 4552 de
405 4489 511 4568 impari
529 4489 679 4549 numero'·
942 4503 985 4558 19.
1002 4476 1128 4558 diaboli]
1147 4482 1159 4538 1
1175 4479 1254 4537 Tim.
1273 4497 1299 4552 3,
1317 4479 1344 4534 ό.

241 4731 354 4773 Anecdote
365 4727 517 4770 Maredsoiaur
529 4723 573 4772 III,
584 4737 603 4774 3.
