4154 5494
585 425 842 490 TRACTATUS
864 425 922 486 DE
946 425 1115 489 PSALMO
1137 425 1296 487 CXXVII.
1515 435 1615 519 239

265 641 473 707 excomedat.
488 641 658 726 Quoniam
675 624 787 708 autem
801 641 950 707 humana
966 639 1127 723 fragilitas
1141 659 1207 706 non
1219 652 1331 725 potest
1346 644 1519 712 veritatem
1532 648 1615 714 serre

265 781 306 794 -
319 749 326 776 ¹
341 744 369 807 si
392 746 482 810 enim
508 746 701 830 iniquitates
721 747 887 812 adtendas
905 746 1060 823 Domine,
1078 745 1224 810 Domine
1238 745 1313 828 quis
1334 749 1538 818 sustinebit?
1553 753 1561 781 '
1587 755 1615 818 si

265 848 349 912 enirn
365 857 497 914 tantum
515 850 620 915 iustus
647 850 744 917 fuerit
762 851 938 926 Dominus,
954 869 1015 913 nos
1041 849 1151 913 vivere
1175 871 1240 914 non
1269 859 1447 934 possumus
1474 892 1516 906 -
1538 877 1612 940 pro·
1654 882 1656 886 ·

263 961 374 1034 pterea
389 953 535 1018 iustitiae
551 954 663 1037 ipsius,
679 956 742 1020 hoc
758 965 808 1020 est
836 955 924 1031 vino,
940 953 1186 1018 misericordiae
1209 955 1320 1022 oleum
1343 957 1537 1026 adiunctum
1555 972 1612 1027 est.

233 1073 246 1126 s
303 1054 381 1120 Ecce
394 1055 444 1120 sic
455 1055 656 1122 benedicetur
669 1059 761 1123 horno
772 1059 831 1142 qui
845 1059 938 1123 timet
951 1057 1140 1122 Dominum.
1161 1058 1231 1122 lam
1251 1059 1356 1124 multa
1373 1061 1474 1127 locuti
1489 1085 1614 1143 sumus,

262 1157 454 1225 festinemus
481 1163 523 1226 ad
551 1161 660 1228 finem.
678 1163 852 1228 Benedicat
875 1173 905 1227 te
920 1161 1085 1226 Dominus
1099 1183 1139 1226 er
1160 1162 1250 1228 Sion.
1268 1164 1322 1228 De
1346 1165 1409 1230 ista
1433 1167 1542 1233 Sion?
1569 1170 1613 1235 Et

260 1265 431 1347 quomodo
446 1265 527 1330 dicit
541 1265 627 1330 alius
643 1265 807 1350 propheta
823 1271 830 1298 ‘
847 1265 929 1331 Sion
956 1267 1049 1349 quasi
1077 1286 1155 1349 ager
1171 1267 1319 1332 arabitur
1334 1268 1367 1332 Ῥ
1385 1269 1476 1337 Dicit
1492 1281 1524 1336 et
1542 1274 1611 1337 Do·

260 1368 389 1434 minus:
412 1373 420 1401 ‘
439 1368 649 1434 Hierusalem
670 1369 893 1446 Hierusalem,
907 1388 994 1452 quae
1009 1369 1133 1434 occidis
1149 1372 1340 1455 prophetas,
1356 1385 1389 1438 et
1406 1375 1535 1458 lapidas
1554 1398 1611 1442 eos

257 1472 314 1553 qui
329 1470 372 1536 ad
389 1480 423 1536 te
437 1471 527 1535 missi
543 1482 621 1538 sunt
638 1474 654 1538 '.
672 1473 826 1556 Denique
842 1492 917 1536 cum
935 1472 1236 1556 adpropinquasset
1253 1475 1419 1542 Dominus
1431 1479 1473 1542 ad
1490 1479 1522 1543 H
1527 1481 1610 1545 ieru-

214 1595 241 1634 ιο
256 1576 370 1655 salem,
385 1585 419 1640 et
435 1575 673 1655 vidisseteam,
689 1576 788 1640 flevit.
806 1576 953 1660 Quando
969 1586 1080 1640 autern
1098 1576 1189 1642 flevit
1204 1598 1289 1658 earn,
1301 1581 1416 1664 utique
1433 1581 1610 1654 ideoflevit

257 1681 426 1756 ruituram,
449 1680 544 1763 quasi
574 1681 764 1766 perituram.
782 1669 939 1764 Denique
957 1679 1036 1763 quid
1064 1680 1169 1746 dicit?
1184 1687 1192 1714 ‘
1210 1684 1353 1766 Surgite,
1368 1705 1484 1750 eamus
1500 1686 1578 1752 hinc
1593 1687 1609 1752 ’.

258 1785 302 1850 Et
318 1786 350 1848 in
364 1785 432 1849 alio
446 1785 519 1850 loco
531 1787 610 1870 quid
624 1785 704 1849 dicit
715 1791 729 1850 i
741 1789 748 1816 ‘
760 1783 980 1867 Relinquetur
990 1784 1083 1849 vobis
1096 1783 1217 1849 domus
1227 1797 1336 1852 vestra
1348 1789 1480 1854 deserta
1491 1789 1507 1856 ’.
1518 1791 1610 1876 Ergo

255 1888 318 1954 hoc
342 1890 433 1973 quod
460 1889 551 1968 dicit,
567 1889 750 1954 Benedicat
778 1897 811 1952 te
828 1887 996 1952 Dominus
1020 1907 1065 1952 ex
1082 1887 1175 1966 Sion,
1190 1909 1256 1955 non
1284 1892 1366 1956 dicit
1391 1893 1490 1958 istam
1518 1894 1609 1975 Sion,

254 2014 356 2079 quarn
386 1995 538 2060 videmus
563 2012 635 2058 esse
656 1993 831 2056 desertam.
851 1992 948 2075 Ipsae
964 2000 1081 2075 portae
1096 2002 1129 2056 et
1155 1993 1225 2075 ipse
1241 2015 1320 2078 ager
1336 2007 1369 2061 et
1386 1997 1478 2080 ipsae
1493 2001 1608 2064 ruinae

209 2117 236 2172 ις
255 2098 337 2162 iram
355 2095 420 2162 Dei
445 2093 642 2179 significant
667 2096 809 2161 Etiamsi
835 2117 896 2160 nos
921 2096 1122 2179 ignoramus,
1147 2097 1234 2162 oculi
1260 2099 1323 2182 ipsi
1348 2100 1495 2168 clamant
1522 2103 1605 2169 iram

255 2201 402 2266 Domini.
418 2199 594 2264 Benedicat
607 2210 637 2264 te
647 2200 811 2264 Dominus
825 2221 866 2263 ex
876 2199 904 2265 S
906 2200 966 2264 rhu.
978 2198 1060 2265 Sion
1078 2199 1315 2284 interpretatur
1329 2199 1474 2283 specula,
1487 2201 1606 2268 Hieru·

254 2303 356 2370 salem
374 2305 609 2388 interpretatur
624 2305 707 2369 visio
723 2305 822 2386 pacis.
841 2302 877 2367 Si
901 2303 1014 2366 anima
1030 2313 1141 2366 nostra
1158 2301 1327 2386 speculam
1345 2302 1508 2381 habuerit,
1522 2303 1550 2367 si
1572 2303 1605 2367 in

253 2409 394 2474 sublime
410 2408 517 2488 suerit,
531 2409 560 2472 si
577 2429 642 2472 non
659 2409 702 2472 de
718 2406 855 2472 terrenis
871 2405 1076 2488 cogitaverit,
1092 2404 1149 2468 sed
1166 2405 1208 2469 de
1221 2404 1419 2471 sublimibus
1433 2430 1441 2472 r
1456 2407 1483 2470 si
1493 2407 1607 2472 anima

254 2523 365 2576 nostra
381 2510 534 2577 habuerit
549 2511 710 2575 visionem
728 2511 830 2594 pacis,
839 2509 903 2574 hoc
915 2519 975 2586 est,
985 2510 1012 2572 si
1030 2508 1181 2592 Xpistus,
1193 2510 1249 2592 qui
1266 2529 1343 2575 vera
1358 2531 1427 2593 pax
1443 2519 1503 2588 est,
1514 2510 1605 2574 habi·

201 2641 235 2678 ιο
254 2619 371 2683 taverit
387 2619 420 2682 in
437 2639 486 2696 ea,
501 2619 573 2701 ipse
590 2637 649 2681 nos
673 2617 856 2682 benedicet.
875 2616 911 2681 Si
928 2615 1128 2680 habitaverit
1155 2615 1188 2679 in
1215 2615 1311 2680 nobis
1329 2616 1479 2699 Xpistus,
1494 2625 1528 2680 et
1545 2635 1606 2680 nos

252 2721 374 2786 erimus
391 2720 483 2800 Sion,
497 2729 532 2784 et
548 2739 608 2784 nos
624 2721 745 2784 erimus
764 2719 985 2784 Hierusalem.

296 2823 343 2889 Et
357 2823 723 2908 videasfiliosfilionem
740 2835 877 2888 tuorum.
895 2823 971 2908 Ego
987 2823 1080 2887 vobis
1097 2823 1223 2905 loquor.
1239 2820 1276 2886 Si
1300 2840 1344 2884 ex
1362 2841 1437 2886 meo
1452 2841 1605 2887 sermone

251 2949 311 2994 vos
326 2928 525 3006 instruxero,
540 2928 608 2993 vidi
630 2926 714 2991 filios
731 2946 842 2991 meos:
858 2927 885 2988 si
902 2947 961 2990 vos
977 2926 1061 2990 alios
1077 2925 1311 3002 instruxeritis,
1326 2924 1394 2988 vidi
1411 2922 1495 2990 filios
1521 2923 1603 2998 filio·

251 3051 323 3097 rum
350 3051 508 3097 meorum.
540 3029 685 3096 Oremns
709 3050 790 3112 ergo
815 3029 1011 3106 Dominum,
1038 3039 1074 3094 ut
1102 3029 1285 3093 habeamus
1309 3026 1403 3104 filios,
1420 3027 1603 3096 habeamus

200 3161 231 3215 ²5
252 3145 399 3219 nepotes,
417 3146 451 3201 et
462 3155 595 3219 semper
608 3135 792 3199 habeamus
809 3132 948 3199 multam
967 3134 1169 3217 progeniem.
1187 3132 1398 3197 Festinamus
1417 3132 1500 3197 tales
1520 3132 1604 3198 filios

251 3237 377 3311 lacere:
392 3248 508 3303 sancta
534 3249 585 3304 est
601 3240 665 3303 ista
681 3237 880 3302 coniunctio.
899 3238 984 3300 Rern
1012 3237 1107 3300 vobis
1131 3234 1207 3300 dico
1235 3257 1356 3302 novam
1372 3259 1380 3302 :
1399 3239 1470 3302 sine
1487 3241 1603 3304 uxoris

251 3341 417 3426 conplexu
433 3341 544 3425 plures
561 3349 742 3406 nascuntur
758 3341 842 3404 tales
858 3338 924 3406 tilii.
940 3339 1019 3402 Pax
1031 3351 1127 3422 super
1140 3339 1274 3404 Isralrel.
1293 3340 1419 3404 Israhel
1441 3341 1602 3426 interpre-

250 3454 350 3524 tatur,
389 3445 493 3510 homo
533 3445 650 3510 videns
690 3442 811 3507 Deum.
842 3442 930 3508 Vide
965 3463 1045 3526 ergo
1090 3444 1179 3528 quod
1218 3445 1348 3512 dicitur.
1390 3447 1463 3510 Pax
1504 3468 1604 3531 super

252 3547 376 3614 Israhel
392 3568 516 3632 :super
539 3567 598 3611 eos
622 3545 679 3630 qui
707 3548 832 3611 habent
858 3555 1004 3611 mentem
1030 3547 1198 3611 videntem
1220 3547 1339 3614 Deum.
1358 3551 1456 3614 Mens
1477 3571 1550 3616 mea
1576 3553 1603 3616 si

285 3760 701 3825 texcomedutJexceruuduthorr.
770 3754 912 3818 veritatem]
921 3759 1407 3824 pABG1P;sm·rarememmeramum
1415 3763 1441 3812 S.
1510 3765 1604 3824 4rrrise·

247 3845 369 3896 ricerdiae
385 3847 476 3909 eleum]
496 3843 668 3894 misericordia
687 3859 708 3891 o.
724 3843 765 3899 (ἐς
786 3842 957 3890 ηιὺινέιονιίἱα
973 3840 1132 3892 horestes.
1197 3863 1199 3867 ’
1235 3855 1248 3906 5
1261 3839 1341 3901 honre]
1358 3859 1409 3894 om.
1423 3843 1493 3893 CGP
1504 3861 1511 3903 ;
1523 3847 1604 3895 erunis

247 3929 318 3977 horreo
329 3929 356 3979 S.
450 3922 538 3983 lucreti]
549 3925 648 3989 loquuti
660 3926 710 3988 raC.
806 3919 1067 3981 6istaSiou]Sadd.
1081 3926 1203 3988 loquitur.
1299 3921 1600 3992 Eiquorrodolexpuncr.

247 4009 274 4060 in
294 4010 322 4060 B.
426 4022 456 4060 to
464 4009 542 4073 flevit
560 4004 624 4066 eene]
642 4007 741 4072 deflevit
758 4023 777 4056 e.
794 4008 844 4070 pu.
948 4018 974 4054 ιι
996 4003 1092 4066 eamus]
1109 4008 1225 4057 chenruus
1240 4009 1266 4059 S.
1371 4021 1398 4072 17
1411 4008 1603 4071 inrubliruelin

246 4094 351 4144 sublimi
361 4092 498 4154 S‚Ccorr.
584 4083 885 4147 manducabuntur
898 4087 989 4151 uuus.
1074 4090 1229 4152 aetuorunr]
1242 4091 1365 4151 SG30m.
1380 4108 1407 4155 p.
1495 4097 1603 4158 24ergo]

245 4175 313 4226 codd
323 4193 331 4235 ς
342 4175 425 4240 igitur
436 4190 463 4237 μ.
548 4170 579 4222 28
592 4171 672 4232 tonso]
685 4171 772 4220 CPSG
784 4188 792 4231 ς
805 4185 873 4219 nreur
886 4170 935 4232 μΒ.
1021 4167 1116 4228 Derane]
1127 4171 1169 4222 SG
1182 4173 1241 4222 add.
1256 4174 1307 4221 sive
1316 4189 1401 4222 seusus
1412 4173 1499 4222 vriiens
1507 4175 1601 4227 Deum.
1622 4232 1626 4240 Ι

249 4257 314 4319 γΡέιίι
323 4273 344 4309 e.
356 4251 434 4322 quot]
445 4255 525 4306 uidete
535 4269 556 4303 e.
567 4253 632 4318 quid
642 4253 669 4304 S.

290 4458 315 4500 e.
332 4438 483 4498 sustinebit
491 4433 516 4517 t]
530 4437 576 4494 Ps.
598 4455 662 4512 129,
676 4456 702 4513 3.
996 4453 1040 4494 ιι.
1056 4430 1134 4514 nr’nc]
1152 4435 1195 4494 10.
1216 4455 1260 4508 14,
1277 4455 1325 4511 ³¹·

290 4539 315 4596 7.
330 4515 480 4599 arabitur]
497 4520 602 4578 ierem.
620 4519 666 4589 26,
688 4520 731 4576 18.
997 4535 1040 4575 12.
1057 4513 1180 4596 deserta]
1198 4517 1307 4576 Matth.
1324 4537 1370 4593 23,
1388 4521 1435 4594 38.
1452 4522 1498 4582 ct.
1514 4540 1602 4598 supra

288 4622 315 4679 9.
331 4601 415 4659 missi
426 4595 508 4679 sunt]
526 4599 631 4658 Matth.
650 4619 697 4675 23,
710 4619 756 4674 37.
953 4615 979 4672 p.
999 4615 1064 4669 220,
1082 4599 1099 4655 l.
1116 4617 1147 4654 rr
1165 4615 1209 4673 sq.

292 4703 335 4741 ιο.
344 4677 445 4760 sterne]
461 4683 533 4739 Luc.
547 4697 593 4754 19,
609 4698 655 4751 4¹·
1087 4683 1090 4690 ’
