4158 5492
516 507 518 514 .
631 429 886 495 sancturus
910 433 966 493 ns
990 434 1158 495 rsnnmo
1180 433 1290 492 var.
1579 435 1634 518 33

277 673 344 718 non
358 651 493 728 laetitia,
503 652 560 714 sed
578 649 722 714 formido
737 657 788 713 est
801 655 1022 730 peccatorum.
1035 651 1079 713 Et
1091 652 1262 733 quomodo
1275 651 1372 728 dixit,
1384 652 1474 715 Deus
1484 653 1634 717 miserca-

276 767 335 820 tur
348 755 439 820 nobb
459 765 493 820 et
516 753 681 818 benedicat
705 774 787 827 uos,·
813 761 847 816 et
871 773 962 816 nunc
983 755 1074 831 dicit,
1100 755 1279 818 Laeteutur
1299 765 1331 818 et
1352 757 1496 821 exultent
1514 769 1635 840 gentes,

276 859 430 942 quoniam
460 858 585 922 iudicas
605 857 738 940 populos
753 858 788 920 in
815 857 1008 939 aequitate?
1035 859 1178 922 Videtur
1192 859 1255 923 sibi
1281 879 1354 923 esse
1369 864 1580 926 contrarium.
1599 863 1635 928 Si

278 965 367 1029 enim
394 963 618 1028 misericordia
644 963 806 1044 indigent,
832 963 1004 1042 quomodo
1032 960 1198 1026 laetantur
1225 973 1259 1028 et
1284 963 1449 1042 exultant,
1468 966 1632 1046 ¹quoniam

243 1086 257 1140 s
277 1069 404 1134 iudicas
420 1067 564 1151 populos
580 1067 612 1130 in
630 1066 799 1150 aequitate
813 1066 825 1130 i
843 1066 1057 1148 Ubicumque
1072 1069 1161 1132 enim
1190 1067 1415 1133 misericordia
1431 1077 1490 1146 est,
1507 1070 1551 1133 ibi
1568 1090 1634 1133 non

278 1184 330 1237 est
346 1173 504 1238 iudicium
519 1196 527 1237 ε
542 1171 599 1237 ubi
615 1179 728 1236 autem
746 1173 904 1238 iudicium
922 1182 955 1236 et
972 1173 1124 1253 aequitas
1140 1173 1262 1250 iudicii,
1279 1172 1324 1236 ibi
1341 1173 1454 1256 procui
1472 1183 1522 1237 est
1539 1176 1636 1240 mise·

279 1279 429 1342 ricordia⁴
441 1276 510 1342 Sed
523 1275 586 1340 iste
597 1295 715 1340 sensus
730 1287 791 1344 est.
801 1277 983 1340 Laeteutur
992 1285 1024 1338 ct
1033 1277 1179 1339 exultent
1187 1287 1299 1358 gentes
1310 1299 1323 1341 .·
1338 1298 1440 1360 quare
1453 1279 1637 1346 laetentur?

283 1381 445 1462 Quonr'crm
462 1379 589 1446 iudicas
595 1380 731 1462 populos
757 1382 792 1445 r'n
807 1380 971 1465 aequitate
981 1404 993 1446 .·
1008 1381 1167 1464 quoniam
1196 1400 1408 1466 nequaquam
1425 1382 1548 1467 accipis
1564 1405 1636 1467 per·

279 1505 396 1551 sonam
414 1485 511 1551 unius
527 1484 646 1566 gentis,
661 1483 719 1550 sed
747 1486 898 1549 omnium
918 1485 1010 1549 Deus
1027 1505 1070 1549 es.
1099 1485 1176 1549 Non
1194 1485 1254 1550 tibi
1271 1485 1334 1550 soli
1363 1486 1478 1551 Iudaei
1494 1487 1639 1572 placent,

230 1613 261 1652 ro
280 1591 337 1656 sed
354 1589 464 1655 omnis
481 1589 626 1654 mundus
642 1598 719 1652 tuus
735 1599 795 1656 est.
812 1589 914 1654 Dicat
930 1589 1072 1674 aliquis:
1088 1589 1168 1654 Vim
1188 1587 1268 1653 tacis
1283 1588 1475 1671 scripturae,
1492 1610 1558 1657 non
1576 1593 1638 1658 hoc

281 1715 379 1760 sensu
391 1695 489 1760 dixit.
503 1693 744 1776 interpretetur
756 1714 791 1757 se
805 1693 876 1778 ipsa
889 1694 1061 1776 scriptura,
1073 1712 1159 1776 quae
1171 1692 1326 1778 loquitur,
1338 1692 1502 1771 Quoniam
1515 1696 1641 1762 iudicas

275 1798 408 1882 populus
431 1799 465 1861 r'n
490 1797 660 1879 aequitare.
688 1797 783 1880 Quos
807 1797 978 1884 populos?
994 1797 1042 1860 Et
1063 1808 1177 1879 gentes
1202 1797 1236 1860 irr
1253 1809 1341 1860 terra
1365 1799 1495 1882 dirrges.
1513 1801 1640 1866 Gentes

254 1954 259 1961 .
283 1923 367 1985 quae
383 1911 461 1964 ante
474 1920 539 1965 non
554 1909 644 1963 recto
655 1901 742 1983 pede
757 1901 1004 1984 gradiebantur,
1015 1912 1132 1983 gentes
1145 1921 1232 1983 quae
1243 1912 1322 1966 ante
1339 1923 1405 1967 non
1418 1915 1508 1970 recto
1524 1907 1639 1972 itinere

283 2005 529 2088 gradiebantur,
545 2002 649 2066 iecisti
667 2024 724 2067 eas
740 2015 776 2069 ut
801 2005 1011 2069 ambuiarent
1028 2005 1060 2067 in
1078 2005 1131 2068 via
1156 2017 1235 2070 tua:
1253 2016 1288 2069 ut
1312 2026 1588 2088 cognosceremus
1605 2011 1637 2074 in

232 2123 263 2178 ¹⁵
284 2121 369 2174 terra
385 2110 472 2173 viam
490 2119 593 2184 tuam,
610 2119 647 2172 ut
670 2109 918 2174 ambularemus
935 2109 968 2172 in
985 2109 1047 2185 via,
1063 2128 1129 2172 non
1146 2109 1179 2171 in
1208 2109 1278 2186 viis,
1294 2119 1330 2173 ut
1346 2129 1405 2191 per
1431 2132 1530 2177 unam
1547 2115 1634 2180 viam

283 2215 471 2278 veniremus
486 2213 528 2276 ad
546 2222 590 2290 tc,
600 2213 644 2275 de
659 2233 727 2295 quo
743 2214 890 2277 nascitur
905 2213 968 2276 via.
982 2213 1060 2276 Non
1077 2214 1166 2278 enim
1179 2213 1266 2276 imus
1283 2213 1326 2276 ad
1345 2213 1487 2292 Patrem,
1504 2218 1566 2281 nisi
1579 2239 1638 2302 per

285 2319 414 2383 Filium.
432 2317 532 2382 Dicat
559 2316 699 2400 aliquis:
716 2317 933 2381 Atrianorum
959 2317 1084 2399 dogma
1100 2327 1159 2384 est.
1176 2317 1268 2399 Ergo
1284 2336 1342 2400 per
1369 2318 1492 2383 Filium
1510 2323 1640 2388 venitur

283 2425 325 2488 ad
345 2424 500 2486 Patrem?
518 2421 593 2504 Ego
610 2423 673 2486 hoc
689 2422 775 2500 dico,
789 2422 949 2504 quoniam
966 2440 1025 2503 per
1040 2422 1220 2503 imaginem
1250 2422 1336 2485 imus
1351 2424 1394 2486 ad
1412 2423 1540 2504 faciem,
1557 2439 1590 2492 et
1606 2431 1638 2494 in

284 2525 409 2589 lumine
424 2525 575 2588 videmus
591 2524 714 2599 iumen,
727 2523 758 2585 in
774 2521 860 2586 Fiiio
876 2523 1027 2587 videmus
1044 2523 1187 2586 Patrem.
1205 2521 1403 2604 Mysterium
1420 2533 1454 2588 et
1469 2526 1640 2610 dispensa·

232 2649 266 2686 ro
285 2630 334 2693 tio
347 2637 398 2692 est
413 2646 499 2712 quae
516 2627 670 2712 loquitur.
687 2627 843 2692 Ceterum
859 2627 886 2689 si
913 2627 988 2708 quis
1005 2635 1101 2708 putat
1128 2645 1201 2690 esse
1217 2625 1459 2708 blasphemum,
1479 2633 1638 2714 quoniam

285 2735 372 2798 viam
388 2731 538 2796 diximus
555 2731 687 2810 Filium,
702 2741 736 2796 et
751 2751 811 2813 per
829 2731 917 2794 viam
943 2731 1031 2794 imus
1046 2730 1142 2812 quasi
1158 2730 1200 2794 ad
1220 2729 1340 2808 Deum,
1367 2732 1541 2799 uideamus
1556 2737 1638 2803 haec

286 2841 357 2923 ipsa
373 2839 425 2902 via
441 2837 521 2921 quid
538 2839 638 2904 dicat.
653 2843 661 2872 ⁴
679 2837 791 2900 Nemo
806 2835 897 2898 venit
912 2835 955 2898 ad
973 2853 1036 2911 me,
1052 2834 1115 2897 nisi
1143 2835 1240 2897 Pater
1257 2853 1350 2896 meus
1366 2836 1547 2903 adduxerit
1563 2861 1637 2905 eum

286 2944 328 3008 ad
357 2962 418 3006 me.
434 2943 441 2969 ’
459 2938 642 3024 Quomodo
668 2959 748 3022 ergo
765 2939 868 3001 Filius
893 2937 985 3002 ducit
1000 2937 1043 3001 ad
1074 2937 1217 3015 Patrem,
1233 2939 1280 3000 sic
1304 2947 1339 3001 et
1364 2940 1462 3003 Pater
1488 2943 1581 3008 ducit
1596 2947 1638 3008 ad

288 3046 417 3110 Filium.
437 3045 533 3109 Haec
548 3044 696 3109 humana
712 3042 813 3106 verba
828 3051 914 3106 sunt.
932 3040 1089 3105 Ceterum
1106 3047 1140 3106 et
1160 3039 1264 3104 Filius
1280 3042 1373 3107 ducit
1387 3047 1431 3107 ad
1449 3045 1591 3126 Patrem,
1608 3060 1640 3112 et

235 3169 266 3226 ²5
289 3151 384 3212 Pater
399 3149 492 3213 ducit
508 3148 551 3213 ad
568 3147 713 3212 Filium:
729 3155 763 3208 et
779 3165 845 3208 una
861 3154 990 3222 natura,
1006 3164 1072 3208 una
1088 3144 1275 3208 substantia
1291 3155 1350 3211 est.

332 3253 556 3338 Confitcantur
568 3249 752 3333 tibipopuli
765 3247 857 3312 Deus
871 3248 937 3310 iam
954 3267 1054 3330 supra
1070 3248 1213 3324 dixerat,
1225 3258 1259 3311 et
1274 3250 1307 3312 in
1325 3250 1390 3315 isto
1399 3254 1538 3335 parvulo
1553 3258 1641 3340 psal·

288 3379 343 3422 mo
358 3357 420 3422 hos
434 3358 520 3422 duos
536 3355 713 3421 versiculos
730 3353 849 3418 iterum
866 3353 994 3435 repetit.
1013 3352 1156 3418 Dixerat
1171 3353 1260 3418 enim
1278 3373 1377 3438 supra
1389 3360 1396 3387 ‘
1410 3357 1643 3426 confiteantur

288 3463 347 3528 tibi
363 3462 487 3546 popuii,
504 3462 606 3538 Deus,
629 3457 850 3524 confiteantur
867 3457 926 3522 tibi
944 3457 1059 3540 popuii
1084 3477 1211 3524 omnes.
1228 3458 1412 3526 Laeteutur
1427 3473 1460 3527 et
1488 3467 1641 3532 exultent

288 3577 403 3648 gentes
419 3567 426 3594 ’
442 3575 475 3630 et
491 3575 621 3629 cetera:
636 3573 670 3628 et
687 3581 775 3626 nunc
791 3579 903 3624 rursus
919 3559 1038 3642 repetit
1055 3560 1115 3624 hos
1131 3561 1222 3644 ipsos
1239 3565 1426 3630 versiculos.
1440 3566 1545 3651 Quasi
1562 3593 1641 3654 apo·

239 3695 271 3748 ³0
288 3669 364 3734 stoli
379 3668 577 3754 praecinunt
593 3667 721 3733 cunctis
737 3665 902 3749 gentibus.
919 3669 926 3698 ‘
944 3665 1053 3748 Saepe
1069 3678 1349 3748 expugnaverunt
1366 3691 1419 3735 me
1435 3693 1455 3735 a
1472 3675 1643 3740 iuventute

320 3878 512 3948 tcontrarium]
525 3883 590 3934 codd
601 3898 608 3942 ς
626 3881 768 3932 contrarius
781 3877 805 3948 β.
908 3889 921 3942 5
934 3871 1011 3936 enim]
1028 3895 1078 3928 om.
1093 3881 1125 3929 G.
1229 3896 1259 3933 to
1269 3885 1313 3934 hoc
1323 3889 1408 3951 sensu]
1424 3890 1452 3937 iu
1471 3890 1514 3939 hoc
1524 3907 1597 3940 sensu
1610 3893 1641 3941 G.

291 3977 316 4016 tt
329 3963 520 4032 interpretetur]
532 3969 716 4031 interpretatur
727 3960 751 4030 β.
822 3975 851 4010 12
862 3957 965 4025 diriges]
974 3962 1048 4014 codd.
1064 3965 1131 4024 (Lxx
1145 3959 1294 4034 ὁδηγήσεις)
1305 3984 1312 4027 ;
1323 3969 1416 4033 dirigis
1429 3970 1453 4038 β.
1526 3985 1553 4035 13
1562 3983 1646 4037 gentes

287 4063 310 4112 q.
324 4065 349 4098 a.
362 4065 388 4099 rr.
400 4065 423 4099 r.
437 4043 728 4113 utmregradrebantur]
740 4062 791 4097 um.
815 4043 850 4113 βὸ
862 4064 869 4104 ;
883 4047 906 4096 G
922 4047 973 4098 duo
986 4047 1100 4096 membra
1124 4047 1157 4096 itu
1170 4051 1320 4113 permiscet:
1339 4061 1425 4115 genter
1435 4071 1499 4118 quae
1516 4064 1646 4106 antemio

287 4131 642 4198 rtmnprdcgradr'edarrtur.
714 4141 744 4190 14
754 4127 805 4190 cas]
816 4143 853 4178 eor
865 4128 897 4180 G.
977 4130 1006 4178 ἐκ
1018 4130 1062 4178 urb
1073 4129 1181 4191 treclin
1195 4131 1265 4180 viam
1276 4139 1350 4182 tunm
1362 4133 1386 4201 β.
1458 4139 1646 4200 tsnorrr'nvir's

289 4213 389 4276 utlnorr
407 4215 436 4264 in
454 4215 568 4264 irrvir'set
580 4211 605 4282 β
676 4212 706 4262 16
726 4209 1007 4272 nascitur1nasceretur
1025 4211 1056 4261 G.
1160 4213 1191 4260 26
1211 4209 1250 4271 r'rr]
1270 4229 1320 4265 om.
1336 4216 1366 4266 C.
1467 4215 1522 4277 isto]
1542 4220 1594 4285 ipso
1614 4221 1643 4270 B.

290 4293 592 4368 cyborJSehordroor.
607 4295 684 4348 BCG.
765 4291 835 4358 duos]
845 4296 912 4346 duur
922 4296 955 4348 G.
1036 4293 1239 4358 ver-sr'culosiom.
1254 4300 1280 4352 S.
1361 4314 1393 4367 ²9
1404 4298 1456 4362 hos]
1467 4305 1541 4366 rrBr
1561 4306 1603 4355 hoc
1613 4306 1642 4358 C.

290 4373 421 4443 ipsos]om.
433 4375 459 4448 β.

331 4563 379 4620 14.
396 4543 498 4622 secr'str'
514 4563 562 4606 ear
583 4555 616 4606 ut
635 4539 831 4626 anibulareut]
860 4545 941 4608 Nota
983 4545 1141 4622 sccistr'eas
1154 4551 1310 4613 arribulare.

289 4635 491 4714 graecanicam
520 4633 684 4698 dictionem
711 4625 804 4692 ποιέω
893 4627 941 4692 ἵνα
1036 4648 1080 4705 19.
1097 4631 1225 4692 irritamus
1238 4631 1348 4717 laurea]
1366 4639 1410 4697 Ps.
1430 4657 1477 4716 35,
1498 4663 1539 4702 ιο,

290 4737 357 4778 cum
392 4715 562 4779 accusativo
590 4729 619 4778 et
654 4718 855 4790 coniunctim,
886 4739 939 4798 pro
1034 4730 1078 4770 ²²·
1096 4710 1204 4795 adme]
1220 4717 1263 4775 lo.
1281 4721 1309 4790 6,
1326 4739 1373 4794 44.

341 4847 454 4894 Anecdota
463 4847 616 4890 Meredrolana
627 4845 671 4899 111,
681 4861 700 4894 ι.
