<?xml version="1.0" encoding="UTF-8"?>
<!DOCTYPE html PUBLIC "-//W3C//DTD XHTML 1.0 Transitional//EN"
    "http://www.w3.org/TR/xhtml1/DTD/xhtml1-transitional.dtd">
<html xmlns="http://www.w3.org/1999/xhtml" xml:lang="en" lang="en">
 <head>
  <title>
</title>
<meta http-equiv="Content-Type" content="text/html;charset=utf-8" />
  <meta name='ocr-system' content='tesseract 3.04.00' />
  <meta name='ocr-capabilities' content='ocr_page ocr_carea ocr_par ocr_line ocrx_word'/>
</head>
<body>
  <div class='ocr_page' id='page_1' title='image "./commentarioliin00morigoog/commentarioliin00morigoog_0712.png"; bbox 0 0 4060 5498; ppageno 0'>
   <div class='ocr_carea' id='block_1_1' title="bbox 685 421 1550 494">
    <p class='ocr_par' dir='ltr' id='par_1_1' title="bbox 685 421 1550 494">
     <span class='ocr_line' id='line_1_1' title="bbox 685 421 1550 494; baseline 0.012 -10"><span class='ocrx_word' id='word_1_1' title='bbox 685 425 733 484; x_wconf 89' lang='lat' dir='ltr'>IN</span> <span class='ocrx_word' id='word_1_2' title='bbox 756 421 916 484; x_wconf 81' lang='lat' dir='ltr'>ESAIAM</span> <span class='ocrx_word' id='word_1_3' title='bbox 940 421 963 493; x_wconf 90' lang='lat'>1,</span> <span class='ocrx_word' id='word_1_4' title='bbox 991 424 1047 482; x_wconf 83' lang='lat'>1-6.</span> <span class='ocrx_word' id='word_1_5' title='bbox 1477 435 1550 494; x_wconf 91' lang='lat'>101</span> 
     </span>
    </p>
   </div>
   <div class='ocr_carea' id='block_1_2' title="bbox 146 621 1558 3512">
    <p class='ocr_par' dir='ltr' id='par_1_2' title="bbox 163 621 1556 1229">
     <span class='ocr_line' id='line_1_2' title="bbox 193 621 1554 706; baseline 0.001 -20"><span class='ocrx_word' id='word_1_6' title='bbox 193 625 319 688; x_wconf 90' lang='lat' dir='ltr'>scelera</span> <span class='ocrx_word' id='word_1_7' title='bbox 346 623 621 706; x_wconf 82' lang='lat' dir='ltr'>perpetraverint,</span> <span class='ocrx_word' id='word_1_8' title='bbox 640 633 753 687; x_wconf 90' lang='lat' dir='ltr'>tamen</span> <span class='ocrx_word' id='word_1_9' title='bbox 780 641 845 703; x_wconf 90' lang='lat' dir='ltr'>ego</span> <span class='ocrx_word' id='word_1_10' title='bbox 870 641 936 684; x_wconf 91' lang='lat' dir='ltr'>non</span> <span class='ocrx_word' id='word_1_11' title='bbox 953 621 1066 684; x_wconf 79' lang='lat' dir='ltr'>dimisi</span> <span class='ocrx_word' id='word_1_12' title='bbox 1083 640 1151 697; x_wconf 86' lang='lat' dir='ltr'>eos,</span> <span class='ocrx_word' id='word_1_13' title='bbox 1169 623 1228 685; x_wconf 88' lang='lat' dir='ltr'>sed</span> <span class='ocrx_word' id='word_1_14' title='bbox 1246 623 1425 704; x_wconf 85' lang='lat' dir='ltr'>expectavi</span> <span class='ocrx_word' id='word_1_15' title='bbox 1443 633 1479 687; x_wconf 91' lang='lat' dir='ltr'>ut</span> <span class='ocrx_word' id='word_1_16' title='bbox 1496 623 1554 688; x_wconf 90' lang='lat' dir='ltr'>ali·</span> 
     </span>
     <span class='ocr_line' id='line_1_3' title="bbox 193 726 1552 811; baseline -0.001 -19"><span class='ocrx_word' id='word_1_17' title='bbox 193 728 332 811; x_wconf 90' lang='lat' dir='ltr'>quando</span> <span class='ocrx_word' id='word_1_18' title='bbox 358 729 401 790; x_wconf 87' lang='lat' dir='ltr'>ad</span> <span class='ocrx_word' id='word_1_19' title='bbox 430 747 483 790; x_wconf 87' lang='lat' dir='ltr'>me</span> <span class='ocrx_word' id='word_1_20' title='bbox 510 737 776 804; x_wconf 86' lang='lat' dir='ltr'>reverterentur;</span> <span class='ocrx_word' id='word_1_21' title='bbox 803 726 851 790; x_wconf 93' lang='lat' dir='ltr'>illi</span> <span class='ocrx_word' id='word_1_22' title='bbox 877 735 992 788; x_wconf 89' lang='lat' dir='ltr'>autem</span> <span class='ocrx_word' id='word_1_23' title='bbox 1018 735 1166 788; x_wconf 88' lang='lat' dir='ltr'>stantem</span> <span class='ocrx_word' id='word_1_24' title='bbox 1199 745 1253 789; x_wconf 92' lang='lat' dir='ltr'>me</span> <span class='ocrx_word' id='word_1_25' title='bbox 1283 737 1317 788; x_wconf 88' lang='lat' dir='ltr'>et</span> <span class='ocrx_word' id='word_1_26' title='bbox 1349 729 1552 807; x_wconf 82' lang='lat' dir='ltr'>pandentem</span> 
     </span>
     <span class='ocr_line' id='line_1_4' title="bbox 195 829 1553 914; baseline -0.001 -19"><span class='ocrx_word' id='word_1_27' title='bbox 195 852 314 895; x_wconf 89' lang='lat' dir='ltr'>manus</span> <span class='ocrx_word' id='word_1_28' title='bbox 341 833 384 896; x_wconf 91' lang='lat' dir='ltr'>ad</span> <span class='ocrx_word' id='word_1_29' title='bbox 414 831 659 913; x_wconf 91' lang='lat' dir='ltr'>paenitentiam</span> <span class='ocrx_word' id='word_1_30' title='bbox 685 849 799 894; x_wconf 90' lang='lat' dir='ltr'>eorum</span> <span class='ocrx_word' id='word_1_31' title='bbox 827 830 1086 911; x_wconf 88' lang='lat' dir='ltr'>dereliquerunt.</span> <span class='ocrx_word' id='word_1_32' title='bbox 1103 829 1148 892; x_wconf 88' lang='lat' dir='ltr'>Et</span> <span class='ocrx_word' id='word_1_33' title='bbox 1176 849 1242 893; x_wconf 89' lang='lat' dir='ltr'>nou</span> <span class='ocrx_word' id='word_1_34' title='bbox 1260 829 1308 891; x_wconf 89' lang='lat' dir='ltr'>eis</span> <span class='ocrx_word' id='word_1_35' title='bbox 1324 829 1447 894; x_wconf 87' lang='lat' dir='ltr'>sufficit</span> <span class='ocrx_word' id='word_1_36' title='bbox 1463 834 1553 914; x_wconf 86' lang='lat' dir='ltr'>quod</span> 
     </span>
     <span class='ocr_line' id='line_1_5' title="bbox 186 927 1555 1017; baseline -0.001 -18"><span class='ocrx_word' id='word_1_37' title='bbox 186 935 430 1017; x_wconf 79' lang='lat' dir='ltr'>dereliquerint</span> <span class='ocrx_word' id='word_1_38' title='bbox 456 935 584 1016; x_wconf 88' lang='lat' dir='ltr'>(videte</span> <span class='ocrx_word' id='word_1_39' title='bbox 609 927 739 1010; x_wconf 81' lang='grc' dir='ltr'>αὔξησιν</span> <span class='ocrx_word' id='word_1_40' title='bbox 766 933 1005 1016; x_wconf 88' lang='lat' dir='ltr'>peccatorum),</span> <span class='ocrx_word' id='word_1_41' title='bbox 1031 933 1090 994; x_wconf 91' lang='lat' dir='ltr'>sed</span> <span class='ocrx_word' id='word_1_42' title='bbox 1117 933 1218 996; x_wconf 88' lang='lat' dir='ltr'>etiam</span> <span class='ocrx_word' id='word_1_43' title='bbox 1245 932 1555 1016; x_wconf 75' lang='lat' dir='ltr'>blasphemaverunt</span> 
     </span>
     <span class='ocr_line' id='line_1_6' title="bbox 163 1041 1556 1124; baseline -0.001 -17"><span class='ocrx_word' id='word_1_44' title='bbox 163 1043 356 1119; x_wconf 68' lang='lat' dir='ltr'>sSnnctnm</span> <span class='ocrx_word' id='word_1_45' title='bbox 379 1042 514 1118; x_wconf 77' lang='lat' dir='ltr'>Israhel,</span> <span class='ocrx_word' id='word_1_46' title='bbox 527 1041 711 1106; x_wconf 82' lang='lat' dir='ltr'>abalienati</span> <span class='ocrx_word' id='word_1_47' title='bbox 733 1051 812 1104; x_wconf 89' lang='lat' dir='ltr'>snnt</span> <span class='ocrx_word' id='word_1_48' title='bbox 835 1050 1039 1104; x_wconf 84' lang='lat' dir='ltr'>retrorsum:</span> <span class='ocrx_word' id='word_1_49' title='bbox 1067 1041 1099 1103; x_wconf 90' lang='lat' dir='ltr'>id</span> <span class='ocrx_word' id='word_1_50' title='bbox 1124 1051 1184 1118; x_wconf 89' lang='lat' dir='ltr'>est,</span> <span class='ocrx_word' id='word_1_51' title='bbox 1201 1042 1264 1104; x_wconf 91' lang='lat' dir='ltr'>hoc</span> <span class='ocrx_word' id='word_1_52' title='bbox 1282 1053 1464 1124; x_wconf 89' lang='lat' dir='ltr'>coeperunt</span> <span class='ocrx_word' id='word_1_53' title='bbox 1482 1063 1556 1106; x_wconf 83' lang='lat' dir='ltr'>esse</span> 
     </span>
     <span class='ocr_line' id='line_1_7' title="bbox 193 1146 1230 1229; baseline -0.001 -19"><span class='ocrx_word' id='word_1_54' title='bbox 193 1149 282 1229; x_wconf 92' lang='lat' dir='ltr'>quod</span> <span class='ocrx_word' id='word_1_55' title='bbox 301 1155 381 1210; x_wconf 87' lang='lat' dir='ltr'>ante</span> <span class='ocrx_word' id='word_1_56' title='bbox 400 1146 540 1224; x_wconf 80' lang='lat' dir='ltr'>fuerant,</span> <span class='ocrx_word' id='word_1_57' title='bbox 557 1157 740 1228; x_wconf 85' lang='lat' dir='ltr'>antequam</span> <span class='ocrx_word' id='word_1_58' title='bbox 761 1165 836 1208; x_wconf 89' lang='lat' dir='ltr'>meo</span> <span class='ocrx_word' id='word_1_59' title='bbox 853 1146 990 1210; x_wconf 89' lang='lat' dir='ltr'>nomine</span> <span class='ocrx_word' id='word_1_60' title='bbox 1004 1155 1230 1210; x_wconf 87' lang='lat' dir='ltr'>censerentur.</span> 
     </span>
    </p>

    <p class='ocr_par' dir='ltr' id='par_1_3' title="bbox 194 1248 1555 1542">
     <span class='ocr_line' id='line_1_8' title="bbox 238 1248 1553 1331; baseline 0 -16"><span class='ocrx_word' id='word_1_61' title='bbox 238 1250 347 1331; x_wconf 75' lang='lat' dir='ltr'>Super</span> <span class='ocrx_word' id='word_1_62' title='bbox 366 1271 427 1331; x_wconf 88' lang='lat' dir='ltr'>quo</span> <span class='ocrx_word' id='word_1_63' title='bbox 445 1250 627 1331; x_wconf 81' lang='lat' dir='ltr'>percutiam</span> <span class='ocrx_word' id='word_1_64' title='bbox 653 1271 709 1314; x_wconf 85' lang='lat' dir='ltr'>vos</span> <span class='ocrx_word' id='word_1_65' title='bbox 734 1251 823 1313; x_wconf 88' lang='lat' dir='ltr'>nltrn</span> <span class='ocrx_word' id='word_1_66' title='bbox 837 1248 991 1312; x_wconf 79' lang='lat' dir='ltr'>addentes</span> <span class='ocrx_word' id='word_1_67' title='bbox 1010 1248 1356 1328; x_wconf 81' lang='lat' dir='ltr'>praevaricationem?</span> <span class='ocrx_word' id='word_1_68' title='bbox 1375 1253 1495 1315; x_wconf 88' lang='lat' dir='ltr'>Poena</span> <span class='ocrx_word' id='word_1_69' title='bbox 1511 1253 1553 1314; x_wconf 93' lang='lat' dir='ltr'>ad</span> 
     </span>
     <span class='ocr_line' id='line_1_9' title="bbox 194 1352 1553 1436; baseline 0 -20"><span class='ocrx_word' id='word_1_70' title='bbox 194 1356 256 1417; x_wconf 89' lang='lat' dir='ltr'>hoc</span> <span class='ocrx_word' id='word_1_71' title='bbox 274 1354 413 1417; x_wconf 81' lang='lat' dir='ltr'>infertur</span> <span class='ocrx_word' id='word_1_72' title='bbox 429 1376 448 1416; x_wconf 88' lang='lat' dir='ltr'>a</span> <span class='ocrx_word' id='word_1_73' title='bbox 466 1354 627 1430; x_wconf 90' lang='lat' dir='ltr'>Domino,</span> <span class='ocrx_word' id='word_1_74' title='bbox 643 1355 739 1436; x_wconf 88' lang='lat' dir='ltr'>quasi</span> <span class='ocrx_word' id='word_1_75' title='bbox 757 1373 775 1415; x_wconf 91' lang='lat' dir='ltr'>a</span> <span class='ocrx_word' id='word_1_76' title='bbox 793 1373 871 1416; x_wconf 88' lang='lat' dir='ltr'>vero</span> <span class='ocrx_word' id='word_1_77' title='bbox 884 1352 1026 1426; x_wconf 89' lang='lat' dir='ltr'>medico,</span> <span class='ocrx_word' id='word_1_78' title='bbox 1038 1362 1074 1415; x_wconf 92' lang='lat' dir='ltr'>ut</span> <span class='ocrx_word' id='word_1_79' title='bbox 1086 1371 1144 1433; x_wconf 89' lang='lat' dir='ltr'>per</span> <span class='ocrx_word' id='word_1_80' title='bbox 1155 1355 1304 1417; x_wconf 91' lang='lat' dir='ltr'>cauteria</span> <span class='ocrx_word' id='word_1_81' title='bbox 1314 1365 1347 1417; x_wconf 91' lang='lat' dir='ltr'>et</span> <span class='ocrx_word' id='word_1_82' title='bbox 1359 1355 1553 1418; x_wconf 87' lang='lat' dir='ltr'>mordacem</span> 
     </span>
     <span class='ocr_line' id='line_1_10' title="bbox 194 1456 1555 1542; baseline 0.001 -22"><span class='ocrx_word' id='word_1_83' title='bbox 194 1459 364 1542; x_wconf 90' lang='lat' dir='ltr'>pulverem</span> <span class='ocrx_word' id='word_1_84' title='bbox 383 1458 509 1520; x_wconf 86' lang='lat' dir='ltr'>sanitas</span> <span class='ocrx_word' id='word_1_85' title='bbox 524 1459 757 1540; x_wconf 79' lang='lat' dir='ltr'>subsequatur.</span> <span class='ocrx_word' id='word_1_86' title='bbox 778 1457 867 1539; x_wconf 89' lang='lat' dir='ltr'>Ergo</span> <span class='ocrx_word' id='word_1_87' title='bbox 884 1457 973 1538; x_wconf 91' lang='lat' dir='ltr'>quod</span> <span class='ocrx_word' id='word_1_88' title='bbox 990 1456 1071 1519; x_wconf 92' lang='lat' dir='ltr'>dicit</span> <span class='ocrx_word' id='word_1_89' title='bbox 1084 1457 1148 1519; x_wconf 91' lang='lat' dir='ltr'>boc</span> <span class='ocrx_word' id='word_1_90' title='bbox 1160 1466 1230 1522; x_wconf 89' lang='lat' dir='ltr'>est:</span> <span class='ocrx_word' id='word_1_91' title='bbox 1246 1457 1356 1521; x_wconf 88' lang='lat' dir='ltr'>Multa</span> <span class='ocrx_word' id='word_1_92' title='bbox 1370 1459 1555 1540; x_wconf 88' lang='lat' dir='ltr'>emplastra</span> 
     </span>
    </p>

    <p class='ocr_par' dir='ltr' id='par_1_4' title="bbox 148 1559 1555 2058">
     <span class='ocr_line' id='line_1_11' title="bbox 148 1559 1555 1644; baseline 0.004 -25"><span class='ocrx_word' id='word_1_93' title='bbox 148 1586 178 1620; x_wconf 79' lang='grc' dir='ltr'>ιο</span> <span class='ocrx_word' id='word_1_94' title='bbox 194 1562 346 1643; x_wconf 85' lang='lat' dir='ltr'>adposui,</span> <span class='ocrx_word' id='word_1_95' title='bbox 371 1559 511 1624; x_wconf 89' lang='lat' dir='ltr'>diversis</span> <span class='ocrx_word' id='word_1_96' title='bbox 540 1561 818 1625; x_wconf 85' lang='lat' dir='ltr'>medicaminibus</span> <span class='ocrx_word' id='word_1_97' title='bbox 845 1578 961 1623; x_wconf 89' lang='lat' dir='ltr'>curare</span> <span class='ocrx_word' id='word_1_98' title='bbox 987 1579 1047 1622; x_wconf 84' lang='lat' dir='ltr'>vos</span> <span class='ocrx_word' id='word_1_99' title='bbox 1075 1560 1174 1636; x_wconf 87' lang='lat' dir='ltr'>volui,</span> <span class='ocrx_word' id='word_1_100' title='bbox 1191 1581 1257 1624; x_wconf 91' lang='lat' dir='ltr'>non</span> <span class='ocrx_word' id='word_1_101' title='bbox 1285 1563 1421 1626; x_wconf 91' lang='lat' dir='ltr'>invenio</span> <span class='ocrx_word' id='word_1_102' title='bbox 1448 1582 1555 1644; x_wconf 89' lang='lat' dir='ltr'>genus</span> 
     </span>
     <span class='ocr_line' id='line_1_12' title="bbox 195 1665 1552 1748; baseline 0 -20"><span class='ocrx_word' id='word_1_103' title='bbox 195 1665 342 1742; x_wconf 88' lang='lat' dir='ltr'>remedii,</span> <span class='ocrx_word' id='word_1_104' title='bbox 357 1685 434 1728; x_wconf 92' lang='lat' dir='ltr'>cum</span> <span class='ocrx_word' id='word_1_105' title='bbox 450 1675 563 1730; x_wconf 84' lang='lat' dir='ltr'>vestra</span> <span class='ocrx_word' id='word_1_106' title='bbox 578 1667 702 1729; x_wconf 88' lang='lat' dir='ltr'>cotidie</span> <span class='ocrx_word' id='word_1_107' title='bbox 718 1665 896 1748; x_wconf 86' lang='lat' dir='ltr'>aegritudo</span> <span class='ocrx_word' id='word_1_108' title='bbox 912 1677 1098 1726; x_wconf 86' lang='lat' dir='ltr'>succrescat</span> <span class='ocrx_word' id='word_1_109' title='bbox 1114 1687 1120 1727; x_wconf 95' lang='lat'><strong>:</strong></span> <span class='ocrx_word' id='word_1_110' title='bbox 1136 1685 1202 1728; x_wconf 90' lang='lat' dir='ltr'>non</span> <span class='ocrx_word' id='word_1_111' title='bbox 1221 1665 1340 1742; x_wconf 89' lang='lat' dir='ltr'>solum,</span> <span class='ocrx_word' id='word_1_112' title='bbox 1353 1665 1473 1748; x_wconf 90' lang='lat' dir='ltr'>inquit,</span> <span class='ocrx_word' id='word_1_113' title='bbox 1486 1685 1552 1728; x_wconf 90' lang='lat' dir='ltr'>non</span> 
     </span>
     <span class='ocr_line' id='line_1_13' title="bbox 195 1766 1555 1852; baseline 0.001 -22"><span class='ocrx_word' id='word_1_114' title='bbox 195 1769 358 1831; x_wconf 87' lang='lat' dir='ltr'>sanamini</span> <span class='ocrx_word' id='word_1_115' title='bbox 375 1789 395 1832; x_wconf 92' lang='lat' dir='ltr'>a</span> <span class='ocrx_word' id='word_1_116' title='bbox 412 1770 577 1852; x_wconf 89' lang='lat' dir='ltr'>prioribus</span> <span class='ocrx_word' id='word_1_117' title='bbox 593 1771 693 1845; x_wconf 89' lang='lat' dir='ltr'>vitiis,</span> <span class='ocrx_word' id='word_1_118' title='bbox 705 1770 763 1832; x_wconf 89' lang='lat' dir='ltr'>sed</span> <span class='ocrx_word' id='word_1_119' title='bbox 777 1779 810 1832; x_wconf 89' lang='lat' dir='ltr'>et</span> <span class='ocrx_word' id='word_1_120' title='bbox 828 1788 882 1830; x_wconf 91' lang='lat' dir='ltr'>me</span> <span class='ocrx_word' id='word_1_121' title='bbox 898 1787 1012 1831; x_wconf 88' lang='lat' dir='ltr'>curare</span> <span class='ocrx_word' id='word_1_122' title='bbox 1028 1766 1162 1830; x_wconf 89' lang='lat' dir='ltr'>volente</span> <span class='ocrx_word' id='word_1_123' title='bbox 1179 1769 1290 1849; x_wconf 88' lang='lat' dir='ltr'>priora</span> <span class='ocrx_word' id='word_1_124' title='bbox 1308 1781 1455 1850; x_wconf 89' lang='lat' dir='ltr'>peccata,</span> <span class='ocrx_word' id='word_1_125' title='bbox 1468 1791 1555 1834; x_wconf 88' lang='lat' dir='ltr'>nova</span> 
     </span>
     <span class='ocr_line' id='line_1_14' title="bbox 194 1869 1555 1954; baseline 0.002 -20"><span class='ocrx_word' id='word_1_126' title='bbox 194 1870 365 1954; x_wconf 88' lang='lat' dir='ltr'>adponitis</span> <span class='ocrx_word' id='word_1_127' title='bbox 392 1872 538 1937; x_wconf 88' lang='lat' dir='ltr'>vulnera.</span> <span class='ocrx_word' id='word_1_128' title='bbox 563 1873 755 1954; x_wconf 81' lang='lat' dir='ltr'>Superque</span> <span class='ocrx_word' id='word_1_129' title='bbox 783 1872 964 1953; x_wconf 85' lang='lat' dir='ltr'>percutiam</span> <span class='ocrx_word' id='word_1_130' title='bbox 990 1890 1047 1932; x_wconf 86' lang='lat' dir='ltr'>vos</span> <span class='ocrx_word' id='word_1_131' title='bbox 1074 1869 1196 1934; x_wconf 83' lang='lat' dir='ltr'>ultra?</span> <span class='ocrx_word' id='word_1_132' title='bbox 1225 1871 1331 1953; x_wconf 82' lang='lat' dir='ltr'>Quasi</span> <span class='ocrx_word' id='word_1_133' title='bbox 1364 1872 1555 1938; x_wconf 90' lang='lat' dir='ltr'>dubitantis</span> 
     </span>
     <span class='ocr_line' id='line_1_15' title="bbox 195 1974 1554 2058; baseline 0.004 -23"><span class='ocrx_word' id='word_1_134' title='bbox 195 1975 296 2038; x_wconf 86' lang='lat' dir='ltr'>verba</span> <span class='ocrx_word' id='word_1_135' title='bbox 308 1986 406 2040; x_wconf 89' lang='lat' dir='ltr'>sunt:</span> <span class='ocrx_word' id='word_1_136' title='bbox 422 1977 486 2038; x_wconf 86' lang='lat' dir='ltr'>hoc</span> <span class='ocrx_word' id='word_1_137' title='bbox 503 1986 564 2054; x_wconf 88' lang='lat' dir='ltr'>est,</span> <span class='ocrx_word' id='word_1_138' title='bbox 576 1979 608 2038; x_wconf 92' lang='lat' dir='ltr'>in</span> <span class='ocrx_word' id='word_1_139' title='bbox 627 1996 695 2058; x_wconf 92' lang='lat' dir='ltr'>quo</span> <span class='ocrx_word' id='word_1_140' title='bbox 710 1996 769 2039; x_wconf 87' lang='lat' dir='ltr'>vos</span> <span class='ocrx_word' id='word_1_141' title='bbox 785 1995 899 2038; x_wconf 88' lang='lat' dir='ltr'>sanem</span> <span class='ocrx_word' id='word_1_142' title='bbox 914 1981 926 2036; x_wconf 82' lang='lat' dir='ltr'>i</span> <span class='ocrx_word' id='word_1_143' title='bbox 943 1974 1031 2056; x_wconf 84' lang='lat' dir='ltr'>Quia</span> <span class='ocrx_word' id='word_1_144' title='bbox 1047 1975 1138 2038; x_wconf 91' lang='lat' dir='ltr'>enim</span> <span class='ocrx_word' id='word_1_145' title='bbox 1156 1975 1255 2056; x_wconf 86' lang='lat' dir='ltr'>plaga</span> <span class='ocrx_word' id='word_1_146' title='bbox 1274 1975 1412 2040; x_wconf 90' lang='lat' dir='ltr'>Domini</span> <span class='ocrx_word' id='word_1_147' title='bbox 1430 1978 1473 2040; x_wconf 92' lang='lat' dir='ltr'>ad</span> <span class='ocrx_word' id='word_1_148' title='bbox 1490 1979 1554 2041; x_wconf 92' lang='lat' dir='ltr'>hoc</span> 
     </span>
    </p>

    <p class='ocr_par' dir='ltr' id='par_1_5' title="bbox 149 2077 1554 2369">
     <span class='ocr_line' id='line_1_16' title="bbox 149 2077 1554 2162; baseline 0.004 -25"><span class='ocrx_word' id='word_1_149' title='bbox 149 2101 177 2152; x_wconf 82' lang='lat'>15</span> <span class='ocrx_word' id='word_1_150' title='bbox 196 2080 342 2159; x_wconf 91' lang='lat' dir='ltr'>percutit</span> <span class='ocrx_word' id='word_1_151' title='bbox 360 2091 395 2142; x_wconf 93' lang='lat' dir='ltr'>ut</span> <span class='ocrx_word' id='word_1_152' title='bbox 412 2081 579 2156; x_wconf 90' lang='lat' dir='ltr'>emendet,</span> <span class='ocrx_word' id='word_1_153' title='bbox 595 2081 637 2142; x_wconf 90' lang='lat' dir='ltr'>ad</span> <span class='ocrx_word' id='word_1_154' title='bbox 654 2080 718 2143; x_wconf 90' lang='lat' dir='ltr'>hoc</span> <span class='ocrx_word' id='word_1_155' title='bbox 745 2080 887 2162; x_wconf 89' lang='lat' dir='ltr'>castigat</span> <span class='ocrx_word' id='word_1_156' title='bbox 915 2088 951 2142; x_wconf 91' lang='lat' dir='ltr'>ut</span> <span class='ocrx_word' id='word_1_157' title='bbox 977 2088 1082 2153; x_wconf 88' lang='lat' dir='ltr'>sanet,</span> <span class='ocrx_word' id='word_1_158' title='bbox 1097 2077 1190 2156; x_wconf 91' lang='lat' dir='ltr'>dicit,</span> <span class='ocrx_word' id='word_1_159' title='bbox 1206 2077 1316 2160; x_wconf 87' lang='lat' dir='ltr'>Super</span> <span class='ocrx_word' id='word_1_160' title='bbox 1342 2099 1411 2161; x_wconf 91' lang='lat' dir='ltr'>quo</span> <span class='ocrx_word' id='word_1_161' title='bbox 1439 2099 1554 2161; x_wconf 91' lang='lat' dir='ltr'>percu-</span> 
     </span>
     <span class='ocr_line' id='line_1_17' title="bbox 196 2181 1554 2267; baseline 0.004 -23"><span class='ocrx_word' id='word_1_162' title='bbox 196 2183 303 2245; x_wconf 86' lang='lat' dir='ltr'>tiam?</span> <span class='ocrx_word' id='word_1_163' title='bbox 319 2182 382 2246; x_wconf 92' lang='lat' dir='ltr'>hoc</span> <span class='ocrx_word' id='word_1_164' title='bbox 400 2193 459 2260; x_wconf 91' lang='lat' dir='ltr'>est,</span> <span class='ocrx_word' id='word_1_165' title='bbox 475 2185 581 2265; x_wconf 86' lang='lat' dir='ltr'>quasi,</span> <span class='ocrx_word' id='word_1_166' title='bbox 597 2183 698 2266; x_wconf 84' lang='lat' dir='ltr'>Quod</span> <span class='ocrx_word' id='word_1_167' title='bbox 715 2183 809 2246; x_wconf 90' lang='lat' dir='ltr'>vobis</span> <span class='ocrx_word' id='word_1_168' title='bbox 826 2183 986 2264; x_wconf 92' lang='lat' dir='ltr'>inponam</span> <span class='ocrx_word' id='word_1_169' title='bbox 1003 2181 1235 2262; x_wconf 79' lang='lat' dir='ltr'>emplastrum,</span> <span class='ocrx_word' id='word_1_170' title='bbox 1248 2184 1403 2247; x_wconf 83' lang='lat' dir='ltr'>addentes</span> <span class='ocrx_word' id='word_1_171' title='bbox 1411 2197 1554 2267; x_wconf 85' lang='lat' dir='ltr'>praeva-</span> 
     </span>
     <span class='ocr_line' id='line_1_18' title="bbox 197 2285 1249 2369; baseline 0 -20"><span class='ocrx_word' id='word_1_172' title='bbox 197 2285 405 2350; x_wconf 85' lang='lat' dir='ltr'>ricationem:</span> <span class='ocrx_word' id='word_1_173' title='bbox 421 2308 496 2351; x_wconf 90' lang='lat' dir='ltr'>cum</span> <span class='ocrx_word' id='word_1_174' title='bbox 513 2289 636 2351; x_wconf 88' lang='lat' dir='ltr'>cotidie</span> <span class='ocrx_word' id='word_1_175' title='bbox 652 2288 746 2350; x_wconf 89' lang='lat' dir='ltr'>novis</span> <span class='ocrx_word' id='word_1_176' title='bbox 763 2287 911 2369; x_wconf 90' lang='lat' dir='ltr'>peccatis</span> <span class='ocrx_word' id='word_1_177' title='bbox 926 2297 1041 2348; x_wconf 86' lang='lat' dir='ltr'>vetera</span> <span class='ocrx_word' id='word_1_178' title='bbox 1056 2286 1221 2367; x_wconf 90' lang='lat' dir='ltr'>copuletis</span> <span class='ocrx_word' id='word_1_179' title='bbox 1237 2288 1249 2350; x_wconf 86' lang='grc'>1</span> 
     </span>
    </p>

    <p class='ocr_par' dir='ltr' id='par_1_6' title="bbox 245 2388 1555 2475">
     <span class='ocr_line' id='line_1_19' title="bbox 245 2388 1555 2475; baseline 0.005 -24"><span class='ocrx_word' id='word_1_180' title='bbox 245 2388 330 2452; x_wconf 91' lang='lat' dir='ltr'>illud</span> <span class='ocrx_word' id='word_1_181' title='bbox 348 2399 461 2454; x_wconf 87' lang='lat' dir='ltr'>autem</span> <span class='ocrx_word' id='word_1_182' title='bbox 478 2393 568 2473; x_wconf 91' lang='lat' dir='ltr'>quod</span> <span class='ocrx_word' id='word_1_183' title='bbox 587 2391 689 2472; x_wconf 90' lang='lat' dir='ltr'>paulo</span> <span class='ocrx_word' id='word_1_184' title='bbox 705 2400 782 2454; x_wconf 86' lang='lat' dir='ltr'>ante</span> <span class='ocrx_word' id='word_1_185' title='bbox 797 2389 958 2464; x_wconf 89' lang='lat' dir='ltr'>diximus,</span> <span class='ocrx_word' id='word_1_186' title='bbox 974 2389 1157 2471; x_wconf 87' lang='lat' dir='ltr'>propbetas</span> <span class='ocrx_word' id='word_1_187' title='bbox 1185 2409 1257 2453; x_wconf 87' lang='lat' dir='ltr'>esse</span> <span class='ocrx_word' id='word_1_188' title='bbox 1286 2392 1433 2457; x_wconf 86' lang='lat' dir='ltr'>medicos</span> <span class='ocrx_word' id='word_1_189' title='bbox 1459 2395 1555 2475; x_wconf 91' lang='lat' dir='ltr'>spiri·</span> 
     </span>
    </p>

    <p class='ocr_par' dir='ltr' id='par_1_7' title="bbox 146 2493 1558 3512">
     <span class='ocr_line' id='line_1_20' title="bbox 197 2493 1555 2575; baseline 0.003 -19"><span class='ocrx_word' id='word_1_190' title='bbox 197 2493 291 2570; x_wconf 86' lang='lat' dir='ltr'>tales,</span> <span class='ocrx_word' id='word_1_191' title='bbox 318 2504 351 2556; x_wconf 88' lang='lat' dir='ltr'>et</span> <span class='ocrx_word' id='word_1_192' title='bbox 382 2495 477 2575; x_wconf 93' lang='lat' dir='ltr'>quasi</span> <span class='ocrx_word' id='word_1_193' title='bbox 511 2505 618 2558; x_wconf 90' lang='lat' dir='ltr'>totum</span> <span class='ocrx_word' id='word_1_194' title='bbox 651 2513 757 2574; x_wconf 85' lang='lat' dir='ltr'>genus</span> <span class='ocrx_word' id='word_1_195' title='bbox 787 2512 902 2557; x_wconf 88' lang='lat' dir='ltr'>curare</span> <span class='ocrx_word' id='word_1_196' title='bbox 929 2493 1132 2572; x_wconf 89' lang='lat' dir='ltr'>morborum,</span> <span class='ocrx_word' id='word_1_197' title='bbox 1161 2513 1250 2557; x_wconf 91' lang='lat' dir='ltr'>nunc</span> <span class='ocrx_word' id='word_1_198' title='bbox 1279 2495 1555 2560; x_wconf 75' lang='lat' dir='ltr'>manifestissimo</span> 
     </span>
     <span class='ocr_line' id='line_1_21' title="bbox 147 2596 1554 2682; baseline 0.003 -23"><span class='ocrx_word' id='word_1_199' title='bbox 147 2623 180 2658; x_wconf 86' lang='lat'>20</span> <span class='ocrx_word' id='word_1_200' title='bbox 197 2596 433 2681; x_wconf 85' lang='lat' dir='ltr'>[monstratur]</span> <span class='ocrx_word' id='word_1_201' title='bbox 458 2598 628 2680; x_wconf 86' lang='lat' dir='ltr'>exemplo.</span> <span class='ocrx_word' id='word_1_202' title='bbox 654 2598 779 2661; x_wconf 88' lang='lat' dir='ltr'>Videte</span> <span class='ocrx_word' id='word_1_203' title='bbox 802 2597 892 2660; x_wconf 90' lang='lat' dir='ltr'>enim</span> <span class='ocrx_word' id='word_1_204' title='bbox 919 2597 1083 2679; x_wconf 88' lang='lat' dir='ltr'>scriptura</span> <span class='ocrx_word' id='word_1_205' title='bbox 1108 2599 1188 2680; x_wconf 92' lang='lat' dir='ltr'>quid</span> <span class='ocrx_word' id='word_1_206' title='bbox 1214 2599 1314 2664; x_wconf 88' lang='lat' dir='ltr'>dicat.</span> <span class='ocrx_word' id='word_1_207' title='bbox 1340 2600 1443 2664; x_wconf 87' lang='lat' dir='ltr'>Omne</span> <span class='ocrx_word' id='word_1_208' title='bbox 1457 2610 1554 2682; x_wconf 84' lang='lat' dir='ltr'>capnt</span> 
     </span>
     <span class='ocr_line' id='line_1_22' title="bbox 196 2700 1555 2784; baseline 0.001 -18"><span class='ocrx_word' id='word_1_209' title='bbox 196 2702 402 2784; x_wconf 74' lang='lat' dir='ltr'>lungendum,</span> <span class='ocrx_word' id='word_1_210' title='bbox 415 2711 447 2766; x_wconf 90' lang='lat' dir='ltr'>et</span> <span class='ocrx_word' id='word_1_211' title='bbox 460 2724 553 2766; x_wconf 88' lang='lat' dir='ltr'>omne</span> <span class='ocrx_word' id='word_1_212' title='bbox 566 2723 620 2766; x_wconf 88' lang='lat' dir='ltr'>cor</span> <span class='ocrx_word' id='word_1_213' title='bbox 634 2722 797 2766; x_wconf 84' lang='lat' dir='ltr'>moerens:</span> <span class='ocrx_word' id='word_1_214' title='bbox 818 2723 839 2764; x_wconf 85' lang='lat' dir='ltr'>a</span> <span class='ocrx_word' id='word_1_215' title='bbox 849 2701 968 2782; x_wconf 82' lang='lat' dir='ltr'>planta</span> <span class='ocrx_word' id='word_1_216' title='bbox 978 2700 1073 2782; x_wconf 83' lang='lat' dir='ltr'>pedis</span> <span class='ocrx_word' id='word_1_217' title='bbox 1087 2722 1185 2784; x_wconf 86' lang='lat' dir='ltr'>usqne</span> <span class='ocrx_word' id='word_1_218' title='bbox 1199 2702 1247 2766; x_wconf 88' lang='lat' dir='ltr'>ad</span> <span class='ocrx_word' id='word_1_219' title='bbox 1259 2704 1408 2768; x_wconf 84' lang='lat' dir='ltr'>verticem</span> <span class='ocrx_word' id='word_1_220' title='bbox 1425 2725 1488 2768; x_wconf 88' lang='lat' dir='ltr'>non</span> <span class='ocrx_word' id='word_1_221' title='bbox 1505 2715 1555 2768; x_wconf 91' lang='lat' dir='ltr'>est</span> 
     </span>
     <span class='ocr_line' id='line_1_23' title="bbox 197 2804 1555 2890; baseline 0.001 -20"><span class='ocrx_word' id='word_1_222' title='bbox 197 2805 233 2870; x_wconf 86' lang='lat' dir='ltr'>e&#39;n</span> <span class='ocrx_word' id='word_1_223' title='bbox 254 2827 288 2869; x_wconf 86' lang='lat' dir='ltr'>eo</span> <span class='ocrx_word' id='word_1_224' title='bbox 309 2807 439 2870; x_wconf 81' lang='lat' dir='ltr'>sanitas</span> <span class='ocrx_word' id='word_1_225' title='bbox 449 2829 461 2870; x_wconf 95' lang='lat'><em>:</em></span> <span class='ocrx_word' id='word_1_226' title='bbox 485 2806 613 2881; x_wconf 82' lang='lat' dir='ltr'>vulnus,</span> <span class='ocrx_word' id='word_1_227' title='bbox 627 2816 659 2868; x_wconf 92' lang='lat' dir='ltr'>et</span> <span class='ocrx_word' id='word_1_228' title='bbox 673 2805 768 2882; x_wconf 83' lang='lat' dir='ltr'>livor,</span> <span class='ocrx_word' id='word_1_229' title='bbox 783 2815 815 2868; x_wconf 91' lang='lat' dir='ltr'>et</span> <span class='ocrx_word' id='word_1_230' title='bbox 826 2805 926 2886; x_wconf 82' lang='lat' dir='ltr'>plaga</span> <span class='ocrx_word' id='word_1_231' title='bbox 940 2813 1077 2868; x_wconf 87' lang='lat' dir='ltr'>tumens.</span> <span class='ocrx_word' id='word_1_232' title='bbox 1095 2804 1210 2870; x_wconf 91' lang='lat' dir='ltr'>Omne</span> <span class='ocrx_word' id='word_1_233' title='bbox 1225 2817 1327 2889; x_wconf 89' lang='lat' dir='ltr'>caput</span> <span class='ocrx_word' id='word_1_234' title='bbox 1345 2807 1555 2890; x_wconf 86' lang='lat' dir='ltr'>languidum,</span> 
     </span>
     <span class='ocr_line' id='line_1_24' title="bbox 198 2909 1555 2992; baseline 0 -18"><span class='ocrx_word' id='word_1_235' title='bbox 198 2925 231 2975; x_wconf 88' lang='lat' dir='ltr'>ct</span> <span class='ocrx_word' id='word_1_236' title='bbox 248 2932 349 2976; x_wconf 87' lang='lat' dir='ltr'>omne</span> <span class='ocrx_word' id='word_1_237' title='bbox 364 2931 421 2974; x_wconf 91' lang='lat' dir='ltr'>cor</span> <span class='ocrx_word' id='word_1_238' title='bbox 439 2931 600 2975; x_wconf 88' lang='lat' dir='ltr'>moerens.</span> <span class='ocrx_word' id='word_1_239' title='bbox 615 2911 822 2992; x_wconf 88' lang='lat' dir='ltr'>Frequenter</span> <span class='ocrx_word' id='word_1_240' title='bbox 833 2909 1011 2985; x_wconf 90' lang='lat' dir='ltr'>admoneo,</span> <span class='ocrx_word' id='word_1_241' title='bbox 1024 2919 1060 2972; x_wconf 89' lang='lat' dir='ltr'>ut</span> <span class='ocrx_word' id='word_1_242' title='bbox 1073 2910 1105 2971; x_wconf 93' lang='lat' dir='ltr'>in</span> <span class='ocrx_word' id='word_1_243' title='bbox 1124 2911 1295 2991; x_wconf 90' lang='lat' dir='ltr'>prophetis</span> <span class='ocrx_word' id='word_1_244' title='bbox 1308 2911 1409 2972; x_wconf 89' lang='lat' dir='ltr'>verba</span> <span class='ocrx_word' id='word_1_245' title='bbox 1422 2911 1555 2992; x_wconf 88' lang='lat' dir='ltr'>singula</span> 
     </span>
     <span class='ocr_line' id='line_1_25' title="bbox 198 3013 1554 3096; baseline -0.001 -18"><span class='ocrx_word' id='word_1_246' title='bbox 198 3015 472 3091; x_wconf 86' lang='lat' dir='ltr'>consideremus;</span> <span class='ocrx_word' id='word_1_247' title='bbox 496 3015 622 3078; x_wconf 90' lang='lat' dir='ltr'>idcirco</span> <span class='ocrx_word' id='word_1_248' title='bbox 644 3016 733 3077; x_wconf 87' lang='lat' dir='ltr'>euim</span> <span class='ocrx_word' id='word_1_249' title='bbox 757 3015 941 3077; x_wconf 90' lang='lat' dir='ltr'>secundum</span> <span class='ocrx_word' id='word_1_250' title='bbox 966 3013 1141 3077; x_wconf 90' lang='lat' dir='ltr'>historiam</span> <span class='ocrx_word' id='word_1_251' title='bbox 1166 3013 1317 3096; x_wconf 90' lang='lat' dir='ltr'>inperitis</span> <span class='ocrx_word' id='word_1_252' title='bbox 1342 3015 1471 3078; x_wconf 92' lang='lat' dir='ltr'>utilitas</span> <span class='ocrx_word' id='word_1_253' title='bbox 1488 3035 1554 3077; x_wconf 89' lang='lat' dir='ltr'>non</span> 
     </span>
     <span class='ocr_line' id='line_1_26' title="bbox 146 3115 1557 3200; baseline 0.002 -21"><span class='ocrx_word' id='word_1_254' title='bbox 146 3140 179 3191; x_wconf 82' lang='lat'>25</span> <span class='ocrx_word' id='word_1_255' title='bbox 199 3139 264 3182; x_wconf 91' lang='lat' dir='ltr'>nou</span> <span class='ocrx_word' id='word_1_256' title='bbox 290 3119 429 3193; x_wconf 84' lang='lat' dir='ltr'>videtur,</span> <span class='ocrx_word' id='word_1_257' title='bbox 445 3119 523 3200; x_wconf 91' lang='lat' dir='ltr'>quia</span> <span class='ocrx_word' id='word_1_258' title='bbox 548 3138 613 3181; x_wconf 91' lang='lat' dir='ltr'>non</span> <span class='ocrx_word' id='word_1_259' title='bbox 632 3117 831 3200; x_wconf 88' lang='lat' dir='ltr'>intellegunt</span> <span class='ocrx_word' id='word_1_260' title='bbox 847 3117 938 3199; x_wconf 89' lang='lat' dir='ltr'>quod</span> <span class='ocrx_word' id='word_1_261' title='bbox 955 3116 1085 3181; x_wconf 88' lang='lat' dir='ltr'>dicitur.</span> <span class='ocrx_word' id='word_1_262' title='bbox 1102 3115 1215 3181; x_wconf 91' lang='lat' dir='ltr'>Omne</span> <span class='ocrx_word' id='word_1_263' title='bbox 1231 3131 1334 3200; x_wconf 89' lang='lat' dir='ltr'>caput</span> <span class='ocrx_word' id='word_1_264' title='bbox 1350 3119 1557 3199; x_wconf 90' lang='lat' dir='ltr'>languidum,</span> 
     </span>
     <span class='ocr_line' id='line_1_27' title="bbox 197 3219 1557 3306; baseline 0 -20"><span class='ocrx_word' id='word_1_265' title='bbox 197 3233 231 3287; x_wconf 95' lang='lat' dir='ltr'>et</span> <span class='ocrx_word' id='word_1_266' title='bbox 243 3243 343 3286; x_wconf 92' lang='lat' dir='ltr'>omne</span> <span class='ocrx_word' id='word_1_267' title='bbox 355 3245 412 3287; x_wconf 90' lang='lat' dir='ltr'>cor</span> <span class='ocrx_word' id='word_1_268' title='bbox 429 3242 589 3288; x_wconf 85' lang='lat' dir='ltr'>moerens.</span> <span class='ocrx_word' id='word_1_269' title='bbox 608 3222 644 3286; x_wconf 89' lang='lat' dir='ltr'>Si</span> <span class='ocrx_word' id='word_1_270' title='bbox 660 3223 735 3304; x_wconf 91' lang='lat' dir='ltr'>quis</span> <span class='ocrx_word' id='word_1_271' title='bbox 751 3222 983 3304; x_wconf 82' lang='lat' dir='ltr'>aegrotaverit,</span> <span class='ocrx_word' id='word_1_272' title='bbox 995 3220 1047 3284; x_wconf 89' lang='lat' dir='ltr'>vel</span> <span class='ocrx_word' id='word_1_273' title='bbox 1063 3219 1261 3284; x_wconf 89' lang='lat' dir='ltr'>difficillimo</span> <span class='ocrx_word' id='word_1_274' title='bbox 1280 3224 1398 3286; x_wconf 91' lang='lat' dir='ltr'>morbo</span> <span class='ocrx_word' id='word_1_275' title='bbox 1410 3224 1557 3306; x_wconf 86' lang='lat' dir='ltr'>corporis</span> 
     </span>
     <span class='ocr_line' id='line_1_28' title="bbox 196 3324 1558 3410; baseline -0.001 -20"><span class='ocrx_word' id='word_1_276' title='bbox 196 3346 377 3410; x_wconf 89' lang='lat' dir='ltr'>oppressus</span> <span class='ocrx_word' id='word_1_277' title='bbox 400 3327 510 3404; x_wconf 89' lang='lat' dir='ltr'>iuerit,</span> <span class='ocrx_word' id='word_1_278' title='bbox 534 3326 688 3389; x_wconf 91' lang='lat' dir='ltr'>habuerit</span> <span class='ocrx_word' id='word_1_279' title='bbox 711 3335 824 3389; x_wconf 92' lang='lat' dir='ltr'>autem</span> <span class='ocrx_word' id='word_1_280' title='bbox 848 3327 995 3388; x_wconf 89' lang='lat' dir='ltr'>animam</span> <span class='ocrx_word' id='word_1_281' title='bbox 1014 3324 1198 3402; x_wconf 89' lang='lat' dir='ltr'>laetiorem,</span> <span class='ocrx_word' id='word_1_282' title='bbox 1214 3324 1391 3390; x_wconf 87' lang='lat' dir='ltr'>infirmitas</span> <span class='ocrx_word' id='word_1_283' title='bbox 1406 3327 1558 3409; x_wconf 88' lang='lat' dir='ltr'>corporis</span> 
     </span>
     <span class='ocr_line' id='line_1_29' title="bbox 198 3429 1557 3512; baseline 0.001 -20"><span class='ocrx_word' id='word_1_284' title='bbox 198 3429 325 3494; x_wconf 87' lang='lat' dir='ltr'>laetitia</span> <span class='ocrx_word' id='word_1_285' title='bbox 356 3432 460 3493; x_wconf 93' lang='lat' dir='ltr'>animi</span> <span class='ocrx_word' id='word_1_286' title='bbox 491 3440 708 3497; x_wconf 89' lang='lat' dir='ltr'>sustentatur.</span> <span class='ocrx_word' id='word_1_287' title='bbox 741 3429 871 3493; x_wconf 90' lang='lat' dir='ltr'>Rursus</span> <span class='ocrx_word' id='word_1_288' title='bbox 902 3429 930 3492; x_wconf 91' lang='lat' dir='ltr'>si</span> <span class='ocrx_word' id='word_1_289' title='bbox 962 3429 1083 3512; x_wconf 90' lang='lat' dir='ltr'>aliquis</span> <span class='ocrx_word' id='word_1_290' title='bbox 1116 3448 1299 3493; x_wconf 89' lang='lat' dir='ltr'>moerorem</span> <span class='ocrx_word' id='word_1_291' title='bbox 1333 3431 1497 3505; x_wconf 88' lang='lat' dir='ltr'>habuerit,</span> <span class='ocrx_word' id='word_1_292' title='bbox 1524 3440 1557 3494; x_wconf 85' lang='lat' dir='ltr'>et</span> 
     </span>
    </p>
   </div>
   <div class='ocr_carea' id='block_1_3' title="bbox 196 3595 1559 4398">
    <p class='ocr_par' dir='ltr' id='par_1_8' title="bbox 196 3595 1559 4398">
     <span class='ocr_line' id='line_1_30' title="bbox 230 3595 1557 3659; baseline -0.001 -14"><span class='ocrx_word' id='word_1_293' title='bbox 230 3595 416 3659; x_wconf 76' lang='lat' dir='ltr'>apandentem]</span> <span class='ocrx_word' id='word_1_294' title='bbox 426 3597 607 3659; x_wconf 73' lang='lat' dir='ltr'>expandentem</span> <span class='ocrx_word' id='word_1_295' title='bbox 619 3597 648 3656; x_wconf 91' lang='lat' dir='ltr'>B,</span> <span class='ocrx_word' id='word_1_296' title='bbox 661 3613 693 3645; x_wconf 85' lang='lat' dir='ltr'>ex</span> <span class='ocrx_word' id='word_1_297' title='bbox 705 3595 778 3646; x_wconf 87' lang='lat' dir='ltr'>initio</span> <span class='ocrx_word' id='word_1_298' title='bbox 789 3595 871 3647; x_wconf 90' lang='lat' dir='ltr'>lineae</span> <span class='ocrx_word' id='word_1_299' title='bbox 890 3595 1014 3646; x_wconf 89' lang='lat' dir='ltr'>additum.</span> <span class='ocrx_word' id='word_1_300' title='bbox 1114 3610 1131 3656; x_wconf 85' lang='lat'>4</span> <span class='ocrx_word' id='word_1_301' title='bbox 1149 3595 1342 3659; x_wconf 79' lang='lat' dir='ltr'>dereliquerint]</span> <span class='ocrx_word' id='word_1_302' title='bbox 1361 3596 1399 3654; x_wconf 86' lang='lat' dir='ltr'>B;</span> <span class='ocrx_word' id='word_1_303' title='bbox 1416 3595 1557 3658; x_wconf 84' lang='lat' dir='ltr'>derelique-</span> 
     </span>
     <span class='ocr_line' id='line_1_31' title="bbox 196 3669 1552 3743; baseline 0 -16"><span class='ocrx_word' id='word_1_304' title='bbox 196 3683 262 3727; x_wconf 80' lang='lat' dir='ltr'>runt</span> <span class='ocrx_word' id='word_1_305' title='bbox 274 3694 301 3740; x_wconf 88' lang='grc' dir='ltr'>μ.</span> <span class='ocrx_word' id='word_1_306' title='bbox 429 3669 715 3740; x_wconf 63' lang='lat' dir='ltr'>aiiqotuannxerr&#39;n</span> <span class='ocrx_word' id='word_1_307' title='bbox 729 3695 756 3742; x_wconf 88' lang='grc' dir='ltr'>μ.</span> <span class='ocrx_word' id='word_1_308' title='bbox 857 3677 1122 3743; x_wconf 69' lang='lat' dir='ltr'>blaspheliarsenr.</span> <span class='ocrx_word' id='word_1_309' title='bbox 1134 3677 1166 3726; x_wconf 90' lang='lat' dir='ltr'>V.</span> <span class='ocrx_word' id='word_1_310' title='bbox 1268 3676 1406 3740; x_wconf 72' lang='lat' dir='ltr'>slsrahel]</span> <span class='ocrx_word' id='word_1_311' title='bbox 1417 3677 1512 3726; x_wconf 81' lang='lat' dir='ltr'>Srahel</span> <span class='ocrx_word' id='word_1_312' title='bbox 1522 3677 1552 3727; x_wconf 99' lang='lat' dir='ltr'>V.</span> 
     </span>
     <span class='ocr_line' id='line_1_32' title="bbox 197 3758 1557 3824; baseline 0.001 -18"><span class='ocrx_word' id='word_1_313' title='bbox 197 3759 346 3820; x_wconf 83' lang='lat' dir='ltr'>retrorsum]</span> <span class='ocrx_word' id='word_1_314' title='bbox 357 3767 479 3808; x_wconf 77' lang='lat' dir='ltr'>retrosum</span> <span class='ocrx_word' id='word_1_315' title='bbox 492 3761 523 3811; x_wconf 92' lang='lat' dir='ltr'>V.</span> <span class='ocrx_word' id='word_1_316' title='bbox 589 3762 804 3824; x_wconf 78' lang='lat' dir='ltr'>yadnec1adhnc</span> <span class='ocrx_word' id='word_1_317' title='bbox 816 3763 844 3811; x_wconf 84' lang='grc' dir='ltr'>Β.</span> <span class='ocrx_word' id='word_1_318' title='bbox 912 3760 1023 3811; x_wconf 77' lang='lat' dir='ltr'>Sauara</span> <span class='ocrx_word' id='word_1_319' title='bbox 1034 3761 1136 3822; x_wconf 66' lang='lat' dir='ltr'>medaea]</span> <span class='ocrx_word' id='word_1_320' title='bbox 1153 3763 1237 3810; x_wconf 80' lang='lat' dir='ltr'>avire</span> <span class='ocrx_word' id='word_1_321' title='bbox 1249 3777 1281 3810; x_wconf 86' lang='lat' dir='ltr'>m.</span> <span class='ocrx_word' id='word_1_322' title='bbox 1298 3761 1326 3809; x_wconf 87' lang='lat' dir='ltr'>B.</span> <span class='ocrx_word' id='word_1_323' title='bbox 1395 3758 1557 3823; x_wconf 76' lang='lat' dir='ltr'>9.16ernpl.]</span> 
     </span>
     <span class='ocr_line' id='line_1_33' title="bbox 199 3839 1558 3906; baseline 0.002 -18"><span class='ocrx_word' id='word_1_324' title='bbox 199 3841 231 3901; x_wconf 93' lang='lat' dir='ltr'>V,</span> <span class='ocrx_word' id='word_1_325' title='bbox 244 3839 333 3904; x_wconf 70' lang='lat' dir='ltr'>templ.</span> <span class='ocrx_word' id='word_1_326' title='bbox 354 3848 382 3888; x_wconf 81' lang='lat'>2¹</span> <span class='ocrx_word' id='word_1_327' title='bbox 402 3857 444 3899; x_wconf 89' lang='lat' dir='ltr'>m;</span> <span class='ocrx_word' id='word_1_328' title='bbox 462 3841 534 3906; x_wconf 82' lang='lat' dir='ltr'>impl.</span> <span class='ocrx_word' id='word_1_329' title='bbox 558 3844 586 3893; x_wconf 85' lang='lat' dir='ltr'>B.</span> <span class='ocrx_word' id='word_1_330' title='bbox 690 3857 718 3893; x_wconf 88' lang='lat'>12</span> <span class='ocrx_word' id='word_1_331' title='bbox 738 3859 883 3892; x_wconf 78' lang='lat' dir='ltr'>mererere</span> <span class='ocrx_word' id='word_1_332' title='bbox 902 3843 1006 3904; x_wconf 81' lang='lat' dir='ltr'>volente]</span> <span class='ocrx_word' id='word_1_333' title='bbox 1025 3843 1400 3902; x_wconf 69' lang='lat' dir='ltr'>v3meacurarevorenr1133</span> <span class='ocrx_word' id='word_1_334' title='bbox 1422 3857 1475 3891; x_wconf 85' lang='lat' dir='ltr'>men</span> <span class='ocrx_word' id='word_1_335' title='bbox 1495 3857 1558 3891; x_wconf 78' lang='lat' dir='ltr'>enea</span> 
     </span>
     <span class='ocr_line' id='line_1_34' title="bbox 198 3922 1557 3988; baseline 0.001 -18"><span class='ocrx_word' id='word_1_336' title='bbox 198 3923 498 3987; x_wconf 71' lang='lat' dir='ltr'>revolventerrpessime.</span> <span class='ocrx_word' id='word_1_337' title='bbox 598 3925 726 3986; x_wconf 81' lang='lat' dir='ltr'>novnlvos</span> <span class='ocrx_word' id='word_1_338' title='bbox 739 3925 766 3974; x_wconf 88' lang='lat' dir='ltr'>B.</span> <span class='ocrx_word' id='word_1_339' title='bbox 871 3934 899 3985; x_wconf 85' lang='lat'>17</span> <span class='ocrx_word' id='word_1_340' title='bbox 912 3923 1074 3984; x_wconf 80' lang='lat' dir='ltr'>neur&#39;slnnbr&#39;r</span> <span class='ocrx_word' id='word_1_341' title='bbox 1087 3924 1117 3972; x_wconf 91' lang='lat' dir='ltr'>V.</span> <span class='ocrx_word' id='word_1_342' title='bbox 1218 3922 1557 3988; x_wconf 80' lang='lat' dir='ltr'>aoneonstratnr]supplevi</span> 
     </span>
     <span class='ocr_line' id='line_1_35' title="bbox 197 4003 1559 4070; baseline 0.001 -17"><span class='ocrx_word' id='word_1_343' title='bbox 197 4020 229 4053; x_wconf 86' lang='lat' dir='ltr'>ex</span> <span class='ocrx_word' id='word_1_344' title='bbox 241 4003 402 4068; x_wconf 66' lang='lat' dir='ltr'>contectum</span> <span class='ocrx_word' id='word_1_345' title='bbox 414 4012 524 4054; x_wconf 80' lang='lat' dir='ltr'>curatur</span> <span class='ocrx_word' id='word_1_346' title='bbox 534 4005 588 4065; x_wconf 90' lang='lat' dir='ltr'>BV,</span> <span class='ocrx_word' id='word_1_347' title='bbox 602 4007 710 4070; x_wconf 90' lang='lat' dir='ltr'>repetito</span> <span class='ocrx_word' id='word_1_348' title='bbox 722 4007 775 4055; x_wconf 81' lang='lat' dir='ltr'>scil.</span> <span class='ocrx_word' id='word_1_349' title='bbox 790 4021 820 4055; x_wconf 85' lang='lat' dir='ltr'>ex</span> <span class='ocrx_word' id='word_1_350' title='bbox 833 4005 967 4055; x_wconf 85' lang='lat' dir='ltr'>oscitantia</span> <span class='ocrx_word' id='word_1_351' title='bbox 984 4006 1062 4055; x_wconf 85' lang='lat' dir='ltr'>verbo</span> <span class='ocrx_word' id='word_1_352' title='bbox 1079 4003 1185 4054; x_wconf 86' lang='lat' dir='ltr'>membri</span> <span class='ocrx_word' id='word_1_353' title='bbox 1198 4005 1373 4069; x_wconf 85' lang='lat' dir='ltr'>praecedentis</span> <span class='ocrx_word' id='word_1_354' title='bbox 1383 4022 1391 4064; x_wconf 86' lang='lat'>;</span> <span class='ocrx_word' id='word_1_355' title='bbox 1402 4015 1559 4070; x_wconf 87' lang='lat' dir='ltr'>quapropter</span> 
     </span>
     <span class='ocr_line' id='line_1_36' title="bbox 197 4086 1555 4154; baseline 0.002 -18"><span class='ocrx_word' id='word_1_356' title='bbox 197 4087 326 4138; x_wconf 84' lang='lat' dir='ltr'>adsentire</span> <span class='ocrx_word' id='word_1_357' title='bbox 338 4103 436 4154; x_wconf 88' lang='lat' dir='ltr'>nequeo</span> <span class='ocrx_word' id='word_1_358' title='bbox 448 4088 518 4154; x_wconf 91' lang='lat' dir='ltr'>Scip.</span> <span class='ocrx_word' id='word_1_359' title='bbox 541 4087 654 4148; x_wconf 85' lang='lat' dir='ltr'>Maiieio,</span> <span class='ocrx_word' id='word_1_360' title='bbox 674 4095 796 4138; x_wconf 84' lang='lat' dir='ltr'>cernatur</span> <span class='ocrx_word' id='word_1_361' title='bbox 814 4089 949 4153; x_wconf 87' lang='lat' dir='ltr'>legendum</span> <span class='ocrx_word' id='word_1_362' title='bbox 969 4103 1023 4138; x_wconf 85' lang='lat' dir='ltr'>esse</span> <span class='ocrx_word' id='word_1_363' title='bbox 1035 4086 1176 4137; x_wconf 84' lang='lat' dir='ltr'>adnotanti.</span> <span class='ocrx_word' id='word_1_364' title='bbox 1276 4087 1414 4152; x_wconf 81' lang='lat' dir='ltr'>scriptura]</span> <span class='ocrx_word' id='word_1_365' title='bbox 1429 4089 1511 4138; x_wconf 66' lang='lat' dir='ltr'>scidit.</span> <span class='ocrx_word' id='word_1_366' title='bbox 1527 4089 1555 4139; x_wconf 90' lang='lat' dir='ltr'>B.</span> 
     </span>
     <span class='ocr_line' id='line_1_37' title="bbox 198 4166 1555 4231; baseline 0.001 -13"><span class='ocrx_word' id='word_1_367' title='bbox 198 4181 228 4218; x_wconf 81' lang='lat'>2¹</span> <span class='ocrx_word' id='word_1_368' title='bbox 243 4167 488 4228; x_wconf 59' lang='lat' dir='ltr'>maerensmaerens</span> <span class='ocrx_word' id='word_1_369' title='bbox 501 4170 523 4218; x_wconf 94' lang='lat' dir='ltr'>V</span> <span class='ocrx_word' id='word_1_370' title='bbox 535 4169 587 4218; x_wconf 87' lang='lat' dir='ltr'>iere</span> <span class='ocrx_word' id='word_1_371' title='bbox 599 4177 751 4220; x_wconf 77' lang='lat' dir='ltr'>constanter.</span> <span class='ocrx_word' id='word_1_372' title='bbox 853 4182 883 4218; x_wconf 88' lang='lat'>22</span> <span class='ocrx_word' id='word_1_373' title='bbox 895 4166 971 4227; x_wconf 82' lang='lat' dir='ltr'>liner]</span> <span class='ocrx_word' id='word_1_374' title='bbox 982 4170 1047 4218; x_wconf 85' lang='lat' dir='ltr'>liber</span> <span class='ocrx_word' id='word_1_375' title='bbox 1058 4170 1088 4218; x_wconf 93' lang='lat' dir='ltr'>V.</span> <span class='ocrx_word' id='word_1_376' title='bbox 1190 4180 1221 4231; x_wconf 85' lang='lat'>23</span> <span class='ocrx_word' id='word_1_377' title='bbox 1238 4167 1365 4228; x_wconf 55' lang='lat' dir='ltr'>amomo]</span> <span class='ocrx_word' id='word_1_378' title='bbox 1381 4185 1509 4219; x_wconf 80' lang='lat' dir='ltr'>ammoneo</span> <span class='ocrx_word' id='word_1_379' title='bbox 1527 4171 1555 4222; x_wconf 91' lang='lat' dir='ltr'>B.</span> 
     </span>
     <span class='ocr_line' id='line_1_38' title="bbox 200 4251 1555 4317; baseline 0 -15"><span class='ocrx_word' id='word_1_380' title='bbox 200 4252 232 4302; x_wconf 85' lang='grc'>26</span> <span class='ocrx_word' id='word_1_381' title='bbox 243 4251 293 4313; x_wconf 84' lang='lat' dir='ltr'>trel]</span> <span class='ocrx_word' id='word_1_382' title='bbox 303 4259 327 4300; x_wconf 90' lang='lat' dir='ltr'>et</span> <span class='ocrx_word' id='word_1_383' title='bbox 338 4251 368 4302; x_wconf 91' lang='lat' dir='ltr'>B.</span> <span class='ocrx_word' id='word_1_384' title='bbox 443 4252 604 4315; x_wconf 68' lang='lat' dir='ltr'>ademeris]</span> <span class='ocrx_word' id='word_1_385' title='bbox 617 4253 771 4316; x_wconf 53' lang='lat' dir='ltr'>&amp;corpores</span> <span class='ocrx_word' id='word_1_386' title='bbox 780 4253 811 4313; x_wconf 87' lang='lat' dir='ltr'>V,</span> <span class='ocrx_word' id='word_1_387' title='bbox 821 4267 870 4302; x_wconf 86' lang='lat' dir='ltr'>rex</span> <span class='ocrx_word' id='word_1_388' title='bbox 874 4261 967 4316; x_wconf 89' lang='lat' dir='ltr'>puncta</span> <span class='ocrx_word' id='word_1_389' title='bbox 976 4269 984 4310; x_wconf 87' lang='lat'>;</span> <span class='ocrx_word' id='word_1_390' title='bbox 992 4259 1090 4316; x_wconf 82' lang='lat' dir='ltr'>corpore</span> <span class='ocrx_word' id='word_1_391' title='bbox 1102 4269 1128 4315; x_wconf 92' lang='grc' dir='ltr'>μ.</span> <span class='ocrx_word' id='word_1_392' title='bbox 1204 4261 1235 4313; x_wconf 84' lang='grc'>27</span> <span class='ocrx_word' id='word_1_393' title='bbox 1247 4255 1385 4316; x_wconf 78' lang='lat' dir='ltr'>oppressus]</span> <span class='ocrx_word' id='word_1_394' title='bbox 1395 4259 1512 4317; x_wconf 77' lang='lat' dir='ltr'>oppresus</span> <span class='ocrx_word' id='word_1_395' title='bbox 1524 4253 1555 4303; x_wconf 93' lang='lat' dir='ltr'>V.</span> 
     </span>
     <span class='ocr_line' id='line_1_39' title="bbox 199 4333 443 4398; baseline 0.004 -15"><span class='ocrx_word' id='word_1_396' title='bbox 199 4334 232 4386; x_wconf 89' lang='lat'>28</span> <span class='ocrx_word' id='word_1_397' title='bbox 241 4333 336 4393; x_wconf 81' lang='lat' dir='ltr'>anime]</span> <span class='ocrx_word' id='word_1_398' title='bbox 348 4349 398 4384; x_wconf 91' lang='lat' dir='ltr'>om.</span> <span class='ocrx_word' id='word_1_399' title='bbox 415 4350 443 4398; x_wconf 83' lang='grc' dir='ltr'>μ.</span> 
     </span>
    </p>
   </div>
   <div class='ocr_carea' id='block_1_4' title="bbox 199 4475 1549 4717">
    <p class='ocr_par' dir='ltr' id='par_1_9' title="bbox 199 4475 1549 4717">
     <span class='ocr_line' id='line_1_40' title="bbox 243 4475 1549 4558; baseline 0.002 -24"><span class='ocrx_word' id='word_1_400' title='bbox 243 4475 846 4558; x_wconf 83' lang='lat' dir='ltr'>28.laetr&#39;tiaaninrr&#39;snstentatur]Comm.</span> <span class='ocrx_word' id='word_1_401' title='bbox 900 4477 1133 4555; x_wconf 82' lang='lat' dir='ltr'>aegrotationem</span> <span class='ocrx_word' id='word_1_402' title='bbox 1157 4476 1289 4553; x_wconf 87' lang='lat' dir='ltr'>corporis</span> <span class='ocrx_word' id='word_1_403' title='bbox 1314 4477 1442 4536; x_wconf 87' lang='lat' dir='ltr'>accedat</span> <span class='ocrx_word' id='word_1_404' title='bbox 1457 4477 1549 4554; x_wconf 88' lang='lat' dir='ltr'>aegri-</span> 
     </span>
     <span class='ocr_line' id='line_1_41' title="bbox 199 4555 1477 4635; baseline 0 -17"><span class='ocrx_word' id='word_1_405' title='bbox 199 4559 230 4620; x_wconf 90' lang='lat' dir='ltr'>in</span> <span class='ocrx_word' id='word_1_406' title='bbox 258 4559 297 4618; x_wconf 89' lang='lat' dir='ltr'>ls.</span> <span class='ocrx_word' id='word_1_407' title='bbox 331 4577 354 4628; x_wconf 88' lang='lat'>1,</span> <span class='ocrx_word' id='word_1_408' title='bbox 371 4575 387 4635; x_wconf 83' lang='lat'><em>5</em></span> <span class='ocrx_word' id='word_1_409' title='bbox 416 4558 537 4618; x_wconf 88' lang='lat' dir='ltr'>‘Animi</span> <span class='ocrx_word' id='word_1_410' title='bbox 562 4559 674 4619; x_wconf 88' lang='lat' dir='ltr'>laetitia</span> <span class='ocrx_word' id='word_1_411' title='bbox 696 4559 847 4620; x_wconf 92' lang='lat' dir='ltr'>interdum</span> <span class='ocrx_word' id='word_1_412' title='bbox 901 4561 976 4620; x_wconf 91' lang='lat' dir='ltr'>tudo</span> <span class='ocrx_word' id='word_1_413' title='bbox 991 4555 1092 4631; x_wconf 88' lang='lat' dir='ltr'>animi,</span> <span class='ocrx_word' id='word_1_414' title='bbox 1108 4558 1276 4635; x_wconf 89' lang='lat' dir='ltr'>duplicatur</span> <span class='ocrx_word' id='word_1_415' title='bbox 1293 4557 1477 4619; x_wconf 55' lang='lat' dir='ltr'>infirmitas!</span> 
     </span>
     <span class='ocr_line' id='line_1_42' title="bbox 200 4639 847 4717; baseline 0 -16"><span class='ocrx_word' id='word_1_416' title='bbox 200 4640 336 4701; x_wconf 89' lang='lat' dir='ltr'>dolorem</span> <span class='ocrx_word' id='word_1_417' title='bbox 351 4639 484 4717; x_wconf 82' lang='lat' dir='ltr'>corporis</span> <span class='ocrx_word' id='word_1_418' title='bbox 501 4640 615 4717; x_wconf 86' lang='lat' dir='ltr'>mitigat</span> <span class='ocrx_word' id='word_1_419' title='bbox 630 4664 636 4700; x_wconf 91' lang='lat'>:</span> <span class='ocrx_word' id='word_1_420' title='bbox 650 4641 734 4717; x_wconf 89' lang='lat' dir='ltr'>quod</span> <span class='ocrx_word' id='word_1_421' title='bbox 758 4640 782 4700; x_wconf 91' lang='lat' dir='ltr'>si</span> <span class='ocrx_word' id='word_1_422' title='bbox 808 4642 847 4701; x_wconf 92' lang='lat' dir='ltr'>ad</span> 
     </span>
    </p>
   </div>
   <div class='ocr_carea' id='block_1_5' title="bbox 0 0 2044 5498">
    <p class='ocr_par' dir='ltr' id='par_1_10' title="bbox 0 0 2044 5498">
     <span class='ocr_line' id='line_1_43' title="bbox 0 0 2044 5498; baseline 0 0"><span class='ocrx_word' id='word_1_423' title='bbox 0 0 2044 5498; x_wconf 95' lang='lat' dir='ltr'> </span> 
     </span>
    </p>
   </div>
  </div>
 </body>
</html>
