4062 5504
498 411 574 492 134
969 407 1151 468 ARNOBII
1175 405 1367 467 EPISCOPI

491 599 663 666 excitaret.
688 602 818 685 Lepide
844 605 1004 670 devoluto
1029 608 1072 669 de
1099 613 1328 681 monumento,
1351 604 1414 668 hoc
1441 612 1501 682 est,
1525 606 1651 671 duritia
1677 606 1720 671 de
1743 606 1837 670 corde

492 701 667 770 hominurn
685 718 823 773 remota.
840 711 970 794 Quarto
987 712 1100 775 autem
1118 710 1173 773 die
1182 709 1619 793 excitatum,evangeiicam
1634 711 1837 776 demonstrat

493 803 644 889 figuram,
661 832 747 893 quae
765 816 861 878 nobis
877 818 1036 880 duritiam
1054 817 1165 881 cordis
1181 814 1352 897 repellent.
1369 814 1471 898 Quod
1487 826 1601 880 autem
1623 817 1717 894 dicit,
1733 816 1838 879 Lacri-

493 923 602 976 matus
617 925 668 978 est
688 916 792 995 Iesus,
809 920 852 983 de
868 920 1069 985 infidelitate
1085 919 1213 984 scilicet
1231 918 1443 985 Iudaeorum.

977 1064 1146 1115 carmus.
1171 1063 1361 1126 Quluronr.
1855 1081 1867 1132 ς

534 1170 711 1237 Ambulote
726 1175 806 1239 dum
820 1178 921 1242 lucem
937 1179 1070 1256 habetes,
1086 1201 1124 1242 ne
1139 1180 1286 1244 tenebrae
1300 1199 1356 1242 uos
1368 1177 1638 1260 comprehendant
1647 1203 1662 1255 ,·
1687 1179 1745 1262 qui
1758 1179 1840 1242 enim

491 1274 640 1340 ambulat
663 1280 697 1342 in
725 1283 871 1357 tenebris,
888 1285 987 1348 nescit
1010 1307 1070 1366 quo
1097 1286 1206 1349 vadat.
1227 1284 1308 1350 Cum
1323 1305 1398 1366 ergo
1413 1285 1513 1348 lucem
1528 1283 1660 1359 habetis,
1676 1284 1794 1348 credite
1807 1283 1840 1344 in

490 1377 599 1457 lucem,
616 1391 654 1444 ut
659 1383 735 1466 filii
746 1385 828 1451 lucis
835 1389 919 1470 fieri
925 1391 1070 1470 possitis.

1012 1523 1327 1574 IN'l'ERPRETATIO.

535 1624 659 1690 Lucem
685 1626 775 1708 quod
802 1629 893 1709 dicit,
909 1631 965 1694 lex
984 1632 1047 1694 Dei
1064 1641 1124 1706 est,
1140 1632 1174 1694 in
1197 1651 1264 1713 qua
1280 1631 1453 1694 ambulare
1479 1631 1650 1694 debemus.
1667 1630 1838 1693 Tenebras
1858 1649 1883 1686 ιο

490 1737 602 1791 autem
631 1731 720 1810 quod
746 1733 838 1811 dicit,
854 1735 1043 1816 ignorantia
1069 1746 1128 1799 est.
1146 1734 1224 1799 Sive
1252 1736 1330 1817 quia
1357 1735 1418 1798 iux
1436 1735 1590 1800 Christus
1606 1744 1667 1810 est,
1683 1735 1838 1798 tenebrae

489 1842 601 1898 autem
619 1835 848 1902 Antichristus
865 1849 925 1904 est.

846 1975 896 2024 DE
919 1974 1007 2024 VITE
1032 1975 1078 2024 ET
1102 1973 1275 2024 PALMITE.
1299 1973 1416 2025 CAPIT.
1442 1974 1487 2025 VI.

532 2077 603 2160 Ego
616 2101 699 2159 sum,
716 2084 831 2166 inquit,
843 2083 923 2147 vitis
938 2105 1025 2162 vera,
1036 2095 1068 2147 et
1078 2083 1183 2146 Pater
1194 2103 1283 2148 meus
1293 2083 1436 2165 agricola
1447 2093 1494 2145 est
1504 2105 1516 2146 .·
1532 2103 1657 2146 omnem
1666 2080 1838 2164 palmitem

490 2178 525 2242 in
542 2202 591 2244 me
606 2187 839 2266 nonstrantem
846 2190 1000 2270 fructum
1016 2201 1050 2254 et
1066 2200 1128 2254 cet.
1858 2213 1865 2249 ι
1870 2211 1881 2264 ς

1007 2327 1321 2378 INTERPRETATIO.
1978 2354 1979 2430 ἕ

532 2424 656 2492 Merito
671 2430 824 2496 Christus
841 2432 918 2497 vitis
934 2442 993 2510 est,
1008 2435 1088 2515 quia
1103 2435 1206 2498 vitam
1224 2435 1321 2498 nobis
1338 2433 1462 2499 attulit.
1480 2433 1585 2496 Recte
1600 2443 1634 2496 et
1653 2432 1753 2496 Pater
1769 2432 1836 2494 eius

487 2529 641 2610 agricola,
657 2535 736 2615 quia
752 2537 867 2600 mundi
882 2537 1088 2619 gubernator
1104 2549 1175 2603 est:
1199 2539 1256 2621 qui
1283 2547 1316 2602 et
1345 2537 1474 2618 pluvias
1500 2547 1534 2599 et
1561 2545 1714 2618 tempora
1742 2533 1836 2620 quasi

487 2630 595 2696 bonus
610 2637 718 2701 cultor
734 2640 956 2706 administrat.
974 2642 1152 2706 Palmitem
1170 2662 1247 2707 vero
1261 2643 1348 2724 quod
1362 2641 1444 2704 dicit
1456 2639 1673 2716 fructiferum,
1684 2649 1833 2704 nostrum

486 2742 646 2820 poputum
676 2744 848 2827 significat.
879 2747 1108 2812 infructuosus
1135 2757 1248 2812 autem
1276 2747 1519 2811 haereticorum
1538 2745 1721 2826 figuraest,
1737 2767 1833 2830 quem
1850 2781 1877 2816 20

485 2842 572 2923 ignis
589 2858 759 2930 expectat.

929 2971 977 3020 DE
1001 2972 1194 3022 ABRAHAM.
1218 2971 1295 3020 CAP.
1320 2970 1383 3021 v11.

528 3070 699 3137 Abrohom
720 3088 818 3159 paler
844 3092 950 3144 vester
972 3081 1150 3163 expectavit
1175 3092 1212 3144 ut
1237 3080 1362 3144 videret
1387 3081 1472 3143 diem
1498 3101 1603 3144 memo
1615 3105 1626 3144 .·
1651 3091 1684 3144 et
1698 3083 1794 3156 vr'dit,
1808 3091 1837 3144 el

480 3195 619 3255 gavisus
634 3189 688 3244 est.

1005 3305 1319 3354 INTERPRETATIO.
1851 3331 1876 3383 ²5

528 3407 726 3488 Priusquam
747 3411 898 3475 Christus
917 3414 1044 3476 veniret
1063 3421 1141 3476 ante
1162 3413 1304 3476 duorum
1327 3411 1456 3474 milium
1477 3430 1641 3474 annorum
1661 3410 1833 3475 Abraham

482 3510 660 3575 defunctus
676 3523 736 3578 est.
753 3515 934 3598 Quomodo
951 3537 1031 3598 ergo
1045 3517 1212 3580 Dominus
1225 3516 1315 3593 dicit,
1330 3515 1503 3579 Abraham
1517 3515 1602 3578 vidit
1614 3515 1703 3579 diem
1717 3535 1835 3590 meum,

483 3624 516 3678 et
532 3616 665 3698 gavisus
681 3624 756 3682 est?
781 3620 876 3684 Tunc
893 3620 1019 3684 scilicet
1030 3622 1166 3702 quando
1185 3620 1279 3683 Isaac
1291 3619 1332 3682 ad
1345 3619 1516 3681 victimam
1529 3618 1656 3700 iignum
1671 3620 1836 3700 portabat,

483 3730 516 3783 et
539 3721 676 3785 arietem
694 3725 847 3788 victimae
870 3727 1011 3807 dignum
1041 3724 1076 3808 [i.
1098 3723 1183 3808 129⁹]
1212 3725 1315 3802 dedit,
1330 3735 1362 3786 et
1390 3723 1541 3805 gaudens
1569 3721 1673 3786 filium
1701 3725 1833 3806 recepit.

483 3823 579 3887 Tunc
596 3827 771 3905 exultavit,
787 3830 864 3910 quia
881 3829 987 3892 crucis
1004 3829 1132 3911 lignum
1151 3829 1243 3892 vidit.
1850 3853 1876 3904 30

515 4063 528 4098 2
544 4052 639 4111 Quarto
649 4060 733 4102 aulem
744 4053 784 4102 die
795 4053 943 4114 excilatum]
963 4053 1090 4112 Qecnrlum
1102 4067 1125 4100 a.
1140 4051 1205 4100 diem
1217 4053 1355 4100 excitatum
1369 4068 1405 4114 μς
1420 4053 1534 4112 erarlus
1545 4069 1568 4100 a.
1582 4052 1634 4101 dies
1644 4054 1751 4102 excitati
1759 4054 1830 4112 (corr.

481 4151 511 4184 ex
522 4135 656 4194 excitatus)
668 4135 699 4184 G.
800 4135 978 4196 euangelicam]
991 4135 1011 4184 G
1026 4135 1231 4193 monodiarum
1246 4133 1291 4199 μβ.
1393 4146 1407 4195 3
1419 4133 1492 4197 quac]
1506 4150 1526 4196 μ
1534 4153 1542 4193 ;
1562 4135 1609 4198 qui
1624 4135 1657 4184 G.
1759 4132 1833 4192 nobo]

481 4218 545 4280 Gu3
565 4234 580 4266 a
599 4219 667 4268 nobis
681 4217 705 4277 β.
805 4217 820 4267 8
835 4218 948 4281 possitis]
962 4234 980 4280 μ
993 4235 999 4273 ;
1016 4219 1116 4278 perenis
1135 4217 1166 4266 G.
1271 4227 1298 4276 17
1319 4217 1418 4277 attulit]
1431 4233 1450 4279 μ
1462 4233 1469 4274 ;
1480 4217 1574 4264 extulit
1585 4217 1618 4266 G.
1722 4229 1752 4278 19
1762 4215 1833 4282 quai]

480 4317 534 4366 sup.
557 4303 600 4351 lin.
627 4309 714 4351 mutat.
736 4301 761 4350 in
782 4317 855 4364 quem
876 4301 907 4350 G.
1010 4299 1040 4347 26
1061 4299 1170 4348 duorum
1188 4298 1302 4359 mib'um]
1323 4299 1346 4348 G
1366 4314 1513 4364 graecorum
1538 4314 1624 4358 more3
1647 4299 1694 4350 duo
1718 4300 1828 4360 milico.

479 4385 621 4446 defunctus]
633 4385 751 4446 defuntus
763 4383 794 4434 G.
898 4383 928 4433 28
941 4382 1051 4447 quando]
1065 4399 1083 4445 μ
1095 4401 1102 4440 ;
1115 4397 1162 4446 quo
1175 4382 1206 4430 G.

521 4579 547 4635 8.
561 4575 690 4656 possitis]
707 4579 749 4635 Io.
772 4597 815 4646 η,
833 4593 869 4652 35
886 4595 928 4652 sq.
1223 4596 1268 4647 24.
1283 4576 1405 4652 gavr'sus
1418 4571 1471 4654 est]
1489 4575 1530 4634 Io.
1550 4577 1578 4648 8,
1595 4579 1640 4652 56.

524 4675 568 4736 15.
576 4656 722 4739 fructum]
740 4660 783 4718 Io.
805 4677 849 4734 15,
870 4679 880 4716 1
900 4679 942 4735 sq.
