4158 5492
446 423 521 480 llO
642 421 779 482 INDEX
801 423 1022 496 NOMINVM,
1047 422 1331 485 LOCVTIONVM
1355 421 1409 478 ET
1432 422 1593 480 RERVM.

438 657 538 701 caro:
577 635 710 701 difficile
731 645 782 701 est
814 647 850 702 ut
877 658 955 702 caro
979 637 1090 701 Deum

486 724 609 807 pariter
632 743 707 790 cum
730 726 830 789 corde
857 725 1022 790 desideret
1039 726 1090 804 64,

490 829 536 875 11.

437 898 514 962 κατὰ
530 897 623 987 μόνας
647 919 713 963 non
730 919 842 978 unum,
855 901 913 965 sed
931 921 989 983 per
1005 899 1088 964 mul·

482 998 534 1053 tos
548 1009 716 1074 quemque
731 991 897 1073 significat
912 1010 964 1072 41,
981 1009 1008 1072 3.

439 1076 702 1142 Christianorum
719 1080 927 1143 consuetudo
943 1079 985 1142 de
1010 1077 1087 1142 alle-

483 1164 548 1228 luia
565 1164 597 1227 in
615 1164 753 1248 psalmis
768 1168 921 1232 canendo
931 1181 984 1247 77,
1001 1183 1028 1229 2.

439 1251 610 1318 Christus:
653 1253 853 1336 Hieronymi
893 1255 935 1318 de
972 1253 1088 1316 Verbo

481 1359 613 1403 carnem
650 1339 848 1406 adsumente
878 1340 1030 1405 doctrina
1059 1353 1086 1419 5,

489 1443 547 1504 10;
572 1447 632 1509 per
646 1441 671 1490 x
687 1427 719 1489 in
738 1447 814 1492 mss.
837 1429 991 1492 scribitur
1014 1429 1042 1504 8,
1065 1445 1086 1507 9

481 1515 556 1577 adn.
570 1515 656 1592 crit.;
672 1513 823 1579 Christus
842 1537 901 1578 rex
915 1515 1036 1598 pariter
1053 1525 1086 1578 et

480 1601 635 1666 sacerdos
648 1617 699 1680 29,
718 1618 760 1682 19.
769 1625 776 1682 ;
792 1623 906 1666 cervus
917 1613 967 1666 est
978 1612 1083 1665 matu·

481 1689 569 1752 tinus
585 1689 627 1752 de
642 1709 710 1771 quo
725 1690 873 1770 psalmus
894 1690 955 1753 xxi
973 1691 1084 1752 inscri-

480 1775 570 1839 bitur
594 1792 643 1856 32,
675 1790 710 1856 15
729 1797 737 1852 ;
759 1777 961 1862 quicumque
977 1777 1085 1859 bapti-

481 1871 575 1927 zatus
591 1872 641 1928 est
658 1865 691 1927 in
705 1863 847 1943 Christo,
863 1870 980 1948 etipse
1001 1864 1084 1927 chri·

466 1959 551 2014 ¹stus
567 1959 705 2015 vocatur
721 1968 771 2032 37,
791 1953 850 2030 16;
872 1951 992 2019 Christi
1009 1971 1084 2034 pec·

480 2047 602 2118 catum,
632 2038 769 2102 humani
794 2040 916 2105 delicta
936 2049 1014 2103 sunt
1029 2059 1084 2121 ge·

481 2127 567 2189 neris
589 2139 642 2207 45,
673 2144 714 2207 3;
740 2147 826 2190 unus
851 2136 901 2191 est
932 2126 1084 2192 Christus

481 2233 622 2296 sponsus
643 2213 801 2278 ecclesiae
818 2215 867 2294 56,
884 2232 924 2292 2;
952 2215 1084 2278 Altissi-

481 2321 555 2365 mus
579 2299 766 2383 appellatur
791 2305 893 2382 60,13
910 2324 916 2380 ;
933 2301 1085 2366 Christus

481 2388 647 2456 Dominus
679 2407 821 2470 magnus
842 2402 891 2453 est
920 2390 1013 2452 Deus
1034 2405 1085 2468 71,

484 2489 519 2555 15
544 2497 552 2553 ;
587 2475 710 2541 Christi
741 2496 818 2540 caro
850 2477 921 2557 ipsa
952 2497 1085 2559 quoque

480 2563 651 2627 adoranda
668 2583 742 2626 cum
761 2563 876 2627 Verbo
893 2580 943 2643 73,
960 2579 988 2644 7.

1185 637 1341 720 leguntur
1354 637 1462 701 brevis
1478 637 1658 721 descriptio
1673 641 1769 704 vii-xi
1784 664 1791 716 ;

1185 746 1251 808 qua
1296 745 1340 788 ex
1377 733 1472 806 parte
1515 723 1789 792 commentarioli

1185 832 1260 876 cum
1289 811 1457 876 Breviario
1485 812 1517 876 in
1546 813 1691 893 psalmos
1712 835 1789 880 con-

1186 900 1288 963 iuncti
1315 899 1383 964 sint
1408 899 1454 962 xii
1483 919 1542 982 sq.;
1566 900 1609 964 ad
1634 900 1789 984 Origenis

1186 987 1347 1071 Hexapla
1378 985 1583 1051 restituenda
1610 987 1688 1070 quid
1711 1009 1789 1053 con-

1184 1074 1266 1137 ferre
1294 1075 1423 1156 possint
1446 1074 1525 1152 xiv;
1552 1093 1619 1156 quo
1639 1083 1789 1159 tempore

1183 1162 1300 1226 litteris
1318 1161 1466 1229 mandati
1483 1182 1530 1225 xv
1545 1183 1553 1240 ς
1568 1181 1627 1225 cur
1641 1163 1685 1227 ab
1709 1164 1788 1228 Hie-

1184 1268 1326 1332 ronymo
1342 1250 1374 1312 in
1392 1267 1527 1312 suorum
1548 1245 1686 1338 operum
1700 1262 1787 1315 cata-

1182 1334 1260 1418 logo
1290 1336 1514 1418 praetermissi
1544 1337 1654 1416 ibid.;
1683 1343 1691 1372 ¹
1718 1337 1788 1402 Ex-

1181 1423 1315 1506 cerpta’
1332 1425 1464 1506 proprie
1481 1423 1705 1488 inscribuntur
1721 1425 1786 1489 xvi.

1137 1512 1277 1574 creatori
1311 1531 1376 1576 non
1414 1510 1669 1589 detrahendum,
1698 1513 1786 1596 quod

1179 1597 1305 1681 pulices
1331 1600 1530 1682 cimicesque
1554 1609 1586 1662 et
1621 1609 1730 1664 cetera
1764 1601 1787 1662 i-

1181 1685 1357 1838 stius6modi
1375 1687 1503 1751 minuta
1530 1686 1688 1751 animalia
1705 1687 1787 1754 fece·

1180 1782 1222 1837 nt
1237 1791 1255 1854 7
1280 1825 1287 1852 ,
1302 1794 1332 1854 4.

1137 1861 1285 1926 culturae
1301 1881 1426 1946 pompa
1441 1880 1493 1942 91,
1513 1878 1559 1942 13.

1136 2037 1346 2103 demutatio:
1376 2046 1512 2121 propter
1536 2037 1633 2102 unius
1657 2037 1786 2102 litterae

1180 2126 1446 2194 demutationem
1463 2143 1514 2204 90,
1535 2142 1581 2188 12.

1136 2212 1287 2276 deridere
1304 2213 1396 2280 Deus
1409 2231 1612 2295 quemquam
1629 2213 1685 2295 qui
1698 2212 1786 2278 dica-

1180 2310 1233 2363 tur
1248 2315 1277 2379 7,
1298 2317 1344 2380 14.

1138 2386 1253 2451 Deus:
1287 2407 1410 2454 nornen
1442 2389 1506 2452 Dei
1537 2388 1664 2470 duplex
1696 2389 1786 2470 apud

1183 2474 1357 2540 Hebraeos
1374 2493 1424 2556 20,
1444 2489 1479 2557 15
1498 2498 1505 2554 ;
1523 2477 1573 2552 80,
1593 2495 1650 2540 10:
1678 2471 1787 2540 nullus

1180 2564 1306 2644 estqui
1325 2583 1390 2627 non
1410 2563 1532 2628 habeat
1548 2563 1676 2628 semina
1693 2563 1787 2628 intel-

1182 2651 1286 2718 lectus
1304 2650 1367 2714 Dei
1384 2667 1435 2730 29,
1455 2667 1491 2730 17
1507 2673 1514 2730 ;
1528 2671 1594 2714 non
1611 2671 1788 2734 possumus

1182 2757 1333 2822 expansa
1369 2757 1443 2802 eum
1475 2737 1678 2804 fortitudinis
1709 2759 1788 2806 suae

1180 2835 1272 2894 veste
1299 2846 1499 2907 cognoscere
1518 2841 1567 2907 53,
1596 2829 1653 2903 18;
1675 2828 1707 2890 in
1728 2847 1788 2912 pn·

1180 2914 1279 2978 ritate
1315 2914 1435 2977 mentis
1464 2915 1612 2978 maxime
1646 2915 1788 2982 laetatur

1182 3000 1274 3064 Deus
1304 3003 1357 3078 61,
1382 3002 1425 3080 6;
1461 3000 1599 3070 virtutes
1630 3003 1786 3069 audiendi

1181 3088 1382 3171 videndique
1425 3090 1458 3152 in
1496 3089 1571 3151 Deo
1599 3099 1691 3166 sunt,
1720 3111 1785 3154 non

435 3174 613 3240 clementia
641 3175 705 3238 Dei
730 3197 776 3239 ex
803 3175 882 3259 ipsis
907 3174 1086 3251 vocabulis,
1182 3175 1331 3239 membra
1349 3190 1398 3252 71,
1419 3193 1477 3254 1o;
1495 3175 1587 3242 Deus
1603 3177 1720 3259 estqui
1737 3186 1785 3241 to·

480 3263 599 3347 quibus
627 3263 803 3345 scriptores
820 3265 902 3327 sacri
928 3264 977 3325 usi
999 3273 1085 3339 sunt,
1182 3274 1235 3326 tus
1252 3264 1374 3345 ubique
1391 3275 1441 3327 est
1461 3277 1576 3344 95,12.

467 3352 665 3415 ostenditur
687 3353 716 3427 6,
738 3369 773 3414 12
789 3373 797 3430 ;
814 3352 895 3429 8,6;
916 3368 963 3431 13,
975 3365 991 3432 5
1010 3372 1017 3428 ;
1036 3367 1084 3430 31,
1139 3349 1314 3414 diabolus:
1346 3371 1445 3414 nemo
1472 3360 1531 3427 est,
1555 3351 1606 3414 cui
1632 3351 1785 3414 diabolus

483 3437 583 3503 16.18
599 3461 606 3516 ;
622 3457 674 3520 99,
692 3440 737 3502 16.
1182 3459 1248 3500 non
1265 3438 1307 3502 sit
1323 3437 1505 3520 aliquando
1521 3439 1713 3502 dominatus
1736 3456 1785 3514 22,

435 3525 587 3589 codicum
602 3546 678 3591 mss.
694 3526 872 3610 descriptio
888 3524 932 3588 vii
949 3546 1017 3608 sqq.
1184 3527 1222 3588 16
1240 3548 1247 3603 ;
1289 3525 1442 3589 diabolus
1477 3533 1613 3608 propter
1648 3536 1785 3607 peccata

434 3613 615 3694 cogitatio:
643 3635 743 3678 nemo
774 3623 883 3696 potest
910 3615 1083 3694 cogitatio·
1179 3612 1352 3676 hominurn
1385 3624 1501 3695 postea
1528 3613 1683 3694 punietur
1706 3614 1784 3678 ibid.

479 3719 557 3765 num
582 3701 735 3766 sordibus
765 3701 905 3774 liberari,
936 3701 998 3762 nisi
1026 3721 1084 3784 per
1183 3718 1240 3780 19;
1257 3700 1374 3764 foedus
1390 3719 1465 3763 cum
1482 3698 1618 3763 diabolo
1645 3699 1783 3764 iacimus

1180 3790 1211 3851 in
1230 3785 1398 3870 baptismo
1415 3805 1465 3868 23,
1482 3804 1499 3848 2
1516 3809 1523 3864 ;
1547 3786 1670 3849 diaboli
1692 3787 1803 3851 locus·

1181 3886 1354 3959 peccatum
1372 3884 1422 3939 est
1434 3891 1485 3954 43,
1514 3890 1549 3953 13
1566 3893 1573 3951 ;
1588 3891 1641 3951 44,
1660 3891 1672 3937 1
1692 3875 1783 3952 ;dia-

1181 3963 1294 4027 bolum
1313 3963 1520 4044 interpretari
1537 3963 1783 4042 possumuscri·

1179 4051 1375 4112 minatorem
1393 4064 1444 4129 79,
1461 4065 1500 4110 22
1520 4069 1528 4126 ;
1550 4047 1676 4112 diaboli
1692 4059 1783 4132 pote·

1179 4139 1257 4200 stati
1285 4138 1461 4200 traduntur
1482 4144 1672 4217 peccatores
1688 4137 1783 4200 eiecti

438 2651 540 2717 Chusi
566 2671 687 2715 nomen
711 2650 789 2715 alibi
807 2671 863 2734 per
879 2651 1013 2728 samech,
1029 2671 1087 2733 per

479 2738 532 2801 sin
552 2738 631 2802 alibi
655 2739 815 2822 scriptum
843 2754 890 2820 17,
906 2755 967 2817 203
984 2738 1087 2804 Chusi

481 2824 566 2889 filius
616 2825 741 2890 lemeni
790 2826 1027 2890 discernendus
1066 2847 1086 2890 a

481 2912 584 2977 Chusi
600 2911 669 2976 filio
685 2913 809 2977 Arachi
831 2917 878 2991 18,
895 2916 922 2978 8.

436 3000 561 3064 clamor
574 3001 604 3063 in
620 3001 799 3083 Scripturis
816 3022 882 3064 non
896 3001 985 3064 vocis
1001 2999 1085 3064 acci·

478 3088 620 3170 piendus
632 3097 691 3163 est,
702 3089 760 3152 sed
774 3089 882 3153 cordis
897 3101 946 3168 54,
963 3099 990 3167 5.

477 3787 659 3852 adventum
677 3788 821 3870 Spiritus
837 3787 942 3850 sancti
967 3804 1017 3867 29,
1038 3806 1083 3866 14.

432 3873 601 3955 cogitatus
614 3876 738 3940 sordidi
751 3874 947 3956 incipientes
959 3875 1081 3938 eliden-

476 3963 511 4024 di
527 3962 570 4025 ad
590 3965 720 4026 Petram
738 3981 789 4042 94,
804 3979 852 4042 23.

433 4067 633 4134 cognoscere
651 4051 743 4113 Deus
759 4050 838 4132 quid
855 4051 1024 4126 dicatur6,
1043 4065 1057 4130 5
1076 4072 1083 4126 ;

476 4155 543 4198 non
561 4157 737 4218 possumus
758 4157 911 4219 expansa
926 4159 1001 4201 eum
1019 4137 1082 4200 sor·

476 4223 628 4287 titudinis
653 4245 732 4287 suae
763 4235 855 4288 veste
882 4245 1082 4306 cognoscere
1177 4224 1374 4287 deecclesia
1390 4239 1441 4302 93,
1461 4238 1654 4302 14:27,1o.

478 4313 590 4390 5318.
1134 4311 1329 4394 diapsalma,
1361 4311 1476 4374 musici
1507 4310 1679 4373 cuiusdam
1711 4311 1781 4374 soni

430 4398 722 4462 commentariolus
754 4415 781 4478 3,
813 4409 1081 4478 1;c0mmenta-
1177 4397 1385 4480 signaculum
1406 4399 1781 4476 11,12;nonestsilen·

475 4484 573 4547 riolos
599 4507 619 4549 a
646 4507 681 4548 se
707 4487 738 4547 in
760 4487 954 4549 Psalterium
972 4486 1080 4549 editos
1177 4487 1260 4548 tium
1279 4501 1328 4559 22,
1350 4503 1395 4549 12.

474 4583 639 4638 memorat
655 4571 688 4638 S.
708 4573 935 4656 Hieronymus
951 4587 975 4635 v
990 4593 997 4650 ;
1021 4575 1077 4654 qui
1133 4574 1249 4636 doctor
1261 4592 1332 4635 esse
1348 4581 1459 4654 potest
1469 4571 1588 4653 aliquis
1601 4580 1677 4652 post
1689 4571 1781 4636 adul-

475 4669 586 4723 tamen
604 4661 770 4723 anemine
781 4663 996 4741 postmodum
1012 4659 1079 4722 lau·
1177 4661 1296 4722 terium
1319 4671 1351 4722 et
1369 4659 1595 4732 homicidium,
1606 4660 1779 4742 sidignam

475 4745 545 4810 dati
561 4759 638 4814 sunt
654 4747 888 4826 vii;codicurn
905 4752 938 4811 in
959 4747 1079 4832 quibus
1178 4748 1282 4833 egerit
1298 4747 1538 4831 paenitentiam
1554 4762 1606 4823 49,
1627 4761 1672 4828 15,
1720 4773 1725 4786 =
