4160 5500
455 401 710 464 aaacra‘rus
734 404 779 462 m
804 403 933 466 unae.
956 404 1047 475 xm,
1071 403 1405 478 32·33et·xi111,3-r.
1529 380 1610 485 367

256 631 325 688 erat
341 633 548 707 unguentum
563 647 570 688 :
585 624 746 706 quamdiu
764 633 863 689 notus
879 633 1010 688 tantum
1028 635 1099 688 erat
1116 623 1147 687 in
1168 623 1294 687 iudaea
1311 624 1413 701 Deus,
1430 623 1463 688 in
1482 624 1609 688 Israhel

256 725 363 789 solum
390 746 549 810 magnum
577 746 698 790 nomen
726 727 806 804 eius,
832 726 1103 792 adulescentulae
1134 728 1245 792 lesum
1278 749 1344 794 non
1377 732 1611 811 sequebantur.

258 830 402 914 Quando
414 851 493 896 vero
516 829 657 895 effusum
676 839 728 894 est
745 841 953 913 unguentum
972 832 1004 894 in
1022 850 1156 894 ornnem
1184 842 1316 910 terram,
1343 833 1612 898 adulescentulae

258 938 388 1000 animae
404 938 608 1001 credentium
629 946 764 1000 secutae
780 947 857 1000 sunt
875 937 1091 1002 Salvatorem.

225 1061 238 1116 5
299 1042 347 1105 Et
360 1039 526 1107 turnasset
541 1041 720 1106 Bethanr'ae
736 1043 770 1104 in
785 1043 878 1105 dama
895 1042 1043 1106 Simonis
1057 1042 1178 1124 leprosi.
1197 1031 1365 1104 Bethania
1377 1041 1611 1124 interpretatur

257 1148 289 1211 in
308 1147 420 1230 lingua
437 1157 559 1224 nostra,
574 1149 695 1212 domus
711 1146 952 1210 oboedientiae.
977 1146 1023 1210 Et
1043 1146 1214 1228 quomodo
1230 1144 1263 1206 in
1282 1143 1454 1222 Bethania,
1473 1146 1536 1209 hoc
1552 1157 1612 1222 cst,

257 1251 289 1314 in
306 1251 408 1316 domo
434 1251 666 1316 oboedientiae
692 1252 812 1316 domus
835 1251 982 1315 Simonis
1010 1251 1130 1334 leprosi
1155 1246 1231 1313 est?
1247 1257 1306 1312 aut
1330 1259 1418 1314 certe
1444 1251 1612 1315 Dominus

257 1353 338 1440 quid
365 1351 444 1419 iacit
461 1357 493 1420 in
521 1357 624 1420 domo
645 1355 791 1441 leprosi?
808 1355 875 1421 Sed
904 1365 1080 1438 propterea
1096 1356 1187 1420 venit
1215 1355 1246 1416 in
1264 1352 1403 1416 domum
1421 1353 1552 1436 leprosi,
1575 1365 1612 1422 ut

258 1472 412 1542 purgaret
430 1459 604 1542 leprosum.
621 1459 789 1544 Leprosus
814 1459 944 1536 dicitur,
960 1480 1025 1523 non
1043 1461 1100 1543 qui
1116 1469 1176 1536 est,
1191 1457 1249 1521 sed
1267 1457 1323 1541 qui
1341 1456 1438 1520 fuerit
1455 1456 1614 1541 leprosus.

210 1585 242 1624 ro
260 1561 336 1627 Fuit
352 1561 451 1640 enim,
478 1571 657 1645 antequam
675 1564 857 1646 susciperet
882 1555 1088 1625 Dominum:
1104 1571 1220 1644 postea
1237 1579 1315 1624 vero
1339 1581 1439 1643 quam
1468 1564 1614 1645 suscepit

260 1667 453 1744 Dominum,
468 1677 501 1731 et
518 1677 727 1749 unguentum
745 1666 886 1731 tractum
911 1674 962 1730 est
978 1667 1011 1729 in
1029 1667 1131 1729 domo
1148 1665 1261 1747 ipsius,
1277 1655 1368 1746 lepra
1385 1663 1478 1748 sugit.
1497 1666 1614 1731 Manet

258 1767 375 1836 autem
388 1789 510 1835 nornen
537 1772 724 1854 pristinum,
741 1780 778 1834 ut
794 1771 898 1835 virtus
914 1777 1075 1854 appareat
1093 1761 1285 1835 Salvatoris.
1313 1765 1496 1850 Quomodo
1523 1769 1612 1836 enirn

260 1877 469 1961 in‘apostolis
497 1877 642 1941 resident
669 1876 808 1959 pristina
825 1873 997 1952 vocabula,
1013 1884 1049 1938 ut
1077 1881 1237 1956 appareat
1260 1873 1364 1937 virtus
1387 1863 1548 1950 vocantis,
1571 1876 1613 1938 de

259 1983 379 2065 quibus
394 1981 510 2065 quales
528 1981 640 2045 lecerit
653 2005 660 2043 :
675 1979 847 2064 quomodo
872 1981 915 2042 de
933 1978 1108 2042 Matthaeo
1125 1976 1304 2060 publicano
1320 1974 1399 2042 fecit
1412 1979 1615 2060 apostolum,

210 2105 241 2161 ις
260 2097 292 2149 et
309 2097 385 2168 post
410 2078 635 2168 apostolatum
661 2075 782 2149 dicitur
809 2083 1028 2167 publicanus:
1046 2102 1112 2146 non
1136 2081 1226 2164 quod
1256 2079 1453 2163 publicanus
1481 2083 1532 2160 sit,
1555 2084 1612 2146 sed

260 2187 338 2271 quia
354 2190 397 2252 de
412 2189 591 2271 publicano
607 2188 713 2252 lactus
725 2187 768 2251 sit
784 2187 956 2269 apostolus
972 2211 979 2250 :
993 2205 1113 2249 nomen
1131 2195 1243 2248 autem
1261 2195 1411 2250 remanet
1427 2187 1614 2270 pristinum,

261 2303 296 2356 ut
313 2292 416 2356 virtus
432 2302 592 2375 appareat
621 2291 804 2357 Salvatoris
819 2315 826 2355 ε
842 2292 887 2353 sic
904 2299 937 2354 et
948 2285 950 2288 ’
961 2290 1111 2372 leprosus
1129 2288 1247 2353 Simon
1266 2290 1327 2352 iste
1355 2290 1543 2373 appellatur
1559 2311 1615 2354 an-

259 2395 354 2478 tiquo
371 2393 515 2472 nomine,
531 2407 567 2460 ut
583 2397 781 2459 ostendatur
796 2417 814 2458 a
833 2389 1099 2458 Domino'suisse
1115 2403 1259 2458 curatus.

313 2498 408 2562 Venit
423 2497 542 2562 manlieu
554 2498 673 2562 habens
684 2497 888 2562 alabastrum
905 2497 1070 2581 unguenti.
1090 2497 1258 2563 Pharisaei
1274 2506 1308 2562 et
1324 2498 1451 2562 scribae
1466 2507 1499 2562 et
1512 2515 1618 2563 sacer·

210 2629 242 2666 20
260 2604 357 2667 dotes
374 2602 406 2664 ih
424 2602 551 2684 templo
567 2611 653 2681 sunt,
670 2614 702 2666 et
731 2613 937 2685 tinguentum
956 2623 1022 2666 non
1047 2601 1192 2665 habent:
1210 2603 1326 2667 mulier
1342 2604 1406 2667 ista
1422 2591 1617 2668 extratem-

261 2706 353 2790 plum
371 2717 430 2784 est,
457 2719 489 2771 et
500 2705 713 2790 'unguentum
737 2706 853 2783 desert,
869 2706 1009 2770 nardum
1027 2705 1163 2784 habens,
1179 2717 1212 2770 et
1230 2707 1369 2772 nardum
1397 2707 1561 2791 pisticam,
1584 2715 1617 2770 et

262 2831 306 2872 ex
323 2811 427 2874 nardo
444 2811 515 2892 ipsa
538 2810 655 2893 pistica
671 2805 859 2872 coniectum
878 2804 1094 2891 unguentum.
1113 2808 1195 2873 Ideo
1212 2832 1270 2874 vos
1287 2811 1396 2874 vocati
1413 2812 1491 2874 estis
1508 2809 1616 2892 pistici

263 2912 395 2997 [nardi],
413 2912 534 2978 fideles
563 2913 713 2978 Ecclesia
738 2914 826 2977 enim
856 2913 1070 2995 degentibus
1096 2925 1300 2998 congregata
1327 2905 1417 2979 dona
1443 2934 1503 2978 sua
1519 2912 1616 2978 offert

264 3019 440 3096 Salvatori,
455 3017 488 3082 id
505 3027 565 3096 est,
582 3017 679 3082 fidem
691 3016 905 3082 credentium.
919 3019 1032 3100 Fregit
1049 3017 1265 3095 alabastrum,
1281 3028 1317 3082 ut
1333 3036 1617 3098 omnesunguen·

211 3151 242 3205 ²5
263 3137 297 3190 ta
308 3126 498 3208 suscipiant.
511 3125 623 3207 Fregit
639 3123 853 3202 alabastrum,
864 3123 954 3205 quod
972 3123 1003 3185 in
1018 3123 1143 3186 Iudaea
1161 3133 1238 3187 ante
1255 3123 1429 3186 tenebatur
1445 3121 1619 3184 inclusum.

264 3231 378 3312 Fregit
404 3223 616 3294 alabastrum.
635 3218 816 3310 Quomodo
842 3225 931 3289 enim
948 3244 1089 3308 granum
1114 3227 1224 3303 tritici,
1241 3227 1303 3290 nisi
1330 3237 1496 3292 mortuum
1523 3226 1620 3289 fuerit

264 3335 296 3398 in
314 3345 409 3410 terra,
425 3327 491 3397 non
518 3331 597 3396 iacit
613 3332 722 3414 plures
749 3331 894 3396 fructus:
911 3331 1006 3395 sicet
1032 3330 1236 3395 alabastrum
1255 3333 1316 3394 nisi
1345 3331 1485 3396 fractum
1516 3330 1623 3406 suerit,

264 3459 326 3503 nos
343 3458 466 3520 ungere
483 3458 548 3502 non
567 3457 755 3520 possumus.

308 3541 355 3604 Et
364 3541 481 3624 effudit
491 3551 587 3623 super
601 3550 695 3623 caput
709 3539 787 3605 eins.
800 3539 919 3603 Mulier
931 3527 1003 3616 ista,
1015 3562 1101 3624 quae
1121 3541 1216 3624 fregit
1233 3542 1447 3618 alabastrum,
1460 3549 1493 3603 ct
1510 3541 1620 3623 ipsum

302 3757 329 3796 tt
343 3745 468 3810 fractum]
486 3743 591 3810 scripsi3
603 3745 704 3808 factuam
717 3761 745 3812 χ.
760 3745 799 3796 Cl.
814 3746 877 3795 infra
889 3763 913 3810 p.
928 3762 964 3811 sq.
980 3747 996 3795 l.
1012 3759 1044 3795 20
1063 3755 1088 3796 et
1109 3762 1135 3810 p.
1150 3757 1206 3809 370,
1219 3747 1235 3796 l.
1251 3760 1274 3796 2.
1376 3761 1407 3811 ²3
1429 3747 1521 3796 Vocem
1543 3746 1622 3794 nardi

267 3837 360 3880 temere
372 3829 397 3878 iu
409 3844 430 3897 χ
440 3827 614 3892 interpositam
627 3844 680 3876 esse
692 3843 791 3878 censeo.

312 4035 336 4074 a.
353 4010 423 4082 eries]
438 4015 484 4072 Ps.
503 4028 552 4088 75,
567 4031 592 4070 a.
971 4014 1173 4089 apostolorum
1192 4033 1261 4072 cum
1277 4014 1400 4090 pristino
1423 4014 1493 4073 vitio
1509 4027 1538 4072 et
1564 4011 1624 4070 offi-

315 4089 601 4172 18.sur'ssccuratus]
618 4092 744 4154 Hieron.
762 4093 791 4153 in
808 4095 914 4154 Mattb.
970 4095 1018 4152 cio
1045 4095 1214 4154 Matthaeus
1243 4096 1419 4172 publicanus
1447 4095 1624 4171 appellatur,

272 4181 317 4252 πό,
345 4181 363 4237 6
392 4183 545 4236 ‘moratur
579 4174 610 4232 in
641 4175 794 4248 Bethania,
825 4178 917 4236 domo
970 4174 1020 4252 qui
1035 4189 1116 4236 certe
1136 4175 1310 4252 publicanus
1326 4197 1390 4236 esse
1406 4176 1531 4236 desierat
1548 4177 1564 4234 '.

270 4257 489 4328 oboedientiae,
515 4274 592 4331 quae
616 4257 770 4332 quondam
797 4257 850 4316 luit
876 4257 917 4318 Si·
1013 4277 1057 4329 ²4·
1063 4257 1154 4332 fidem
1168 4256 1351 4328 credentium]
1373 4260 1497 4317 Hieron.
1515 4254 1588 4316 ibid.
1607 4272 1622 4329 7

271 4342 368 4402 monis
392 4338 508 4416 leprosi
533 4337 603 4396 Non
625 4339 708 4414 quod
731 4339 864 4416 leprosus
888 4350 917 4399 et
971 4339 1079 4396 ‘Alius
1094 4339 1309 4415 evangelista..
1333 4341 1458 4399 nardum
1484 4337 1622 4414 pisticam

272 4423 322 4483 illo
338 4437 470 4497 tempore
486 4432 678 4495 permaneret,
695 4422 747 4481 sed
763 4422 814 4496 qui
829 4435 917 4480 antea
971 4419 1076 4497 posuit,
1095 4420 1151 4478 hoc
1167 4431 1219 4493 est,
1243 4441 1341 4481 veram
1364 4434 1393 4480 et
1408 4420 1522 4497 absque
1537 4419 1622 4490 dole,

271 4507 419 4582 leprosus,
438 4515 540 4579 postea
563 4499 730 4561 aDomino
756 4504 917 4563 mundatus
970 4513 1001 4560 ut
1016 4501 1106 4560 sidem
1133 4502 1275 4561 eeclesias
1292 4513 1320 4563 et
1336 4501 1469 4580 gentium
1498 4502 1626 4561 demon-

273 4599 325 4660 est,
337 4583 459 4646 nourine
474 4581 596 4660 pristino
606 4595 807 4658 permanente,
823 4596 855 4642 ut
866 4583 919 4644 vir·
969 4593 1071 4641 straret
1087 4584 1102 4639 '.

274 4679 320 4727 tus
334 4664 464 4726 curantis
478 4673 626 4741 appareat.
642 4665 720 4722 Nam
737 4665 766 4722 in
781 4668 917 4741 catalogo
1012 4682 1057 4738 27.
1069 4664 1168 4739 plures
1179 4663 1307 4738 friatur]
1324 4668 1365 4726 lo.
1385 4687 1429 4739 ra,
1447 4685 1497 4739 ²4·
