4202 5492
459 380 517 462 66
838 403 865 460 s.
891 399 1146 460 Hraaouvur
1172 398 1437 458 pressurum

456 620 574 684 dimur.
600 618 744 684 Oremus
763 629 875 685 autem
903 617 1099 695 Dominum,
1123 627 1160 682 ut
1186 627 1220 680 et
1245 617 1342 681 nobis
1366 617 1589 700 interrumpat
1615 635 1715 692 mare,
1729 624 1766 679 ut
1780 622 1814 679 et

457 723 554 787 nobis
569 733 663 806 petra
679 721 760 796 fluat
782 741 897 804 aquas,
912 741 954 786 ne
980 731 1015 786 et
1041 731 1155 786 nostra
1179 720 1342 785 cadavera
1367 730 1515 803 pereant,
1529 729 1563 786 et
1586 721 1718 784 iaceant
1737 737 1814 780 curn

457 827 582 912 populo
613 827 646 892 iu
673 826 815 892 deserto.
843 826 943 892 Scitis
969 827 1059 890 enim
1082 825 1241 908 quoniam
1272 826 1435 888 cadavera
1465 835 1597 908 patrum
1626 833 1814 888 nostrorum

457 947 562 1010 usque
587 926 688 989 hodie
712 925 823 990 iacent
847 927 879 990 io
911 931 1054 994 deserto.
1080 928 1215 995 Credite
1253 928 1357 992 mihi:
1386 929 1687 1013 quotienscumque
1717 926 1815 990 video

456 1049 656 1114 synagogas,
676 1048 808 1112 semper
823 1029 904 1095 illud
920 1032 1029 1096 habeo
1045 1033 1078 1097 in
1095 1041 1217 1110 mente,
1231 1033 1322 1115 quod
1346 1032 1468 1097 dieitur
1482 1033 1527 1098 ab
1546 1030 1710 1114 apostolo,
1733 1049 1813 1113 quo·
1848 1034 1863 1086 5

457 1135 547 1200 niam
571 1155 638 1198 non
661 1134 823 1198 debemus
848 1135 999 1200 exultare
1024 1155 1124 1219 super
1149 1135 1272 1200 olivam
1298 1137 1391 1200 cuius
1417 1135 1513 1201 fracti
1539 1144 1619 1200 sunt
1644 1134 1739 1212 rami,
1754 1133 1812 1198 sed

457 1239 574 1303 timere
590 1237 767 1320 ;quoniam
784 1239 810 1300 si
833 1240 916 1303 rami
946 1239 1113 1304 naturales
1128 1240 1269 1323 praecisi
1293 1249 1381 1316 sunt,
1399 1248 1528 1322 quanto
1543 1237 1650 1320 magis
1670 1256 1741 1314 nos,
1755 1237 1813 1320 qui

457 1341 571 1407 inserti
587 1360 702 1404 sumus
717 1341 759 1404 de
775 1341 928 1420 oleastro,
944 1344 1123 1408 timeamus
1138 1363 1181 1408 ne
1197 1341 1316 1408 fiamus
1331 1344 1419 1410 sicut
1433 1353 1544 1425 patres
1565 1342 1669 1408 nostri
1690 1346 1698 1374 ‘
1713 1360 1814 1424 gene·

458 1445 543 1510 ratio
559 1464 661 1527 prava
687 1452 723 1506 et
746 1465 960 1528 exasperans,
975 1447 1148 1530 generatio
1172 1467 1259 1530 quae
1275 1467 1341 1510 non
1358 1446 1483 1510 direxit
1498 1467 1555 1510 cor
1572 1454 1730 1524 suomet
1746 1464 1813 1508 non

457 1556 509 1611 est
518 1547 663 1611 creditus
678 1566 755 1612 cum
772 1548 848 1612 Deo
860 1551 999 1632 spiritus
1023 1549 1094 1613 eius
1106 1549 1122 1614 '.
1138 1547 1309 1632 Quoniam
1333 1569 1400 1612 non
1425 1549 1552 1614 habent
1568 1549 1722 1632 spiritum
1739 1547 1815 1623 Dei,
1836 1557 1867 1594 ¹⁰

459 1658 635 1734 propterea
652 1650 773 1714 mortui
789 1663 876 1730 sunt,
891 1663 924 1717 et
950 1653 1059 1717 iacent
1084 1653 1248 1718 cadavera
1274 1671 1389 1716 eorum
1417 1651 1450 1716 in
1466 1652 1609 1719 deserto.
1625 1651 1701 1734 Ego
1716 1671 1815 1734 syna·

458 1772 564 1838 gogas
579 1771 694 1816 eorum
720 1752 802 1816 nihil
830 1752 921 1820 aliud
935 1745 1115 1838 intellego,
1131 1755 1193 1820 nisi
1209 1753 1361 1838 sepulcra
1387 1755 1420 1817 in
1446 1756 1588 1820 deserto.
1606 1753 1697 1837 Lege
1713 1751 1814 1818 libros

460 1864 595 1920 veteres.
612 1854 756 1922 Oremus
771 1867 884 1922 autem
902 1857 1098 1936 Dominum,
1113 1869 1150 1924 ut
1165 1867 1200 1924 et
1227 1860 1292 1924 ista
1307 1861 1459 1941 sepulcra
1474 1869 1657 1940 resurgant.
1674 1857 1711 1923 Si
1727 1857 1816 1919 enlm

460 1960 516 2024 filii
533 1961 691 2025 Abrahae
702 1960 781 2026 iacti
797 1962 1022 2046 suntlapides,
1037 1961 1094 2027 filii
1112 1962 1236 2040 Adam,
1249 1962 1305 2046 qui
1318 1960 1439 2026 mortui
1453 1970 1540 2038 sunt,
1557 1971 1696 2044 possunt
1712 1979 1817 2023 resur·

460 2084 547 2148 gere,
558 2067 585 2129 si
596 2066 738 2131 voluerit
749 2067 851 2132 Iesus.
864 2067 960 2132 Licet
970 2068 1059 2132 enim
1077 2067 1199 2132 mortui
1211 2077 1333 2131 suntet
1345 2067 1456 2130 iacent
1466 2063 1499 2127 in
1513 2063 1674 2177 sepulcra,
1688 2061 1818 2127 etiarnsi
1839 2075 1867 2129 ¹⁵

460 2169 673 2251 quatriduani
700 2179 787 2248 sunt,
804 2171 906 2235 etiam
923 2171 950 2234 si
967 2170 1103 2248 foetent,
1119 2179 1231 2252 potest
1246 2171 1293 2235 eis
1312 2169 1422 2234 dicere
1440 2169 1533 2232 lesus
1548 2187 1555 2231 :
1570 2172 1577 2199 ⁶
1593 2167 1727 2244 Lazare‚
1743 2165 1818 2248 veni

463 2271 560 2338 foras.
573 2270 580 2297 ’

853 2393 928 2467 DE
957 2375 1183 2468 PSALMO
1213 2389 1444 2467 LXXVIII.

510 2576 675 2670 Quoniam
683 2603 842 2676 pauperes
848 2594 939 2676 sacti
947 2614 1069 2660 sumus.
1084 2591 1254 2677 QuonIam
1271 2603 1308 2657 tu
1324 2613 1451 2676 pauper
1466 2612 1528 2675 pro
1544 2592 1640 2655 nobis
1656 2589 1763 2655 Iactus
1774 2610 1819 2666 es,

462 2705 639 2777 propterea
664 2708 698 2761 et
723 2716 785 2762 nos
809 2717 972 2781 pauperes
998 2698 1077 2762 iacti
1094 2694 1367 2764 sumus‘Oratio
1384 2695 1538 2778 pauperis
1554 2714 1631 2761 cum
1659 2695 1817 2758 anxiatus
1839 2719 1872 2756 ιο

463 2795 570 2876 luerit,
585 2807 619 2862 et
635 2797 788 2864 effuderit
804 2801 989 2867 orationem
1007 2822 1102 2867 suam
1119 2819 1231 2866 coram
1254 2798 1404 2864 DomIno
1416 2797 1433 2863 ’.
1449 2796 1620 2881 Quoniam
1640 2807 1676 2864 tu
1693 2817 1819 2881 pauper

465 2899 572 2965 iactus
587 2921 632 2981 es,
647 2923 724 2968 cum
741 2923 830 2968 esses
846 2905 948 2984 dives,
964 2918 998 2970 et
1015 2925 1076 2970 nos
1092 2923 1255 2987 pauperes
1271 2901 1351 2968 sacti
1368 2922 1493 2968 sumus.

505 3003 643 3070 Adiuva
664 3027 729 3085 rurs,
754 3007 847 3071 Deus
870 3008 1032 3073 salutaris
1057 3017 1170 3072 noster.
1198 3007 1236 3070 In
1263 3007 1422 3071 hebraico
1444 3005 1547 3072 habet
1562 3011 1570 3040 ‘
1583 3006 1719 3070 Adiuva
1749 3026 1820 3083 nos,

464 3109 556 3174 Deus
573 3109 667 3172 Iesus
683 3121 796 3175 noster
812 3111 827 3174 '.
845 3110 1061 3196 Ubicumque
1080 3111 1169 3176 enim
1185 3111 1333 3193 salvator
1357 3119 1416 3189 est,
1432 3110 1478 3174 ibi
1504 3111 1537 3175 in
1552 3110 1709 3176 hebraico
1727 3110 1819 3174 lesus

462 3205 572 3276 habet.
590 3211 746 3296 Denique
763 3211 899 3278 Gabriel
915 3215 1052 3297 quando
1068 3214 1158 3278 venit
1181 3215 1223 3278 ad
1241 3213 1405 3278 Mariam:
1421 3217 1428 3246 ‘
1446 3213 1493 3278 Et
1508 3214 1644 3278 vocabis
1660 3234 1747 3292 eum,
1771 3213 1819 3277 in·
1838 3237 1869 3291 ας

464 3316 544 3398 quit,
560 3314 672 3380 Iesum
688 3341 695 3380 ι
711 3317 773 3381 iste
800 3317 888 3382 enim
905 3318 1034 3383 salvum
1056 3317 1154 3382 faciet
1169 3315 1331 3400 populum
1348 3337 1445 3382 suum
1462 3317 1477 3382 ’.
1493 3317 1633 3383 Adiuva
1649 3339 1713 3394 nos,
1728 3316 1819 3380 Deus

461 3417 554 3480 Iesus
569 3428 682 3485 noster.
699 3419 823 3487 Videte
838 3423 918 3504 quid
935 3421 1025 3486 dicat
1039 3426 1047 3453 ‘
1063 3422 1184 3485 adIuva
1196 3419 1213 3486 '.
1230 3421 1297 3504 Qui
1313 3420 1394 3486 dicit
1409 3421 1549 3486 ‘adiuva
1563 3422 1579 3500 ’,
1594 3432 1629 3487 et
1645 3421 1715 3504 ipse
1738 3421 1818 3484 libe·
1913 3503 1917 3512 .

395 3604 396 3608 Ἰ
462 3525 525 3587 rari
541 3535 680 3589 conatur
694 3545 822 3610 :neque
837 3527 927 3590 enim
944 3526 1148 3591 dormientes
1174 3543 1236 3588 nos
1263 3524 1356 3588 Deus
1371 3525 1518 3601 adiuvat,
1533 3525 1592 3588 sed
1615 3523 1815 3590 laborantes.

494 3693 808 3757 Solemtro]oleurtro?A.
884 3691 1181 3760 fiarnuslcffia'amurS.
1274 3689 1470 3752 talt'droslli83
1485 3687 1648 3748 erldroscr
1665 3688 1773 3738 etlr'brir
1784 3687 1816 3737 G.

464 3789 494 3838 14
497 3776 568 3842 sacti
577 3775 648 3836 runt]
652 3778 722 3842 sacti
731 3795 819 3828 sumus
831 3779 862 3830 G.
967 3788 996 3842 15
1007 3775 1129 3842 sepulcra]
1142 3775 1183 3835 G;
1200 3773 1329 3839 sepulchra
1342 3773 1422 3832 BLS;
1440 3769 1576 3835 sepulchris
1588 3769 1617 3820 C.
1632 3768 1716 3819 Verba
1728 3767 1819 3832 quietis

462 3873 519 3909 cum
531 3859 716 3924 praepositione
729 3853 764 3917 el<
777 3860 911 3911 coniuncta
923 3859 1049 3910 interdum
1065 3858 1170 3908 innovo
1188 3865 1340 3906 testamento
1351 3855 1477 3918 leguntur,
1491 3863 1517 3901 ut
1530 3851 1622 3901 Mattb.
1637 3861 1661 3910 a,
1675 3861 1706 3913 23
1718 3865 1725 3910 ;
1738 3848 1816 3898 Marc.

463 3958 489 4006 a,
505 3957 514 3994 t
527 3963 536 4006 5
549 3945 610 3995 Luc.
626 3957 664 4005 tt,
679 3953 693 4006 7
706 3961 713 4006 ς
724 3946 783 3996 Aet.
797 3943 821 4006 8,
835 3958 868 4005 40
883 3953 931 3994 etc.
1035 3939 1064 3990 18
1076 3947 1121 3988 DE
1133 3945 1264 3988 PSALMO
1277 3936 1425 3998 Lxxvrrr]
1444 3935 1512 3985 Edit.
1526 3935 1558 3983 ad
1575 3933 1670 3984 calcem
1689 3929 1817 3981 Breviorii.

465 4027 606 4092 migrem,
622 4027 692 4091 1365.
779 4039 809 4088 19
819 4021 916 4083 uentus]
934 4024 1022 4075 Sadd.
1036 4023 1123 4074 nimis.
1208 4018 1390 4080 adunximus]
1406 4016 1502 4066 anxius
1519 4015 1552 4065 G.
1636 4024 1665 4062 21
1674 4008 1819 4076 pauper1G

464 4109 523 4159 add.
537 4109 612 4158 nobb.
714 4121 746 4171 24
757 4107 838 4170 Deus]
850 4108 891 4159 CS
902 4123 910 4166 ς
922 4123 971 4156 om.
988 4105 1064 4169 pBG.

505 4272 533 4330 5.
548 4251 732 4335 adapostolo]
748 4255 838 4314 Rom.
859 4274 904 4327 rr,
924 4271 966 4330 ¹7·
988 4257 1032 4314 18.
1168 4250 1294 4312 Hieron.
1322 4254 1330 4282 ‘
1353 4247 1504 4308 Auxilirue
1524 4243 1619 4318 nobis,
1636 4243 1720 4304 Deus
1735 4243 1820 4304 1esus

508 4353 551 4411 ¹7·
560 4331 661 4416 sorus]
677 4337 721 4396 lo.
741 4356 786 4409 11,
799 4355 847 4413 43.
861 4337 907 4399 Cs.
921 4355 1010 4415 supra
1025 4355 1053 4412 p.
1066 4354 1115 4410 43,
1147 4335 1150 4340 '
1168 4332 1295 4393 noster.¹

465 4417 483 4476 l.
504 4435 547 4477 tr.
1210 4430 1255 4490 25.
1276 4412 1399 4474 Gabriel
1409 4431 1435 4487 q.
1462 4429 1488 4470 v.
1504 4429 1532 4470 a.
1547 4403 1698 4487 Mariam]
1720 4407 1821 4466 Immo

506 4519 552 4560 ar.
568 4494 710 4578 Domino]
727 4501 774 4566 Ps.
794 4520 858 4574 ror,
878 4520 902 4564 1.
1169 4496 1324 4572 ‘Angelus
1354 4491 1500 4553 DominI'
1521 4490 1644 4567 quando
1672 4489 1752 4549 venit
1780 4487 1819 4546 ad

506 4600 552 4640 22.
564 4577 681 4660 drueth
699 4584 767 4643 Cor.
779 4584 807 4654 8,
824 4602 851 4658 9.
1169 4577 1288 4653 Ioseph,
1314 4575 1422 4634 Matth.
1452 4592 1477 4647 r,
1495 4592 1539 4632 21.
1557 4571 1603 4634 CI.
1630 4581 1730 4630 tamen
1746 4569 1816 4628 Luc.

507 4681 552 4735 24.
580 4664 661 4722 lesus
690 4661 794 4742 noster]
820 4664 908 4722 I'salt.
933 4661 1013 4722 iuxta
1033 4660 1115 4721 hebr.
1173 4679 1197 4732 r,
1214 4677 1263 4734 31·
