4092 5502
540 397 793 464 TRACTATUS
818 399 874 462 DE
899 401 1064 465 PSALMO
1086 401 1278 466 CXLVlllI.
1497 398 1572 482 311

227 615 323 680 nobis
338 625 409 680 est:
425 615 568 681 fructum
587 620 676 683 eni'rn
694 620 790 684 nobis
806 621 901 702 parit
918 621 1041 685 Videte
1057 621 1148 685 enini
1163 619 1243 702 quid
1260 619 1350 682 dicat
1365 641 1372 681 :
1389 615 1446 680 illa
1461 625 1494 680 et
1512 616 1579 694 illa,

227 739 311 802 quae
338 720 464 784 iaciunt
492 723 628 787 verbum
657 725 735 788 eius.
761 724 939 802 Erubesce,
955 725 1081 790 homo:
1106 732 1277 806 serpentes
1304 731 1337 784 et
1365 719 1485 803 abyssi,
1511 719 1582 796 nix,

227 822 359 904 pluviae
375 834 408 888 et
425 834 607 908 tempestas
628 829 766 892 verbum
779 829 842 892 Dei
860 827 994 908 iaciunt,
1006 839 1039 894 et
1055 841 1091 894 tu
1108 849 1174 892 non
1191 827 1279 890 iacis.
1297 825 1585 889 tlantesetamues

226 928 325 992 colles.
342 929 414 992 Nec
441 941 572 994 montes
603 941 775 997 mutantur
803 934 836 995 in
866 933 976 1010 colles,
992 954 1052 998 nec
1079 933 1181 998 valles
1207 935 1239 997 in
1269 941 1422 997 montes:
1446 940 1581 996 servant

197 1048 210 1102 5
228 1041 380 1097 naturam
399 1054 503 1098 suam.
518 1035 626 1116 Ligna
631 1036 825 1117 fructifera,
842 1048 874 1100 et
888 1059 996 1102 orrtrres
1017 1038 1110 1102 cedri.
1128 1039 1273 1122 Lignum
1291 1037 1384 1100 vides
1400 1036 1494 1118 quasi
1520 1036 1584 1099 sic·

228 1157 304 1200 curn
320 1137 451 1214 arnissis
463 1138 567 1201 loliis:
585 1149 618 1204 et
627 1142 741 1205 statim
758 1161 834 1205 curn
847 1161 902 1204 ver
913 1143 1050 1219 venerit,
1059 1143 1120 1207 tibi
1138 1143 1241 1207 mittit
1261 1160 1409 1224 germen,
1419 1139 1479 1204 tibi
1497 1139 1582 1203 irue-

227 1249 281 1304 tus
297 1241 448 1324 parturit.
468 1241 613 1322 Lignum
631 1243 690 1307 tibi
719 1245 861 1308 fructum
880 1246 977 1326 parit,
993 1255 1025 1308 et
1042 1255 1077 1309 tu
1097 1246 1171 1310 Deo
1187 1248 1312 1311 fructus
1329 1266 1395 1310 non
1424 1244 1522 1328 paris
1539 1243 1587 1308 Et

228 1365 336 1407 ornnes
350 1342 444 1410 cedri.
463 1345 599 1409 Imitare
615 1347 773 1412 cedrum:
797 1347 885 1410 cedri
903 1349 1055 1413 nituntur
1070 1351 1113 1413 ad
1130 1351 1207 1426 alta,
1224 1349 1318 1432 quasi
1336 1350 1377 1413 ad
1395 1347 1524 1412 caelum
1539 1347 1585 1410 ire

229 1447 398 1511 festinant.
415 1448 459 1510 Et
477 1458 511 1511 tu
529 1449 657 1514 imitare
686 1451 777 1534 ligna
793 1452 1048 1516 inrationabilia
1064 1452 1202 1529 Bestiae,
1227 1461 1259 1516 et
1285 1452 1439 1516 reniversa
1458 1462 1582 1533 pecora.

184 1573 214 1610 ro
231 1551 322 1614 Nihil
340 1562 472 1616 mutant
490 1563 642 1618 naturam
672 1574 788 1618 suam:
813 1556 928 1618 omnia
953 1567 1044 1620 stant
1072 1557 1104 1618 in
1129 1557 1244 1620 ordine
1270 1576 1340 1632 suo,
1356 1556 1483 1638 absque
1508 1553 1581 1618 solo

230 1655 375 1732 homine,
389 1656 442 1720 cui
459 1659 573 1721 omnia
595 1658 746 1723 subiecta
774 1671 860 1726 sunt.
881 1663 1057 1743 Serpentes,
1074 1670 1105 1723 et
1127 1662 1269 1724 volucres
1275 1668 1445 1741 pennatae.
1464 1657 1583 1740 Neque

230 1780 269 1824 ea
284 1780 370 1844 quae
385 1761 428 1823 de
445 1769 534 1824 terra
558 1771 636 1826 sunt
653 1763 695 1827 ad
711 1764 840 1829 caelum
867 1766 1003 1841 vadunt,
1031 1784 1139 1848 neque
1164 1783 1305 1845 eaquae
1332 1762 1365 1825 in
1390 1761 1484 1826 caelo
1502 1771 1580 1824 sunt

230 1865 273 1927 ad
301 1875 422 1928 terram
451 1866 588 1930 veniunt
604 1890 610 1930 :
627 1865 688 1930 tibi
716 1871 873 1934 serviunt.
895 1871 995 1933 Dicat
1018 1867 1159 1950 aliquis:
1187 1867 1381 1932 Secundum
1409 1865 1582 1930 historiam

231 1966 385 2051 loqueris,
401 1989 467 2033 non
486 1970 569 2032 dicis
585 1969 782 2054 allegorice:
798 1975 823 2036 si
837 1974 1020 2036 secundum
1034 1971 1205 2034 historiam
1223 1971 1315 2048 dicis,
1326 1985 1429 2052 quare
1440 1970 1585 2052 primum

186 2095 194 2130 r
199 2092 213 2146 5
231 2072 353 2154 abyssi,
370 2082 403 2136 et
420 2074 491 2150 nin,
506 2083 540 2138 et
555 2077 695 2157 grand0,
710 2077 832 2141 deinde
849 2077 940 2159 ligna
957 2075 1132 2146 fructifera.
1148 2086 1182 2139 et
1198 2086 1307 2140 cetera
1336 2075 1584 2140 inrationabilia

232 2175 370 2240 laudant
388 2178 583 2256 Dominum,
596 2189 630 2244 et
645 2191 835 2254 extremum
852 2181 977 2243 homo?
991 2179 1158 2261 Legamus
1172 2179 1340 2256 Genesim,
1351 2190 1384 2242 et
1400 2179 1584 2242 secundum

231 2284 382 2347 ordinem
401 2285 588 2350 nativitatis
604 2296 637 2349 et
654 2295 890 2365 creaturarum,
906 2287 951 2351 ita
967 2296 1001 2350 et
1028 2284 1215 2349 videbimus
1232 2293 1352 2348 cuncta
1368 2283 1512 2346 laudare.
1533 2281 1583 2344 lbi

232 2386 320 2450 enirn
338 2388 499 2470 scripturn
517 2398 578 2466 est,
594 2391 738 2472 primurn
756 2410 811 2454 eas
828 2391 1015 2454 animantes
1031 2387 1136 2452 lactas
1152 2408 1233 2466 esse,
1243 2408 1330 2471 quae
1347 2388 1379 2451 in
1390 2407 1479 2470 aqua
1489 2397 1586 2450 sunt:

233 2491 354 2556 deinde
383 2512 422 2556 ea
448 2493 545 2570 iacta,
562 2514 648 2578 quae
674 2495 707 2557 in
732 2504 819 2559 terra
847 2491 1083 2557 suntzdeinde
1111 2491 1200 2556 iacta
1226 2490 1392 2556 volatilia:
1410 2501 1443 2554 et
1470 2501 1587 2572 postea

186 2616 217 2652 20
234 2596 403 2660 hominem
416 2617 518 2662 unurn
532 2597 732 2680 lecitlgitur
744 2599 827 2662 sicut
842 2598 985 2680 primum
998 2595 1123 2660 lactum
1139 2606 1202 2674 est,
1214 2596 1260 2658 sic
1273 2595 1586 2658 laudetDominum.

234 2701 301 2766 Sed
319 2701 403 2764 alius
419 2722 536 2766 sensus
552 2712 613 2767 est.
629 2703 659 2768 O
677 2703 789 2779 homo,
805 2703 957 2766 universa
973 2701 1054 2765 haec
1071 2720 1157 2782 quae
1174 2701 1256 2778 dixi,
1272 2701 1364 2762 cuius
1379 2719 1480 2762 causa
1496 2699 1583 2763 lacta

234 2811 337 2869 sunt?
362 2805 505 2882 Bestiae,
520 2816 700 2888 serpentes,
717 2805 807 2888 ligna
835 2804 1010 2882 fructifera,
1026 2804 1177 2868 volucres
1201 2813 1387 2886 pennatae:
1414 2803 1497 2866 haec
1513 2803 1583 2867 uni-

234 2929 328 2972 versa
345 2909 376 2972 in
394 2929 435 2972 eo
451 2910 587 2974 laudant
606 2909 727 2986 Deum,
742 2909 819 2991 quia
844 2929 909 2971 non
938 2918 1067 2972 mutant
1084 2918 1237 2973 naturam
1254 2926 1358 2971 suam.
1376 2906 1584 2988 Praeceptum

233 3012 320 3076 enim
329 3013 451 3094 posuit,
473 3023 504 3076 et
529 3014 798 3096 rraupraeterr'bit.
816 3014 952 3077 Imitare
977 3033 1056 3094 ergo
1084 3033 1123 3076 ea
1148 3034 1234 3096 quae
1259 3011 1319 3076 tibi
1348 3012 1503 3075 serviunt.
1522 3009 1586 3074 Illa

187 3135 217 3188 ²5
235 3113 424 3194 factasunt,
440 3127 476 3180 ut
493 3118 553 3182 tibi
570 3120 735 3183 serviant:
752 3128 787 3182 tu
804 3116 911 3180 iactus
928 3137 972 3194 es,
984 3126 1020 3180 ut
1032 3118 1106 3180 Deo
1122 3118 1254 3182 servias.
1268 3115 1331 3179 Illa
1347 3116 1408 3179 tibi
1420 3115 1589 3179 serviunt:

146 3227 151 3236 '
235 3218 366 3284 imitare
381 3219 558 3284 servientia
574 3222 643 3298 tibi,
659 3231 692 3285 et
709 3223 792 3286 servi
807 3222 892 3297 Deo,
902 3223 987 3286 sicut
1003 3231 1035 3284 et
1053 3221 1108 3284 illa
1119 3222 1178 3284 tibi
1192 3221 1348 3298 serviunt,
1360 3229 1392 3284 et
1407 3241 1463 3302 per
1477 3220 1588 3284 Deum

236 3320 393 3386 serviunt.
410 3321 472 3388 Cui
490 3335 540 3388 est
554 3325 661 3407 gloria
677 3326 710 3388 in
728 3326 860 3388 saecula
885 3325 1101 3388 saeculorum.
1118 3323 1242 3388 Arnen.

582 3551 585 3557 '
614 3572 689 3644 nn
720 3571 943 3645 esnluo
972 3569 1224 3644 CXLvttlt.

284 3805 495 3870 Centesimus
523 3805 796 3889 quadragesimus
825 3827 932 3869 nonus
960 3807 1107 3888 psalmus
1134 3806 1238 3872 lectus
1266 3819 1326 3883 est,
1340 3809 1397 3890 qui
1426 3809 1527 3873 habet
1554 3809 1587 3872 in

194 3934 225 3984 30
240 3909 422 3992 principio:
453 3907 589 3974 Caritate
611 3909 750 3972 Dareine
775 3909 934 3972 canticum
960 3929 1085 3973 travam.
1115 3909 1213 3975 Dixit
1244 3923 1378 3976 sanctus
1410 3911 1592 3994 presbyter,

276 4113 284 4148 1
295 4099 377 4164 parit]
384 4106 482 4162 par-aret
493 4100 523 4149 C.
624 4099 639 4148 6
651 4105 675 4148 et
685 4101 770 4150 statim
782 4117 838 4148 curu
849 4097 1011 4156 pervenerit]
1032 4097 1131 4156 csG1;
1151 4103 1175 4147 et
1190 4101 1275 4148 statim
1295 4115 1351 4148 cum
1369 4101 1466 4148 venerit
1476 4106 1539 4147 estas
1552 4101 1592 4158 Ας

238 4189 317 4232 aestas
325 4199 380 4230 curu
388 4182 485 4230 verterit
494 4180 518 4246 β,
591 4183 707 4232 toNr'lrr'l
713 4179 823 4240 nrutant]
831 4181 906 4238 GlL;
919 4195 969 4228 nen
977 4179 1102 4246 mutautp
1115 4198 1122 4239 ;
1134 4180 1348 4231 ur'hilmutatCS.
1421 4195 1445 4230 11
1458 4198 1494 4246 sq.
1507 4182 1593 4246 Neque

239 4281 258 4314 e.
271 4281 294 4329 q.
308 4265 416 4313 aeterra
470 4264 577 4329 vadrrnt]
589 4280 639 4312 orn.
655 4263 678 4331 β.
784 4277 811 4312 12
830 4263 859 4310 de
878 4263 958 4323 terra]
978 4264 1039 4322 CS;
1059 4263 1093 4311 ari
1110 4271 1204 4312 terram
1223 4264 1255 4324 G,
1269 4265 1370 4312 alterra
1384 4265 1421 4320 L;
1441 4265 1470 4312 iu
1488 4271 1557 4314 terra
1571 4265 1589 4314 l.

244 4358 271 4408 13
283 4345 343 4406 u'tt]
355 4345 420 4393 codrl
431 4362 438 4402 ;
449 4346 491 4392 seri
500 4346 538 4393 ibi
550 4347 600 4393 Dea
613 4344 636 4411 β.
742 4345 770 4393 16
781 4344 930 4405 extraneum]
942 4347 976 4394 ari
985 4354 1123 4394 extreruum
1138 4349 1160 4412 p.
1266 4359 1294 4406 19
1305 4346 1419 4410 caserta]
1431 4347 1547 4410 eassacta
1559 4348 1591 4396 G.

242 4441 274 4476 20
283 4423 376 4484 lauder]
387 4427 452 4476 codd
463 4443 470 4484 ;
482 4427 570 4474 laudat
583 4429 606 4494 p
709 4441 736 4475 21
751 4427 817 4488 iaec]
830 4427 878 4474 ista
891 4425 914 4494 β
1018 4439 1048 4490 23
1060 4444 1116 4492 sqq.
1131 4429 1288 4490 Praeceptum
1300 4428 1367 4476 enim
1379 4427 1429 4488 etc]
1440 4429 1558 4478 Clausala
1569 4429 1594 4477 in

243 4509 259 4575 β
270 4509 369 4574 longior
380 4519 427 4566 est,
441 4517 464 4558 ct
476 4509 509 4558 ab
522 4509 679 4572 Hieronymo
691 4525 790 4573 prorsus
801 4509 891 4559 aliena.
994 4507 1180 4568 asservatum]
1192 4513 1209 4560 S
1221 4527 1228 4568 ;
1244 4511 1366 4558 see-arenti
1376 4513 1407 4569 G,
1422 4513 1443 4560 C
1456 4513 1554 4570 (mutat.
1569 4512 1594 4561 in

241 4585 558 4652 servientes);servr'eutenr
572 4589 600 4638 L.
670 4603 700 4650 27
712 4591 836 4650 servirent]
849 4592 886 4641 Gl
900 4609 949 4641 orn.
965 4592 1132 4657 doxologiam.
1205 4593 1236 4642 28
1249 4601 1293 4640 DE
1302 4601 1432 4642 PSALMO
1441 4594 1593 4655 ct'Lthtl]

244 4673 317 4724 Brer.
332 4675 379 4722 col.
397 4685 466 4734 1341.
567 4683 599 4734 30
611 4674 689 4722 Dixit
700 4681 798 4721 sameas
807 4674 940 4736 preslyter]
951 4677 975 4725 d.
988 4692 1008 4724 r.
1018 4678 1137 4740 propheta
1149 4677 1169 4725 C
1181 4694 1188 4734 ;
1199 4679 1223 4727 rt.
1237 4695 1276 4740 scy
1282 4686 1325 4742 pr.
1340 4681 1363 4729 G
1374 4697 1381 4737 ;
1394 4695 1443 4729 om.
1459 4679 1502 4746 βὸ.
