4092 5502
406 426 489 512 352
741 463 745 474 ·
786 417 1384 489 s.'‘ntnRONYM1'PRnsuvTuR1
1417 443 1420 468 ι

408 637 527 723 unum,
538 641 580 709 et'
590 644 710 708 Heliae
725 635 843 709 unuln.
854 640 988 726 Aliquis
1004 632 1160 726 lo'qua'tur
1174 635 1217 706 ad
1236 631 1442 706 Dominum}
1458 627 1765 705 Facio'tibi'tabe‘rss

407 749 573 827 naculum,
589 748 674 813 iacio
690 759 723 813 et
747 740 850 813 'servis
866 750 932 812 tuis
956 746 1079 812 similia
1101 743 1324 810 tabernacula.
1353 745 1543 829 Siquando
1569 742 1762 828 inaequales

407 851 590 935 aequaliter
615 853 830 931 honorantur,
855 851 992 916 maioris
1013 850 1130 915 iniuria
1157 861 1216 915 est.
1244 849 1517 916 Faciamustria
1538 848 1761 914 tabernacula

408 957 491 1021 Tres
506 951 601 1022 erant
617 958 649 1020 in
667 966 782 1021 monte
798 955 951 1040 apostoli,
968 964 1001 1020 et
1020 955 1137 1021 volunt
1153 953 1262 1019 iacere
1282 953 1346 1020 tria
1361 953 1585 1023 tabernacula.
1602 953 1684 1017 Erat
1702 953 1761 1016 Pe·

408 1071 486 1138 trus,
501 1070 571 1125 erat
587 1061 727 1125 lacobus
743 1071 777 1125 et
795 1049 962 1124 Iohannes
977 1084 985 1125 ι
1001 1060 1073 1124 vult
1090 1080 1175 1124 unus
1198 1079 1301 1124 unum
1318 1047 1545 1143 capere,'aitet
1560 1056 1713 1135 alterum,
1728 1067 1762 1120 et
1798 1074 1814 1128 5

408 1165 524 1230 tertius
540 1165 685 1232 tertium.
703 1165 777 1228 Non
795 1163 885 1228 enim
908 1163 1034 1228 sciebat
1050 1163 1130 1246 quid
1149 1161 1284 1240 diceret,
1307 1181 1383 1229 cum
1403 1156 1586 1228 Dominum
1603 1181 1679 1224 cum
1696 1152 1761 1224 seri

407 1269 456 1332 vis
472 1268 655 1352 acqualiter
670 1268 858 1334 honoraret.
885 1267 1000 1332 Unum
1017 1267 1182 1350 siquidem
1199 1277 1249 1332 est
1265 1265 1516 1332 tabernaculum
1533 1264 1709 1349 evangelio
1728 1257 1763 1329 et

407 1373 472 1456 legi
495 1382 529 1437 et
563 1371 743 1456 prophetis.
768 1371 840 1434 Nisi
873 1371 971 1436 simul
1004 1370 1235 1448 habitaverint,
1270 1390 1335 1435 non
1368 1380 1508 1454 possunt
1542 1369 1665 1436 babere
1683 1389 1763 1433 con·

407 1475 566 1542 cordiam.
638 1521 640 1528 ,

451 1581 501 1645 Et
506 1582 605 1662 sucta
617 1591 666 1644 est
680 1579 778 1645 nubes
791 1579 987 1645 obumbrans
1007 1599 1066 1643 cos.
1084 1577 1200 1643 Nubes
1218 1578 1401 1644 secundum
1414 1579 1624 1645 Matthaeum
1638 1577 1763 1673 percurri
1783 1605 1817 1644 ιο

410 1694 494 1759 Mihi
515 1694 645 1786 videtur
669 1691 732 1756 ista
750 1691 855 1756 nubes
878 1710 950 1755 esse
966 1691 1074 1774 gratia
1090 1689 1234 1773 Spiritus
1251 1691 1367 1756 sancti.
1395 1677 1663 1756 'sabernaculum
1680 1689 1763 1772 tegit

410 1799 541 1881 utique,
549 1808 582 1862 et
606 1796 784 1862 obumbrat
801 1795 856 1878 qui
874 1805 951 1860 sunt
975 1797 1006 1859 in
1024 1794 1248 1860 tabernaculo.
1277 1793 1404 1878 Quod'
1396 1797 1496 1878 rgitur
1523 1795 1632 1860 solent
1657 1793 1765 1857 iacere

409 1899 634 1978 tabernacula,
652 1899 721 1964 hoc
748 1897 824 1963 lecit
850 1897 964 1964 nub'es.
980 1898 1011 1964 O
1038 1899 1142 1976 Petre,
1158 1898 1214 1982 qui
1242 1899 1291 1964 vis
1318 1897 1389 1963 tria
1408 1899 1516 1962 iacere
1540 1895 1765 1974 tabernacula,

410 1987 667 2086 respiceunum
696 2002 947 2068 tabernaculum
974 2002 1117 2085 Spiritus
1149 2003 1268 2080 sancti,
1294 2001 1351 2085 qui
1377 2023 1438 2066 nos
1464 2003 1587 2085 pariter
1610 2001 1763 2086 protegit.

411 2107 447 2174 Sl
476 2105 858 2184 iecisses'tabernacula,
881 2103 995 2190 utique
1022 2105 1155 2170 fecisses
1190 2106 1356 2171 humana:
1389 2115 1423 2171 et
1450 2107 1564 2190 utique
1590 2107 1646 2170 ilia
1670 2105 1817 2180 fecis-15

408 2201 575 2296 'sesquae
591 2212 698 2277 lucem
726 2210 1004 2288 excluderent,³et
1020 2210 1172 2275 umbram
1197 2210 1412 2276 includerent.
1430 2210 1545 2276 Nubes
1568 2213 1682 2275 autem
1692 2209 1765 2292 ipsa

411 2316 521 2381 lu'cida
546 2324 580 2381 et
603 2316 815 2393 obumbrans,
836 2315 899 2380 hoc
914 2325 964 2380 est
985 2334 1089 2379 unum
1118 2314 1370 2379 tabernaculum
1388 2333 1453 2379 non
1482 2313 1633 2379 excludit
1659 2314 1765 2379 solem

407 2410 567 2498 iustitiae,
583 2421 642 2484 sed
659 2420 806 2484 includit.
834 2421 877 2484 Et
894 2419 984 2484 dicet
1006 2403 1066 2516 tibi
1085 2420 1182 2484 Pater
1196 2442 1204 2483 :
1220 2418 1311 2502 Quid
1329 2418 1409 2484 iacis
1436 2420 1499 2485 tria
1523 2418 1765 2486 tabernacula?

409 2529 492 2590 ‘'eoce
515 2525 619 2590 habes
646 2531 749 2588 unum
766 2524 1031 2590 tabernaculum.
1055 2523 1143 2588 Vide
1160 2523 1362 2608 mysterium·
1372 2523 1557 2602 Trinitatis,
1580 2523 1765 2588 secundum

412 2648 521 2694 meam
538 2638 651 2695 tamen
676 2627 948 2710 intellegentiam.
966 2627 1042 2710 Ego
1069 2629 1158 2691 enim
1178 2647 1288 2704 omne,
1305 2630 1394 2710 quod
1411 2627 1579 2712 intellego,
1594 2629 1666 2693 sine
1682 2627 1764 2711 Xpi·
1785 2649 1823 2690 zo

406 2737 464 2798 ‘sto
479 2742 512 2797 et
529 2733 655 2832 Spiritu
674 2717 803 2798 'sancto
819 2743 853 2796 et
871 2733 968 2796 Patre
991 2730 1069 2797 nolo
1085 2731 1285 2814 intellegere.
1301 2729 1375 2797 Nisi
1392 2715 1590 2797 intelleitero
1606 2733 1638 2796 in
1656 2731 1764 2796 Trini-

408 2846 479 2902 tate
495 2827 581 2920 quac
606 2857 659 2900 me
674 2835 826 2914 salvabit,
841 2834 938 2899 dulce
960 2820 1043 2900 mihi
1067 2855 1132 2898 non
1130 2843 1261 2925 potest
1277 2854 1350 2898 esse
1373 2818 1463 2930 quod
1481 2835 1646 2918 intellego.
1662 2834 1765 2898 Facta

408 2945 458 3005 e'st
472 2941 568 3006 rrubcs
591 2942 707 3032 portui,
730 2940 848 3015 luentia,
869 2947 901 3002 et
916 2939 1006 3003 venit
1019 2959 1083 3002 uox
1095 2938 1134 3002 de
1149 2937 1238 3018 nube,
1261 2937 1393 3004 dicens:
1413 2923 1482 3002 Hic
1494 2948 1543 3003 est
1554 2937 1664 3002 Filius
1678 2957 1766 3002 atreus

409 3049 601 3117 dirissimus
602 3052 729 3135 ,ipsum
743 3049 862 3116 audite.
880 3049 978 3133 Quod
1004 3050 1094 3129 dicit,
1109 3051 1173 3116 hoc
1189 3061 1262 3118 est:
1278 3050 1310 3117 Ο
1328 3052 1433 3129 Petre,
1448 3071 1504 3134 qur
1496 3050 1612 3128 'dicis,
1628 3049 1763 3114 Faciant

410 3157 505 3221 vobis
523 3157 586 3221 tria
602 3155 825 3232 tabernacula,
841 3157 901 3220 tibi
918 3176 1031 3234 unum,
1047 3167 1079 3220 et
1097 3157 1207 3242 Moysi
1233 3176 1345 3233 unum,
1359 3167 1394 3222 et
1412 3155 1532 3220 Heliae
1544 3173 1671 3220 unum
1687 3153 1765 3218 nolo
1785 3178 1820 3230 25

411 3269 460 3324 ut'
475 3259 576 3324 iacias
603 3260 665 3324 tria
692 3259 915 3324 tabernacula.
941 3260 1029 3324 Ecce
1046 3280 1109 3343 ego
1125 3260 1185 3324 tibi
1212 3261 1290 3324 dedi
1314 3259 1576 3337 tabernaculum,
1591 3257 1683 3342 quod
1706 3276 1765 3321 uos

404 3351 574 3447 protegat.
604 3364 681 3429 Noli
709 3363 892 3446 aequaliter
910 3364 1058 3428 Domino
1074 3374 1106 3428 et
1122 3365 1225 3428 servis
1242 3363 1348 3428 iacere
1373 3361 1597 3428 tabernacula.
1626 3359 1693 3426 Hic
1715 3370 1765 3423 est

412 3467 516 3531 Filius
532 3486 625 3530 meus
641 3467 839 3542 carissimus,
855 3467 963 3549 ipsum
989 3467 1111 3532 audite.
1130 3467 1195 3531 Hic
1219 3475 1270 3530 est
1287 3467 1390 3532 Filius
1406 3487 1520 3532 meus:
1535 3487 1602 3531 non
1620 3465 1767 3548 Moyses,

411 3591 478 3636 non
497 3571 623 3637 Helias.
643 3570 703 3633 lsti
718 3569 802 3634 servi
830 3581 917 3648 sunt,
932 3570 985 3635 hic
1014 3570 1117 3634 Filius
1135 3580 1192 3636 est
1212 3571 1278 3636 Hic
1294 3584 1344 3636 est
1362 3571 1465 3637 Filius
1493 3591 1609 3636 meus:
1633 3571 1766 3635 demea

411 3687 538 3754 natura,
554 3673 597 3739 de
613 3694 687 3738 mea
703 3674 899 3752 substantia,
916 3677 947 3739 in
966 3695 1018 3738 me
1036 3695 1183 3752 manens,
1198 3685 1232 3740 et
1248 3685 1339 3760 totus
1354 3677 1445 3759 quod
1462 3696 1526 3760 ego
1541 3694 1625 3741 sum.
1639 3673 1704 3738 Hic
1715 3682 1765 3737 est
1786 3695 1822 3747 30

412 3779 516 3844 Filius
533 3789 626 3843 meus
644 3776 842 3844 carissimus.
860 3779 904 3843 Et
921 3778 967 3842 illi
985 3780 1119 3862 quidem
1137 3779 1203 3843 cari
1230 3789 1317 3856 sunt,
1333 3781 1390 3845 sed
1409 3782 1470 3845 iste
1487 3779 1678 3844 carissimus
1693 3786 1767 3842 est:

410 3883 499 3947 hunc
525 3881 626 3965 igitur
652 3881 774 3944 audite.
806 3879 857 3944 llli
885 3882 984 3946 istum
1002 3883 1204 3964 praedicant,
1227 3894 1412 3948 vosautem
1438 3883 1527 3948 hunc
1553 3883 1686 3947 audite:
1711 3880 1766 3945 ille

403 3984 588 4076 Dominus,
604 3985 657 4050 isti
673 3985 822 4050 conservi
840 3996 926 4053 sunt.
944 3987 1082 4070 Moyses
1097 3997 1131 4053 et
1149 3988 1266 4054 Helias
1282 3990 1325 4054 de
1341 3989 1465 4072 Xpisto
1480 3987 1671 4072 loquuntur,
1687 4006 1766 4052 con·

404 4211 411 4218 ·
446 4192 475 4243 18
486 4191 561 4256 dicet]
572 4195 619 4256 pro
629 4190 708 4240 dicit?

419 4380 477 4436 ·.7
503 4359 665 4436 aequaliter
688 4357 855 4438 honoraret]
878 4357 1001 4418 Hieron
1030 4357 1060 4417 in
1114 4360 1204 4420 landa
1219 4373 1295 4424 sunt.
1313 4363 1342 4423 si
1358 4373 1457 4425 autem
1473 4361 1590 4440 quaeris
1606 4361 1659 4424 tria
1673 4362 1767 4424 taber·

413 4440 1060 4516 Matth.17,4‘Erras,Petre...nescis
1115 4444 1218 4502 nacula
1222 4461 1430 4522 nequaquam
1441 4463 1540 4505 seruos
1550 4463 1618 4505 cum
1634 4443 1767 4505 Domino

410 4521 484 4602 quid
499 4522 588 4582 dicas.
607 4521 678 4580 Noli
693 4519 747 4580 tria
769 4521 958 4582 tabernacula
972 4540 1060 4599 quae·
1115 4523 1269 4584 conseras’
1284 4537 1340 4586 etc.

410 4623 482 4676 rere,
498 4623 567 4663 curn
584 4621 676 4662 unum
688 4601 724 4662 sit
737 4602 961 4662 tabernaculum
974 4621 1059 4664 eran·
1160 4625 1204 4666 10.
1221 4610 1335 4686 φωτινη]
1349 4606 1457 4668 Matth
1474 4625 1519 4684 ι7,
1535 4625 1562 4686 5.

409 4683 510 4765 gelii,'
504 4703 533 4745 rn
549 4703 609 4761 quo
624 4683 671 4744 lex
686 4694 715 4743 et
730 4683 892 4762 prophetae
915 4683 1060 4762 recapitu-
