4202 5492
479 439 561 500 122
836 429 888 510 ⁴S.
912 429 1167 500 HIERONYMI
1188 431 1454 496 PRESBYTERI

480 655 582 722 modo
605 651 666 718 flos
689 650 797 728 cadat,
818 657 852 713 et
875 647 946 731 ipse
968 647 1030 712 flos
1052 656 1200 714 vertatur
1222 649 1255 714 in
1281 669 1428 732 pomum.
1451 648 1563 714 Video
1587 645 1750 731 paulatim
1776 642 1836 729 per

480 757 629 843 singulos
653 753 772 820 diesin
789 752 921 835 singula
937 761 1088 833 tempora
1106 751 1185 816 mihi
1203 761 1356 818 naturam
1383 755 1512 838 operari
1529 763 1562 818 et
1578 753 1610 818 in
1629 773 1723 818 meos
1738 751 1831 817 cibos

480 879 635 928 crescere.
658 857 769 923 Video
795 857 967 938 quomodo
993 857 1086 920 Deus
1113 856 1146 921 in
1173 857 1329 924 omnibus
1346 858 1427 922 mihi
1445 857 1583 937 laborat,
1598 868 1636 922 ut
1652 857 1733 922 mihi
1750 855 1832 920 nihil

481 966 588 1031 desit:
610 973 643 1028 et
659 971 835 1047 propterea
851 959 969 1024 exulto
984 959 1017 1023 in
1035 969 1068 1024 te
1086 960 1242 1025 Domine.

527 1068 636 1149 Quom
667 1063 877 1148 magnificata
902 1072 981 1126 sunt
1004 1075 1099 1145 opera
1122 1073 1180 1127 tuo
1204 1065 1351 1130 Domine.
1371 1067 1410 1131 ln
1435 1067 1498 1130 hoc
1526 1066 1600 1155 loco
1624 1067 1776 1132 Marcion
1800 1071 1886 1132 et's
1963 1119 1967 1128 .

483 1171 702 1239 Manichacus
728 1175 916 1249 erumpunt.
932 1166 1023 1251 Quid
1048 1167 1137 1232 euim
1166 1170 1281 1234 dicunt
1296 1176 1308 1233 i
1326 1171 1361 1235 Si
1387 1171 1501 1235 omnia
1528 1171 1621 1236 Deus
1649 1169 1736 1248 fecit,
1751 1180 1784 1235 et
1800 1171 1832 1235 in

483 1276 660 1340 utilitatem
678 1272 851 1336 hominum
869 1270 955 1346 fecit,
969 1271 1049 1353 quid
1067 1291 1201 1338 necesse
1226 1273 1288 1338 fuit
1313 1275 1464 1338 cimicem
1492 1275 1599 1339 facere
1614 1284 1648 1339 et
1664 1273 1833 1357 pulicem?

474 1381 560 1464 ἶΕςο
586 1379 646 1444 tibi
671 1375 814 1442 breviter
840 1375 1048 1456 respondeo:
1075 1384 1111 1439 ut
1136 1377 1378 1458 ostenderetur,
1394 1399 1415 1442 o
1440 1378 1551 1455 homo,
1576 1376 1739 1460 fragilitas
1764 1388 1830 1442 tua.

483 1484 550 1568 Qui
567 1483 655 1547 enim
672 1479 911 1563 cogitationem
928 1488 1021 1542 tuam
1040 1479 1072 1540 in
1088 1478 1219 1544 caelum
1236 1481 1343 1563 ponis,
1358 1483 1494 1565 respice,
1511 1482 1702 1547 morderisa
1716 1481 1832 1546 cimice

482 1597 517 1654 et
531 1584 776 1653 contremescis.
792 1581 881 1665 Quid
904 1581 1038 1664 erigeris
1055 1583 1087 1646 in
1106 1584 1246 1661 caelum,
1261 1593 1294 1648 et
1318 1585 1480 1668 cogitatio
1504 1596 1563 1650 tua
1579 1585 1784 1650 transcendit
1800 1585 1833 1647 in
1855 1599 1889 1638 ιο

481 1690 635 1756 caelum?
653 1689 740 1754 Ecce
755 1707 776 1750 a
791 1686 909 1750 cimice
924 1685 1114 1755 vulneraris.
1133 1685 1241 1765 Quum
1258 1689 1471 1772 magnificata
1485 1699 1564 1754 suut
1577 1701 1671 1773 opero
1694 1699 1752 1753 trra
1768 1689 1834 1752 Do-

482 1797 576 1862 mine.
596 1797 700 1860 Parva
716 1792 852 1876 quidem
869 1799 1018 1874 corpora,
1034 1792 1093 1856 sed
1112 1813 1235 1875 magna
1252 1794 1345 1857 ratio.
1363 1794 1504 1878 Singula
1519 1796 1646 1861 habent
1670 1795 1833 1860 utilitates

482 1919 569 1964 suas.
585 1899 661 1981 Ego
687 1897 734 1964 sic
759 1895 859 1960 miror
876 1896 1063 1960 Dominum
1081 1898 1113 1960 in
1131 1895 1287 1975 elefanto,
1302 1901 1474 1980 quomodo
1499 1909 1533 1964 et
1549 1901 1582 1964 in
1609 1898 1749 1964 formica
1764 1920 1772 1978 ;
1787 1898 1834 1962 sic

483 2003 576 2070 illum
593 2002 749 2086 praedico
765 2001 797 2066 iu
814 2000 952 2076 camelo,
968 2002 1141 2084 quomodo
1156 2011 1188 2066 et
1206 2001 1237 2065 in
1263 2001 1481 2085 culice.Vide
1498 2001 1648 2080 culicem,
1663 2002 1835 2086 quomodo

482 2108 577 2193 quasi
603 2115 765 2189 punctum
790 2103 964 2169 cuiusdam
991 2104 1179 2188 corpusculi
1206 2115 1267 2182 est,
1282 2114 1316 2169 et
1333 2115 1446 2170 tamen
1475 2107 1551 2171 vide
1567 2107 1600 2171 in
1618 2109 1692 2190 ipso
1709 2117 1835 2190 puncto
1856 2117 1888 2172 1⁵

482 2209 669 2292 corpusculi
685 2208 799 2274 omnia
814 2227 886 2272 esse
903 2209 1053 2272 membra
1069 2207 1184 2273 divisa.
1202 2209 1317 2273 Habet
1333 2230 1395 2274 sex
1412 2213 1523 2292 pedes,
1539 2211 1641 2276 habet
1657 2214 1742 2276 duos
1758 2231 1835 2274 ocu·

483 2313 543 2392 los,
554 2313 655 2377 hahet
668 2331 707 2376 os
722 2320 757 2376 et
772 2319 933 2389 ventrem,
945 2312 1092 2376 habetet
1104 2312 1220 2376 tubam
1234 2315 1334 2388 vocis,
1346 2313 1448 2379 habet
1464 2325 1497 2379 et
1510 2315 1589 2380 alas.
1601 2315 1637 2381 Si
1648 2315 1835 2380 considera-

478 2419 570 2499 ¹ueris
597 2417 757 2492 membra,
773 2434 895 2498 corpus
922 2435 988 2480 non
1015 2415 1164 2494 invenis3
1181 2427 1214 2480 et
1240 2427 1353 2482 tamen
1380 2417 1614 2502 magnificatur
1640 2419 1742 2496 Deus,
1757 2419 1836 2502 quia

485 2522 556 2588 sine
573 2541 711 2605 corpore
728 2520 879 2584 membra
894 2529 970 2584 sunt
986 2521 1108 2586 omnia.

527 2625 643 2690 Nimis
651 2623 836 2707 profundae
842 2625 956 2703 sactae
970 2634 1048 2688 suut
1061 2625 1268 2708 cogitationes
1283 2634 1364 2692 tuae.
1379 2625 1625 2709 Quodcumque
1637 2627 1835 2709 cogitavere,
1855 2639 1890 2678 ¹0

483 2729 630 2795 invenire
646 2749 713 2794 non
730 2733 899 2812 possum*
917 2727 1072 2809 Abyssus
1088 2729 1210 2794 iudicia
1237 2738 1294 2793 tua
1310 2727 1349 2792 ’.‘
1371 2727 1401 2793 O
1418 2728 1621 2810 profundum
1645 2729 1835 2795 divitiarum

482 2834 667 2917 sapientiae
693 2843 727 2898 et
753 2832 912 2899 scientiae
940 2835 1004 2901 Dei
1021 2837 1037 2900 '.
1064 2838 1185 2901 Dicam
1212 2847 1245 2900 et
1272 2856 1336 2919 ego
1361 2855 1436 2900 cunt
1464 2836 1693 2901 Ecclesiaste:
1719 2837 1837 2913 ‘Dixi

482 2938 615 3022 sapiens
631 2937 771 3006 efficiar:
788 2946 822 3000 et
852 2938 924 3020 ipsa
940 2939 1039 3022 longe
1055 2940 1143 3004 sacta
1159 2950 1210 3004 est
1226 2961 1246 3003 a
1262 2960 1324 3016 me,
1340 2940 1472 3021 longius
1490 2941 1596 3004 multo
1619 2960 1719 3023 quarn
1744 2949 1813 3003 erat
1830 2963 1837 3002 ε

483 3050 516 3106 et
544 3041 719 3122 profunda,
733 3041 807 3123 quis
835 3041 982 3106 invenire
1009 3045 1146 3126 potest?
1170 3044 1177 3070 ’
1200 3044 1420 3108 Ecclesiastes
1444 3043 1534 3126 quod
1562 3045 1654 3122 dicit,
1678 3044 1742 3108 hoc
1767 3051 1837 3108 est:

517 3187 592 3253 tt'pse
593 3189 656 3254 flos]
668 3191 721 3254 ipso
725 3191 777 3255 flos
788 3192 819 3242 G.
891 3197 947 3244 ain
958 3195 1072 3259 singula]
1078 3199 1238 3261 persingulo
1250 3199 1276 3248 S.
1357 3198 1633 3262 suffarcionmartion
1646 3199 1703 3248 BG.
1779 3197 1838 3260 yri-

483 3270 580 3332 mirem]
581 3270 719 3334 formicam
732 3273 752 3322 C
764 3289 771 3332 ς
783 3275 897 3339 sciuisem
910 3276 956 3326 Ba
969 3295 1001 3328 m.
1070 3292 1113 3340 9o
1124 3280 1218 3342 cimice]
1227 3281 1355 3345 usormire
1367 3281 1388 3328 C
1401 3297 1407 3339 ς
1420 3283 1497 3330 umere
1510 3281 1538 3331 B.
1621 3295 1651 3331 10
1661 3280 1838 3342 contumacis]

482 3353 648 3404 contremiscis
659 3354 794 3420 G,Csup.
809 3355 853 3406 lin.
938 3359 1360 3421 r'rtcaelum]odroeluotC;coclo
1372 3361 1403 3410 G.
1487 3374 1513 3410 tt
1528 3360 1838 3424 aciurr'celafirmireCr

483 3434 891 3502 ariuiteBmutat.iuoscinise.
995 3453 1004 3490 t
1010 3441 1150 3506 3elesouto]
1161 3442 1265 3506 elifanto
1277 3443 1309 3502 G,
1325 3444 1420 3494 Bcorr.
1434 3443 1597 3508 3c1epuutoC
1612 3455 1621 3492 t
1638 3459 1671 3492 m.
1769 3453 1798 3503 14
1810 3443 1839 3490 iu

483 3518 569 3580 culice]
581 3519 610 3568 iu
618 3519 726 3584 pulicem
739 3517 759 3567 C
772 3534 779 3576 ς
800 3517 828 3568 iu
836 3520 954 3586 pullicum
967 3523 998 3572 G.
1100 3525 1210 3588 cult'cem]
1224 3523 1335 3588 pulicem
1348 3523 1403 3574 CG.
1506 3536 1535 3574 21
1550 3524 1669 3588 Abysrtus]
1689 3523 1838 3574 udwsusll

483 3597 510 3649 lu
522 3615 599 3664 marg.
613 3615 676 3650 corr.
690 3615 720 3650 ex
732 3599 827 3663 abysus.
929 3616 960 3668 23
971 3605 1050 3668 louge]
1063 3605 1104 3655 CS
1116 3623 1124 3666 ς
1136 3606 1232 3668 lougius
1246 3603 1318 3672 pssG.
1420 3617 1451 3666 24
1457 3604 1598 3671 profundo]
1609 3611 1688 3671 repet.
1703 3606 1729 3656 S.

526 3737 552 3797 5.
569 3721 608 3780 lu
622 3721 741 3781 hocloco
754 3718 905 3802 Marcion]
922 3721 1048 3781 Hieron.
1064 3739 1133 3780 con·
1229 3737 1262 3796 15
1279 3738 1342 3796 sqq.
1356 3727 1524 3795 punctumc.
1535 3720 1728 3796 corpusculi...
1741 3717 1840 3778 Habet

484 3813 527 3862 tra
549 3803 646 3879 Pelag.
664 3821 688 3862 ι.
707 3823 744 3860 ao
760 3813 767 3834 ·
784 3802 874 3862 Dicat
897 3805 970 3864 haec
997 3802 1132 3862 Marcion
1184 3821 1234 3860 sex
1241 3797 1338 3880 pedes]
1356 3799 1479 3861 Hieron.
1497 3811 1600 3860 contra
1620 3800 1731 3859 Rufhn.
1750 3819 1776 3875 3,
1802 3801 1837 3857 28

484 3892 514 3944 et
525 3900 631 3944 omnes
641 3883 779 3944 haeretici
788 3882 840 3961 qui
849 3881 1134 3960 creatorisoperibus
1186 3891 1296 3959 ‘quare
1310 3881 1441 3955 formica,
1459 3900 1581 3958 parvum
1596 3881 1714 3953 animal,
1727 3891 1756 3941 et
1767 3899 1839 3957 pun·

484 3961 622 4026 illudunt
638 3963 646 3992 '
1184 3975 1266 4024 ctum
1293 3975 1324 4024 ut
1343 3961 1383 4022 itu
1407 3963 1506 4023 dicam
1521 3961 1661 4040 corporis,
1677 3980 1728 4022 sex
1747 3962 1838 4038 pedes

529 4042 768 4126 invulnerem]
796 4045 920 4108 Hieron.
947 4045 977 4106 in
1005 4045 1077 4106 Ioel.
1107 4064 1132 4117 2,
1185 4045 1293 4106 habeat
1307 4047 1323 4104 ³.

487 4144 523 4184 aa
539 4143 604 4203 sqq.
623 4131 630 4158 ‘
646 4127 738 4188 Unde
749 4138 779 4187 et
793 4125 865 4188 illud
882 4127 1012 4188 solemus
1028 4125 1135 4186 Marci·
1228 4145 1272 4202 19.
1290 4127 1415 4185 rueurbru
1428 4133 1499 4184 suut
1520 4120 1632 4204 outnia]
1658 4123 1782 4184 Hieron.
1807 4121 1836 4182 in

485 4205 536 4269 oui
551 4217 581 4270 et
594 4207 700 4269 ceteris
715 4209 896 4285 respondere
912 4206 1068 4270 haereticis
1082 4205 1134 4284 qui
1185 4209 1254 4269 Ose.
1286 4227 1329 4283 13,
1355 4227 1372 4282 3
1397 4211 1404 4238 ‘
1426 4205 1507 4266 verbi
1532 4206 1633 4283 gratia,
1659 4202 1760 4282 pulici,
1783 4202 1836 4282 qui

485 4299 569 4348 vetus
583 4287 695 4350 laniant
708 4299 929 4362 testamentum,
945 4289 1028 4367 quod
1043 4300 1072 4350 et
1084 4307 1134 4364 pu·
1185 4287 1286 4348 omnia
1312 4287 1445 4348 membra
1472 4287 1569 4360 habet,
1599 4297 1698 4363 caput,
1722 4286 1835 4358 oculos,

484 4367 556 4428 lices
571 4382 601 4430 et
614 4372 725 4432 culices
739 4381 769 4431 et
784 4369 905 4434 cimices
919 4383 948 4432 et
964 4367 1134 4435 huiusmodi
1185 4369 1286 4446 pedes,
1302 4381 1445 4440 ventrem,
1461 4380 1491 4430 et
1504 4379 1602 4430 cetera
1617 4368 1632 4428 '.

485 4449 648 4510 animantia
663 4451 775 4512 idcirco
800 4452 902 4515 fecerit
926 4455 1019 4525 Deus,
1035 4465 1067 4514 ut
1082 4454 1134 4510 fra·
1228 4471 1273 4509 21.
1289 4447 1354 4530 tuo]
1372 4452 1417 4508 Ps.
1435 4467 1482 4526 35,
1501 4467 1526 4524 7.

484 4529 627 4608 gilitatem
643 4545 672 4594 et
687 4531 921 4596 imbecillitatem
937 4548 1055 4596 nostrae
1075 4551 1135 4592 car·
1228 4552 1272 4592 22.
1289 4529 1365 4611 Dei]
1382 4533 1470 4590 Rom.
1492 4551 1536 4603 tt,
1553 4550 1570 4607 3
1576 4549 1600 4606 3.

486 4613 531 4672 nis
547 4614 725 4688 ostenderet,
737 4613 856 4692 quaein
869 4627 983 4678 tantum
995 4613 1068 4676 nihil
1080 4625 1133 4686 est,
1227 4633 1272 4686 24.
1286 4608 1414 4692 potasti]
1431 4614 1529 4672 Eccle.
1549 4629 1574 4686 7,
1593 4631 1631 4684 24
1645 4629 1688 4687 sq.

485 4704 519 4754 ut
532 4693 571 4754 ab
585 4695 630 4756 his
645 4713 723 4775 quae
737 4714 826 4774 parva
841 4707 909 4757 sunt
935 4699 1111 4761 vulneretur.
1127 4693 1134 4724 '
