4092 5502
588 429 843 492 TRACTATUS
867 431 913 489 IN
937 431 1068 493 M'ARC.
1091 431 1203 504 v1111,
1228 449 1283 508 1-7.
1529 435 1613 520 349

254 649 482 715 dies'decem?
497 667 601 733 quare
616 669 682 713 non
696 658 772 732 post
783 649 854 714 dies
871 647 1012 731 viginti?
1025 670 1128 734 quare
1144 659 1210 716 n'on
1225 661 1301 734 post
1312 659 1609 739 quattuoriquare

256 773 321 818 non
339 763 414 838 post
429 755 586 838 quinque,
601 775 663 820 nec
678 763 756 818 ante
782 755 902 837 aliquis
925 774 1081 821 numerus
1107 757 1302 834 adsumitur,
1318 781 1379 825 nec
1407 770 1532 845 postea,
1547 762 1607 825 sed

254 867 370 924 sextus
386 857 547 941 eligitur?
564 857 609 923 Et
633 858 759 924 iactum
785 867 845 936 est,
861 859 977 943 inquit,
1002 869 1078 944 post
1093 861 1165 925 dies
1187 883 1258 928 sex.
1276 864 1323 928 Hi
1345 865 1401 948 qui
1417 875 1508 930 stant
1531 885 1606 930 cum

256 964 341 1041 Iesu,
355 964 399 1028 de
414 963 535 1048 quibus
550 963 672 1030 dicitur
686 965 766 1047 quia
777 974 856 1029 sunt
870 964 1007 1047 quidam
1036 965 1080 1030 de
1095 964 1149 1029 hic
1164 967 1394 1034 adstantibus:
1411 970 1444 1034 hi
1468 989 1607 1052 regnum

221 1079 235 1132 ⁵
255 1067 401 1132 Deinon
418 1068 543 1144 vident,
558 1069 620 1132 nisi
637 1077 715 1152 post
729 1067 801 1132 dies
824 1088 895 1134 sex.
911 1067 987 1132 Nisi
1003 1068 1092 1134 enim
1121 1071 1266 1138 mundus
1282 1072 1344 1138 iste
1355 1075 1535 1149 transierit,
1550 1071 1608 1156 qui

253 1174 286 1238 io
313 1192 374 1237 sex
400 1173 518 1239 diebus
541 1173 755 1257 intellegitur,
781 1194 894 1238 verum
921 1193 1060 1257 regnum
1088 1194 1155 1240 non
1176 1176 1362 1259 apparebit.
1378 1176 1465 1242 Cum
1492 1187 1604 1242 autem

254 1277 503 1361 pertransierint
532 1299 595 1342 sex
620 1278 701 1356 dies,
716 1279 773 1363 qui
790 1278 887 1343 luerit
914 1279 1040 1356 Petrus,
1054 1279 1118 1344 boc
1134 1287 1194 1358 est,
1208 1281 1266 1365 qui
1284 1290 1320 1345 ut
1345 1281 1461 1346 Petrus
1477 1301 1496 1348 a
1513 1290 1607 1363 petra

254 1384 379 1466 Xpisto
405 1403 527 1448 nomen
555 1384 728 1466 acceperit,
755 1401 893 1466 regnum
919 1382 1031 1451 videre
1059 1385 1248 1452 merebitur.
1272 1384 1455 1469 Quomodo
1479 1386 1606 1450 enima

254 1488 377 1570 Xpisto
392 1485 535 1551 dicimur
551 1486 730 1571 Xpistiani,
757 1488 804 1553 ita
819 1509 839 1552 a
855 1497 949 1570 petra
969 1488 1084 1554 dictus
1099 1498 1150 1556 est
1167 1490 1292 1567 Petrus,
1308 1491 1371 1554 hoc
1383 1499 1435 1560 est
1460 1487 1609 1580 πέτρινος.

206 1599 235 1659 ω’
254 1599 290 1666 Si
305 1599 381 1684 quis
392 1617 472 1682 ergo
487 1598 529 1663 de
546 1598 641 1663 nobis
657 1596 756 1663 luerit
773 1596 919 1690 πέτρινος,
935 1609 969 1662 et
993 1599 1104 1677 talem,
1119 1599 1183 1662 hoc
1199 1609 1259 1677 est,
1274 1620 1348 1665 eam
1366 1599 1468 1666 fidem
1483 1598 1609 1662 habue-

252 1712 303 1789 rit,
319 1719 356 1776 ut
371 1731 469 1794 super
485 1709 578 1776 illum
594 1709 787 1775 aedificetur
803 1710 942 1774 ecclesia
967 1711 1079 1794 Xpisti
1093 1735 1100 1775 ε
1115 1712 1142 1775 si
1160 1711 1234 1796 quis
1250 1710 1347 1779 luerit
1363 1722 1399 1776 ut
1417 1710 1560 1777 Iacobus
1573 1716 1606 1772 et

253 1814 431 1892 loba'ones,
454 1814 572 1879 iratres
596 1834 661 1879 non
693 1823 824 1879 tantum
841 1805 1183 1898 sanguinequantum
1201 1817 1318 1900 spiritu
1334 1841 1341 1882 :
1357 1817 1384 1880 si
1410 1817 1485 1899 quis
1508 1813 1606 1879 suerit

253 1920 396 1984 lacobus
411 1917 594 2011 πτερνιπήρ
611 1918 644 1983 id
671 1927 722 1984 est
736 1918 991 2002 subplantator:
1005 1915 1039 1985 et
1073 1919 1248 2000 lohannes,
1264 1922 1297 1986 id
1322 1930 1382 1998 est,
1408 1919 1516 2004 gratia
1536 1919 1606 1982 Do·

253 2030 334 2096 mini
349 2033 439 2114 (cum
452 2030 542 2094 enim
569 2029 895 2112 subplantaverimus
921 2030 1128 2094 adversarios
1145 2040 1285 2110 nostros,
1297 2040 1389 2096 tunc
1405 2029 1607 2094 merebimur

206 2159 233 2213 ¹5
251 2135 393 2218 gratiam
410 2133 560 2218 Xpisti):
576 2133 603 2197 si
619 2133 693 2217 quis
717 2131 870 2198 habuerit
893 2134 1088 2199 sublimiora
1102 2135 1264 2218 dogmata
1280 2145 1313 2200 et
1341 2131 1604 2217 intellegentiam

250 2241 531 2318 excellentiorem,
547 2249 582 2305 et
597 2239 754 2304 meruerit
770 2241 879 2304 vocari
903 2238 989 2304 filius
1012 2241 1172 2306 tonitrui:
1190 2259 1323 2305 neeesse
1339 2249 1390 2305 est
1406 2247 1442 2304 ut
1458 2237 1502 2301 ab
1528 2237 1605 2300 lesu

251 2348 392 2414 ducatur
415 2345 448 2410 in
472 2354 633 2410 montem.
659 2343 834 2427 Simulque
859 2344 1069 2409 considerate
1085 2345 1173 2428 quod
1193 2345 1297 2422 lesus,
1312 2344 1419 2409 donec
1446 2343 1603 2406 deorsum

251 2461 310 2532 est,
326 2472 393 2516 non
420 2449 694 2534 transfiguratur:
715 2449 875 2522 ascendit,
890 2457 923 2513 et
946 2458 1196 2515 transmutatur.
1211 2448 1259 2513 Et
1272 2445 1363 2511 ducit
1377 2445 1451 2509 illos
1465 2443 1604 2522 inmort-

250 2567 313 2620 tem
328 2547 482 2619 excelsum
493 2573 636 2617 seorsum
650 2554 740 2630 solos,
754 2563 786 2618 et
800 2554 1060 2637 transfiguratus
1073 2565 1121 2619 est
1141 2575 1249 2619 coram
1259 2547 1354 2635 elisis,
1367 2560 1400 2616 et
1414 2548 1605 2614 vestimenta

202 2683 233 2722 ao
249 2659 423 2741 ciussacta
438 2668 517 2722 sunt
529 2657 730 2740 splendentia
744 2668 776 2722 et
788 2657 930 2723 candida
942 2658 1051 2723 nimis.
1068 2659 1187 2742 Usque
1198 2657 1298 2721 hodic
1312 2657 1405 2719 lesus
1419 2653 1494 2716 aliis
1509 2653 1604 2716 deor,

249 2784 323 2828 sum
340 2771 402 2841 est,
416 2761 491 2826 aliis
516 2781 646 2826 sursum
663 2771 721 2828 est.
739 2762 805 2846 Qui
822 2763 977 2828 deorsum
996 2774 1092 2839 sunt,
1108 2773 1142 2827 et
1158 2763 1313 2826 deorsum
1330 2759 1456 2823 habent
1483 2757 1604 2832 lesum,

250 2877 284 2932 et
299 2867 416 2934 turbae
442 2874 530 2944 sunt,
544 2873 578 2930 et
601 2866 634 2930 in
659 2875 808 2930 montem
826 2868 1004 2932 ascendere
1020 2885 1085 2931 non
1103 2866 1215 2930 valent
1231 2864 1322 2927 -in
1341 2870 1488 2925 montem
1513 2859 1602 2924 enim

250 2971 315 3036 soli
329 2969 482 3053 discipuli
498 2969 694 3047 ascendunt,
721 2971 838 3034 turbae
863 2970 1017 3036 deorsum
1035 2979 1207 3036 remanent
1224 2969 1308 3031 -si
1325 2967 1399 3049 quis
1415 2985 1494 3047 ergo
1509 2963 1604 3028 deot-

250 3093 327 3137 sum
341 3081 401 3148 est,
417 3081 449 3137 et
465 3073 509 3136 de
522 3072 620 3137 turba
635 3083 695 3151 est,
712 3079 777 3137 non
792 3081 902 3156 potest
912 3075 1025 3138 videre
1042 3074 1152 3138 lesum
1171 3074 1201 3135 io
1219 3069 1370 3136 candidis
1387 3061 1605 3144 vestimentis,

202 3204 231 3258 ²5
250 3171 307 3242 sed
324 3177 358 3242 in
369 3177 521 3244 sordidis.
534 3177 569 3243 Si
582 3179 656 3261 quis
682 3177 828 3242 litteram
841 3179 999 3260 sequitur,
1014 3187 1047 3241 et
1063 3165 1219 3242 deorsum
1236 3185 1286 3239 est
1302 3182 1402 3250 totus,
1427 3181 1460 3236 et
1480 3177 1602 3235 terram

241 3277 382 3363 *respicit
399 3297 491 3342 more
507 3278 679 3342 brutorum
696 3277 899 3354 animalium,
916 3277 968 3340 bic
986 3297 1051 3342 non
1076 3286 1187 3360 potest
1203 3279 1315 3342 videre
1333 3277 1443 3339 lesum
1461 3275 1493 3338 in
1511 3283 1602 3338 veste

249 3381 402 3447 eandida.
418 3380 484 3464 Qui
512 3391 624 3445 autem
652 3382 801 3464 sequitur
817 3400 1005 3445 sermonem
1030 3381 1104 3458 Dei,
1120 3389 1152 3444 et
1169 3382 1211 3446 ad
1229 3389 1402 3456 montana,¹
1415 3378 1448 3442 id
1476 3385 1536 3454 est,
1558 3378 1601 3446 ad

239 3485 383 3550 'excelsa
408 3484 612 3560 conscendit,
637 3484 691 3548 isti
720 3485 813 3549 Iesus
837 3485 950 3549 statim
975 3493 1211 3563 commutatur,
1235 3494 1283 3547 et·
1300 3482 1603 3548 vestimenta-:lesu

247 3587 550 3653 candidiora-fiunt.
580 3587 656 3651 Hoc
672 3587 762 3670 quod
779 3586 929 3670 legimus,
953 3587 978 3649 si
996 3587 1180 3651 secundum
1199 3586 1344 3652 litteram
1370 3583 1605 3666 intellegimus,

201 3713 232 3764 ao
248 3691 328 3776 quid
355 3690 458 3756 habet
484 3691 517 3755 in
528 3710 564 3754 se
579 3679 770 3766 candidum,
784 3691 865 3773 quid
877 3679 984 3755 ¹habet
1001 3690 1034 3753 in
1051 3710 1087 3754 se
1098 3690 1322 3772 splendidum,
1338 3689 1420 3773 quid
1435 3688 1604 3752 sublimet?

250 3795 423 3860 Si'autem
451 3793 644 3878 spiritaliter
671 3796 905 3878 intellegimus,
931 3797 1045 3862 statim
1074 3797 1256 3879 scripturae
1283 3790 1428 3870 sanctae,
1453 3795 1519 3858 boc
1539 3803 1603 3871 est,

249 3897 447 3962 vestimenta
464 3899 626 3963 sermonis
652 3908 832 3975 mutantur,
847 3909 880 3963 et
907 3900 1052 3964 candida
1068 3898 1150 3964 fiunt
1166 3899 1257 3963 velut
1274 3900 1355 3964 nix:
1373 3895 1603 3981 ¹qualr'a'srrllu

248 4021 311 4065 non
336 4011 444 4084 potest
469 4003 504 4066 in
535 4013 626 4066 terra
646 4002 767 4084 facere.
798 4003 894 4067 Tolle
920 3995 1074 4088 quodvis,
1097 3995 1330 4088 propheticum
1362 4002 1601 4080 testimonium,

235 4104 326 4170 totle
337 4087 564 4189 {vangelicam
581 4107 775 4190 parabolam
785 4131 798 4171 ·:
814 4108 840 4170 si
857 4109 1041 4173 secundum
1066 4098 1213 4172 litteram
1227 4102 1403 4187 intellegis,
1419 4104 1498 4169 nihil
1517 4106 1602 4168 inde

195 4231 229 4286 '35
247 4207 587 4293 bebet'''splendidum,
604 4211 683 4275 nibil
709 4209 898 4275 candidum.
922 4209 982 4275 Sin
999 4206 1112 4276 autern
1128 4212 1299 4295 apostolos
1315 4211 1470 4293 sequeris,
1484 4211 1602 4292 ettspi-

246 4313 386 4379 ritaliter
397 4313 572 4398 intellegis,
587 4316 700 4380 statim
718 4315 918 4381 vestimenta
934 4317 1094 4381 sermonis
1111 4325 1284 4380 motantur
1299 4327 1332 4380 et
1348 4315 1490 4396 eandida
1507 4312 1603 4380 fiunt:

246 4426 280 4483 et
306 4419 398 4484 lesus
426 4428 517 4484 totus
544 4421 728 4485 inmutatur
755 4419 788 4483 in
816 4430 939 4498 monte,
966 4429 999 4484 et
1026 4420 1228 4484 vestimenta·
1246 4419 1315 4483 eins
1331 4419 1602 4485 candida'nimis

235 4523 428 4610 ,querolum
442 4523 554 4608 qualia
569 4522 652 4588 l'ullo
666 4544 764 4607 super
780 4532 902 4589 terram
919 4523 1026 4589 lacere
1043 4544 1107 4588 non
1125 4533 1238 4610 potest·
1252 4523 1298 4586 sic
1315 4524 1468 4616 candida.
1485 4524 1552 4617 Qui
1566 4525 1598 4589 in

280 4723 311 4761 to
320 4710 364 4760 lor
373 4667 484 4776 ericam]
494 4710 642 4772 fortassede
653 4711 698 4766 su'o
710 4681 909 4784 addidit-editor.
934 4763 951 4772 ,,
1007 4719 1041 4772 ¹19
1051 4711 1121 4774 solos]
1131 4710 1219 4776 scripsi
1232 4708 1341 4776 (μόνους
1351 4687 1421 4781 ως
1432 4716 1499 4782 roias
1509 4731 1538 4798 χ.
1580 4677 1583 4684 1
