4092 5502
465 433 549 515 340
838 434 867 494 8.
892 433 1146 494 HIERONYMI
1170 433 1436 494 PRESBYTERI

463 651 648 715 suscitatur.
665 649 711 714 Et
727 671 789 714 uon
810 651 947 715 admisit
965 671 1159 734 quemquam
1173 651 1265 733 sequi
1283 671 1316 714 se
1343 650 1411 714 nisi
1426 651 1563 714 Petrum
1578 659 1610 713 et
1624 649 1774 714 Iacobum
1790 659 1822 714 et

463 753 640 819 Iohannem
658 755 806 836 fratrem
832 753 946 821 Iacabi.
973 754 1122 838 Quaerat
1148 755 1267 837 aliquis
1294 763 1327 819 et
1351 755 1441 818 dicat
1456 779 1463 818 ε
1479 753 1592 837 Quare
1608 755 1661 818 isti
1688 774 1820 837 semper

464 860 695 935 adsumuntur,
710 867 744 921 et
759 859 859 922 ceteri
882 858 1122 922 dimittuntur?
1141 859 1230 922 Nam
1247 867 1280 922 et
1309 858 1341 921 in
1361 865 1475 921 monte
1500 858 1637 939 quando
1663 857 1823 920 transfor·

466 972 576 1027 matus
590 973 651 1040 est,
667 963 720 1026 isti
734 972 800 1026 tres
816 962 987 1044 adsumpti
1016 974 1102 1028 sunt.
1128 963 1309 1045 Eliguntur
1333 983 1413 1045 ergo
1439 971 1517 1040 tres,
1535 963 1653 1027 Petrus
1680 963 1823 1028 lacobus

464 1077 497 1132 et
516 1067 691 1132 lohannes.
720 1067 867 1130 Primum
884 1077 918 1130 et
941 1067 974 1130 in
991 1069 1056 1132 isto
1084 1087 1223 1132 numero
1250 1069 1446 1149 mysterium
1473 1065 1648 1130 Trinitatis
1677 1074 1737 1140 est,
1764 1067 1821 1147 qui
1859 1077 1872 1131 5

465 1191 622 1236 numerus
634 1191 694 1254 per
705 1191 740 1235 se
749 1180 884 1234 sanctus
894 1181 953 1238 est.
970 1171 1060 1238 Nam
1077 1183 1109 1238 et
1123 1173 1224 1237 Iacob
1235 1171 1419 1235 secundum
1436 1169 1627 1232 hebraicam
1645 1169 1820 1233 veritatem

464 1285 530 1340 tres
555 1275 664 1358 virgas
691 1275 787 1357 ponit
814 1275 847 1337 in
872 1275 1054 1341 canalibus.
1072 1276 1242 1358 Scriptum
1266 1283 1367 1338 estet
1391 1274 1423 1336 in
1440 1273 1507 1337 alio
1523 1274 1618 1339 loco:
1636 1282 1643 1308 ¹
1660 1275 1822 1358 Spartum

464 1381 587 1464 triplex
609 1401 675 1444 non
703 1381 927 1462 disrumpetur
937 1381 952 1444 ¹.
970 1379 1115 1462 Eligitur
1130 1400 1210 1462 ergo
1227 1379 1343 1442 Petrus
1359 1397 1460 1460 super
1483 1397 1582 1460 quem
1608 1379 1748 1442 fundata
1771 1389 1823 1442 est

464 1485 612 1563 ecclesia,
627 1493 660 1548 et
689 1483 831 1548 Iacobus
852 1484 908 1566 qui
925 1484 1051 1565 primus
1067 1485 1110 1548 de
1136 1482 1296 1568 apostolis
1321 1481 1481 1564 martyrio
1507 1491 1685 1546 coronatus
1712 1490 1772 1560 est,
1787 1491 1822 1545 et

467 1589 633 1652 lohannes
649 1588 705 1671 qui
722 1587 921 1670 virginitatis
936 1598 988 1651 est
1004 1591 1192 1652 exordium.
1844 1603 1873 1640 ¹0

507 1692 555 1756 Et
569 1691 659 1756 venit
673 1692 708 1755 in
732 1692 863 1756 domum
878 1691 1132 1777 archisynagogi,
1147 1703 1179 1756 et
1193 1691 1280 1756 vidit
1300 1690 1481 1756 tumultum
1496 1700 1529 1755 et
1543 1689 1661 1775 flentes
1675 1701 1706 1754 et
1732 1691 1822 1756 heiu·

464 1797 576 1862 lantes.
587 1797 705 1879 Usque
720 1795 820 1860 hodie
836 1797 868 1860 in
885 1817 1058 1880 synagoga
1074 1796 1237 1862 tumultus
1260 1805 1319 1862 est.
1337 1796 1431 1860 Licet
1447 1794 1594 1878 psalmos
1611 1795 1722 1860 David
1747 1815 1822 1878 pro·

467 1902 601 1966 mittant
617 1920 653 1964 se
668 1900 786 1977 dicere,
802 1909 914 1964 tamen
931 1903 1098 1967 canticum
1113 1921 1228 1966 eorum
1254 1901 1362 1967 luctus
1377 1907 1437 1966 est.
1452 1899 1500 1963 Et
1515 1899 1681 1982 ingressus
1695 1901 1748 1964 ait
1761 1899 1823 1964 eis:

469 2005 563 2085 Quid
583 2004 768 2070 turbamini
791 2013 822 2068 rt
829 2004 1002 2086 ploratis?
1020 2008 1132 2089 puella
1148 2027 1210 2070 nan
1236 2015 1283 2070 est
1307 2014 1446 2080 mortua,
1471 2003 1531 2068 sed
1543 2003 1674 2070 dormit
1699 2004 1823 2080 Puella,

466 2129 552 2191 quae
571 2109 665 2174 vobis
690 2117 897 2186 mortuaest,
924 2110 1004 2174 mihi
1022 2112 1123 2176 vivit:
1138 2111 1233 2175 vobis
1260 2117 1400 2187 mortua,
1417 2109 1497 2172 mihi
1513 2109 1646 2174 dormit.
1664 2109 1707 2174 Et
1732 2109 1821 2192 quod
1844 2122 1872 2176 ¹5

466 2216 598 2294 dormit,
614 2214 764 2281 suscitari
782 2222 903 2298 potest.
918 2211 966 2274 Et
980 2211 1167 2276 iuribedant
1188 2232 1269 2276 eum.
1288 2211 1363 2274 Non
1383 2210 1472 2273 enim
1489 2210 1670 2274 credebant
1687 2211 1731 2275 ab
1750 2211 1822 2276 lesu

466 2337 564 2400 posse
580 2317 730 2381 suscitari
747 2315 848 2380 filiam
862 2313 1126 2397 archisynagogi.
1141 2315 1214 2394 Ipse
1234 2334 1309 2377 vero
1325 2313 1456 2377 abiectis
1478 2314 1626 2378 orrrnibus
1641 2315 1824 2398 adsumpsit

459 2430 589 2504 patrem
604 2431 634 2484 et
648 2429 785 2484 matrem
790 2418 925 2502 puellae.
940 2417 1133 2499 Loquamur
1142 2417 1184 2480 ad
1202 2426 1335 2480 sanctos
1346 2417 1498 2480 homines
1511 2417 1566 2500 qui
1577 2417 1673 2500 signa
1687 2419 1822 2496 iaciunt,

467 2524 588 2607 quibus
614 2523 782 2588 Dominus
809 2521 972 2586 concessit
997 2520 1134 2584 virtutes
1158 2520 1294 2602 aliquas.
1326 2520 1413 2584 Ecce
1439 2520 1579 2602 Xpistus
1605 2523 1821 2588 suscitaturus

468 2625 568 2690 filiam
585 2626 840 2710 archisynagogi
857 2624 974 2691 omnes
990 2623 1077 2688 loras
1094 2625 1179 2702 eicit,
1196 2645 1237 2688 ne
1254 2625 1433 2688 iactantiae
1449 2645 1549 2690 causa
1565 2625 1598 2689 id
1615 2626 1821 2692 lacerevide-
1840 2649 1872 2685 ιο

467 2737 564 2794 retur.
581 2728 662 2812 lpse,
675 2749 753 2793 vero
775 2729 912 2800 abiectis
927 2727 1093 2804 omnibus,
1115 2727 1303 2810 adsumpsit
1320 2738 1449 2810 patrem
1466 2738 1499 2794 et
1516 2737 1656 2794 matrem
1684 2731 1822 2813 puellae.

468 2831 513 2894 Et
529 2831 610 2896 istos
637 2829 774 2896 forsitan
800 2831 958 2909 eiecisset,
974 2833 1035 2894 nisi
1064 2840 1200 2914 propter
1215 2830 1383 2895 adiectum
1413 2842 1599 2915 parentum,
1616 2845 1652 2897 ut
1674 2835 1821 2900 viderent

465 2936 612 3018 puellam
627 2937 831 3002 suscitatam.
847 2937 895 3000 Et
909 2936 1096 3019 ingreditur
1109 2936 1167 3000 uhi
1178 2947 1251 3000 erat
1258 2936 1370 3018 pirella
1394 2937 1507 3014 iacens,
1522 2948 1554 3001 et
1567 2948 1677 3004 tenera
1688 2959 1822 3004 manum

459 3040 588 3124 puellae
610 3049 643 3104 et
658 3049 776 3106 cetera.
795 3042 941 3105 Primum
960 3060 1096 3104 manum
1114 3040 1233 3122 tetigit,
1258 3040 1389 3105 sanavit
1404 3059 1515 3122 opera,
1530 3049 1563 3104 et
1579 3042 1626 3106 sic
1642 3043 1821 3107 suscitavit.

465 3143 555 3206 Vere
570 3165 611 3207 eo
626 3153 776 3228 tempore
791 3145 983 3228 conpletum
1000 3153 1060 3208 est:
1076 3149 1082 3174 ‘
1100 3143 1184 3208 Cum
1203 3143 1373 3208 intraverit
1383 3143 1558 3226 plenitudo
1568 3146 1730 3228 gentium,
1742 3155 1820 3210 tunc
1840 3169 1870 3223 ²5

466 3247 575 3311 omnis
603 3248 726 3312 Israhel
754 3248 865 3312 salvus
882 3247 965 3312 fiet'.
982 3246 1044 3311 Ait
1066 3266 1146 3329 ergo
1168 3247 1199 3310 Τ
1195 3245 1301 3310 alitia
1326 3245 1438 3310 kumi:
1462 3248 1552 3329 quod
1578 3249 1822 3331 interpretatur,

468 3349 581 3414 Puella
597 3370 695 3434 surge
711 3351 800 3416 mihi.
818 3352 854 3418 Si
870 3353 1003 3428 diceret,
1019 3349 1154 3414 Talitha
1172 3349 1261 3428 kum,
1278 3351 1557 3434 interpretaretur,
1575 3352 1689 3416 Puella
1703 3373 1822 3435 surge:

467 3473 555 3518 nunc
571 3475 649 3522 vero
663 3456 743 3539 quia
757 3455 854 3534 dixit,
870 3454 1007 3520 Talitha
1023 3453 1125 3530 humi,
1137 3454 1372 3537 interpretatur
1387 3453 1431 3518 de
1447 3475 1523 3538 syra
1539 3463 1573 3519 et
1592 3455 1736 3520 hebraea
1762 3456 1821 3519 lin·

466 3578 542 3643 gua,
558 3560 671 3625 Puella
695 3581 793 3644 surge
820 3561 910 3626 mihi.
928 3559 1043 3636 Kumi,
1059 3559 1122 3622 hoc
1147 3567 1206 3635 est,
1222 3579 1321 3642 surge
1349 3559 1438 3624 mihi.
1456 3559 1578 3624 Videte
1600 3580 1680 3645 ergo
1698 3570 1820 3642 myste-

502 3786 529 3823 ιι
542 3773 670 3841 rtstrntes]
681 3772 769 3840 scripsi
789 3775 836 3838 (gr.
851 3769 895 3823 καὶ
907 3765 1076 3834 κλαίοντας);
1096 3772 1203 3836 etstetus
1216 3788 1244 3838 χ.
1346 3784 1376 3838 25
1389 3773 1537 3836 intraverit]
1547 3775 1653 3842 scupea
1673 3777 1782 3828 intrauit
1793 3793 1819 3845 χ.

509 3984 535 4023 2.
564 3963 665 4039 Quare
686 3961 739 4021 isti
759 3979 780 4020 s.
807 3953 1016 4037 adsumuntur]
1047 3957 1118 4015 Hie·
1290 3957 1430 4034 Spartam
1445 3960 1553 4035 tn'plex
1574 3957 1645 4041 etc]
1671 3961 1769 4022 Eccle.
1793 3979 1820 4034 4,

468 4064 531 4104 ron.
562 4045 591 4104 in
619 4045 727 4104 Matth.
748 4059 792 4117 17,
825 4061 837 4100 r
870 4041 994 4116 ‘Quare
1018 4040 1122 4098 Petrus
1178 4035 1278 4097 raubi
1305 4037 1334 4097 ln
1351 4039 1420 4100 edit.
1437 4041 1565 4117 Vulgata
1586 4051 1615 4101 et
1630 4043 1710 4120 apud
1726 4041 1820 4119 ipsum

468 4137 497 4186 et
522 4127 651 4186 Iacobus
673 4135 702 4184 et
725 4125 854 4184 Ioannes
883 4121 912 4182 in
941 4119 1121 4198 qrribusdam
1176 4119 1394 4196 Hieronymum
1411 4121 1612 4182 incomment.
1629 4122 1734 4200 legitur
1739 4125 1822 4200 Juni-

467 4207 687 4285 evangeliorum
703 4205 777 4266 locis
791 4213 992 4280 separentura
1006 4199 1120 4272 ceteris,
1172 4203 1253 4260 culus
1274 4203 1389 4278 tn'plrx.
1417 4202 1462 4264 Cl.
1491 4213 1591 4264 tamen
1614 4203 1749 4266 eiusdem
1774 4223 1820 4283 ep.

467 4303 518 4350 aut
533 4289 606 4368 quid
629 4285 770 4366 privilegii
796 4285 925 4348 habeant
952 4295 1033 4346 extra
1047 4281 1121 4343 alios
1173 4285 1220 4354 82,
1237 4301 1264 4341 n.
1286 4284 1705 4346 11‘Cunctarumvirtutum
1730 4299 1821 4348 mater

468 4372 627 4449 apostolos,
650 4369 755 4430 crebro
778 4367 906 4428 diximus
921 4369 936 4428 ’.
1172 4375 1216 4423 est
1239 4365 1345 4424 caritas
1358 4386 1366 4438 ς
1391 4376 1421 4424 et
1444 4365 1529 4442 quasi
1553 4374 1687 4443 spartum
1715 4369 1822 4446 triplex

510 4471 534 4526 7.
551 4459 609 4511 tres
631 4452 729 4528 uirgas
739 4446 835 4530 pauit]
851 4450 926 4510 Gen.
945 4467 992 4524 30,
1010 4463 1055 4523 37.
1080 4479 1119 4489 -
1170 4445 1297 4520 apostoli
1326 4447 1474 4507 sententia
1498 4447 1654 4508 roboratur
1678 4448 1821 4511 dicentis:

469 4534 593 4594 Hieron.
614 4533 705 4592 Hebr.
733 4529 893 4610 quaestio
916 4531 1024 4590 Genes.
1055 4529 1116 4588 hl.
1171 4525 1269 4598 Fides,
1286 4545 1362 4604 spes,
1380 4529 1485 4588 caritas
1500 4529 1515 4588 ’.

469 4620 476 4647 ‘
496 4617 565 4675 Tres
578 4612 659 4674 enim
675 4614 807 4691 virgas...
831 4631 867 4675 ex
889 4625 971 4690 parte
994 4609 1118 4682 decorti-
1212 4609 1256 4668 26.
1273 4605 1444 4689 salrrusfiet]
1458 4612 1545 4670 Rom.
1565 4630 1608 4684 11,
1628 4629 1663 4689 25
1676 4631 1720 4691 sq.

467 4699 631 4758 cans'etc.
