4092 5502
475 395 556 477 282
707 469 712 478 .
857 416 886 475 S.
911 411 1164 474 HIERONYMI
1187 410 1452 470 PRESBYTERI

475 633 596 712 multer,
610 643 643 697 et
655 633 695 698 de
709 653 809 696 manu
812 631 964 715 filiorum
979 629 1168 693 alienorum.
1183 627 1259 692 Non
1274 637 1351 692 sunt
1367 627 1456 692 enim
1473 627 1521 692 tui
1538 625 1605 705 filii,
1617 628 1673 711 qui
1686 647 1824 694 nascun-

475 738 577 802 turin
598 736 711 812 multis
726 737 830 820 aquis,
846 736 904 800 sed
921 734 1020 798 alieni
1037 733 1093 797 filii
1110 742 1196 797 sunt.

521 849 667 930 Quorum
679 869 713 913 os
721 851 861 914 locutum
872 858 920 912 cst
931 846 1118 912 vanitatem.
1129 844 1312 910 Scientiam
1326 843 1388 907 sibi
1401 845 1685 927 repromittunt,et
1696 846 1826 929 erigunt

475 977 513 1022 os
529 964 645 1020 contra
660 963 841 1018 creatorem
869 972 974 1016 suum.
991 956 999 984 ⁴
1017 951 1204 1014 Posuerunt
1220 947 1253 1010 in
1274 945 1404 1011 caelum
1420 969 1458 1012 os
1475 969 1572 1013 suum
1589 948 1606 1014 '.
1623 947 1773 1031 Quorum
1789 969 1828 1014 os

475 1059 623 1124 locutum
641 1066 691 1122 est
706 1057 899 1124 vanitatem.
917 1054 1065 1121 Scientia
1082 1053 1223 1127 iliorum,
1239 1051 1397 1116 vanitatis
1412 1051 1552 1118 scientia
1568 1063 1627 1116 est.
1640 1051 1688 1116 Et
1697 1052 1828 1117 dextera
1862 1071 1874 1123 ς

473 1143 584 1227 eorum
607 1161 739 1227 dextera
766 1159 962 1243 iniquitatis.
980 1157 1172 1239 Utrumque
1193 1153 1469 1248 condempnatur,
1484 1166 1519 1222 et
1543 1177 1580 1221 os
1597 1167 1630 1221 et
1648 1176 1776 1234 manus,
1793 1165 1826 1220 et

473 1266 613 1331 scientia
628 1275 662 1330 et
677 1284 787 1348 opera.
805 1264 952 1343 Quonam
963 1283 999 1324 os
1013 1263 1152 1326 locutum
1167 1269 1215 1323 est
1229 1261 1429 1325 vanitatem:
1445 1260 1508 1325 hoc
1523 1261 1567 1324 ad
1584 1260 1767 1326 scientiam.
1783 1259 1830 1324 Et

473 1367 604 1432 dextera
618 1387 729 1430 eorum
752 1365 884 1430 dextera
911 1364 1105 1448 iniquitatis.
1122 1363 1281 1442 Dextera,
1305 1365 1338 1428 in
1366 1384 1473 1448 opere.
1493 1365 1679 1430 Dexteram
1707 1365 1829 1430 habere

474 1493 510 1536 se
537 1472 664 1550 dicunt,
694 1472 752 1536 sed
783 1471 846 1535 toti
873 1469 997 1536 sinistri
1025 1478 1110 1534 sunt.
1138 1467 1290 1533 Dextera
1322 1467 1507 1551 iniquitatis
1537 1478 1599 1546 est,
1624 1479 1658 1532 et
1685 1489 1751 1535 non
1779 1479 1829 1532 est

474 1574 661 1658 aequitatis.
678 1573 780 1638 Unde
807 1581 841 1637 et
856 1571 915 1637 tali
932 1572 1085 1637 sinistrae
1100 1569 1221 1634 dicitur
1234 1577 1261 1636 :¹
1279 1571 1354 1636 Stet
1369 1571 1524 1636 diabolus
1540 1593 1559 1635 a
1575 1573 1706 1638 dextris
1722 1573 1793 1638 eius
1810 1573 1827 1636 ’.
1849 1595 1876 1632 ιο

474 1677 541 1761 Qui
558 1678 659 1744 talem
676 1679 778 1743 habet
793 1679 979 1756 dexteram,
996 1685 1029 1740 et
1045 1675 1229 1759 iniquitatis
1244 1676 1431 1754 dexteram,
1447 1685 1514 1741 stat
1530 1676 1684 1741 diabolus
1707 1697 1727 1740 a
1743 1678 1827 1741 dex·

474 1783 533 1846 tris
545 1783 624 1848 eius.

518 1888 609 1951 Deus
621 1887 782 1951 cantiam
798 1906 916 1950 novum
931 1883 1065 1948 cantabo
1081 1883 1149 1948 tibi.
1167 1882 1283 1948 Novus
1298 1882 1409 1960 homo,
1423 1903 1546 1947 novum
1557 1885 1829 1951 canticumDeus

473 1992 639 2056 canticum
651 2010 775 2058 novum
792 1990 936 2054 cantabo
948 1989 1018 2053 tibi.
1030 1993 1037 2020 ‘
1051 1987 1195 2052 Cantate
1209 1987 1358 2051 Domino
1370 1988 1537 2064 canticum
1552 2007 1676 2054 novum
1688 1991 1703 2052 ’.
1717 1989 1828 2072 Quam

473 2095 608 2177 pulchre
625 2115 690 2159 non
708 2095 805 2173 dixit,
820 2103 929 2170 canto,
944 2092 1003 2155 sed
1030 2091 1183 2155 cantabo.
1203 2093 1240 2154 In
1259 2090 1370 2155 suturo
1387 2091 1574 2174 repromisit
1590 2113 1597 2170 ;
1614 2093 1646 2155 in
1663 2093 1828 2176 praesenti
1849 2115 1875 2167 ις

473 2199 562 2262 enirn
578 2199 640 2262 scit
656 2207 824 2264 certamen
842 2216 923 2275 esse,
940 2215 1006 2260 non
1036 2193 1213 2259 canticum.
1231 2193 1426 2276 Numquam
1444 2203 1559 2258 cantat
1574 2194 1751 2274 exercitus,
1768 2196 1829 2259 nisi

472 2301 609 2385 quando
625 2303 749 2368 vicerit.
766 2303 857 2386 Ergo
872 2300 1031 2384 quoniam
1046 2299 1079 2361 in
1091 2297 1256 2381 praesenti
1269 2316 1392 2380 pugno,
1402 2317 1468 2362 non
1483 2299 1564 2362 mihi
1575 2309 1673 2363 vacat
1683 2309 1828 2365 cantare.

473 2407 559 2472 Cum
579 2407 697 2486 vicero,
713 2416 792 2471 tunc
808 2405 961 2469 cantabo.
977 2401 1018 2464 In
1027 2400 1185 2484 psalterio
1199 2397 1390 2464 decachordo
1396 2401 1542 2483 psallam
1559 2401 1627 2466 tibi.
1656 2402 1753 2467 Tunc
1768 2425 1829 2468 ex·

472 2511 609 2575 tendam
627 2520 802 2594 utramque
819 2527 966 2583 manum,
981 2516 1015 2571 et
1042 2507 1075 2570 in
1101 2504 1224 2569 talibus
1240 2504 1300 2568 tibi
1316 2503 1451 2569 chordis
1473 2525 1601 2570 canam.
1618 2503 1738 2570 Oratio
1755 2525 1828 2570 mea

472 2613 666 2697 psalterium
683 2624 777 2677 tuum
794 2621 854 2676 est.
1845 2632 1875 2669 20

519 2725 588 2806 Qui
600 2727 661 2790 dat
674 2726 810 2790 salutem
827 2722 963 2806 regibus.
991 2721 1121 2805 Quibus
1149 2720 1306 2804 regibus?
1322 2727 1329 2754 ‘
1346 2723 1412 2788 Cor
1439 2724 1526 2807 regis
1551 2725 1583 2788 in
1612 2745 1713 2790 manu
1731 2726 1796 2790 Dei
1812 2727 1829 2790 '.

473 2831 517 2897 Et
536 2831 655 2895 luiiani
672 2828 900 2912 persecutoris,
916 2837 949 2890 et
966 2827 1118 2904 Neronis,
1134 2836 1167 2890 et
1185 2825 1307 2889 Decii?
1325 2827 1391 2892 Cor
1401 2829 1488 2910 regis
1504 2829 1536 2891 in
1555 2849 1656 2894 manu
1674 2829 1749 2895 Dei.
1761 2829 1828 2912 Qui

471 2944 612 3016 regnant
626 2934 756 3016 corpori
772 2952 843 3008 suo,
858 2930 915 3013 qui
941 2929 1108 2994 subiciunt
1124 2949 1245 3012 corpus
1261 2949 1358 2993 suurn
1375 2941 1409 2996 et
1434 2933 1584 2998 servituti
1604 2935 1772 3017 redigunt,
1788 2956 1827 2999 ne

471 3036 546 3100 aliis
561 3037 792 3120 praedicantes
808 3035 870 3117 ipsi
888 3035 1018 3118 reprobi
1035 3036 1254 3099 inveniantur.
1273 3036 1334 3100 Isti
1351 3047 1428 3103 sunt
1444 3059 1539 3122 reges
1555 3041 1598 3104 de
1613 3041 1734 3124 quibus
1745 3042 1826 3106 dicit

471 3143 636 3225 sapientia
653 3142 684 3204 in
703 3139 889 3204 Proverbiis
903 3147 930 3204 :⁸
948 3139 1016 3203 Dat
1034 3158 1174 3222 regnum
1191 3141 1325 3221 regibus
1342 3140 1358 3205 '.
1843 3156 1873 3212 ²3

514 3245 615 3328 Eripe
630 3265 680 3309 me
693 3253 724 3308 et
739 3243 841 3307 libera
857 3265 906 3308 me
920 3243 959 3308 de
974 3263 1074 3306 manu
1081 3242 1234 3326 filiorum
1257 3243 1449 3308 alienorum.
1465 3243 1627 3309 Versiculi
1654 3246 1710 3328 qui
1728 3266 1827 3330 supra

471 3351 552 3415 dicti
567 3362 645 3413 sunt
661 3349 780 3412 iterum
798 3357 1000 3431 repetuntur.
1020 3345 1165 3424 Quorum
1181 3369 1216 3411 os
1231 3347 1370 3412 locutum
1386 3358 1433 3411 est
1447 3348 1637 3426 vanitarem,
1652 3359 1683 3413 ct
1697 3349 1826 3413 dextera

470 3473 580 3516 eorum
594 3451 725 3514 dextera
741 3450 935 3532 iniquitatis.
952 3449 1099 3530 Quorum
1105 3451 1181 3534 filii
1195 3452 1279 3516 sicut
1291 3453 1416 3516 novella
1428 3453 1649 3534 plarrtatr'orris
1665 3452 1828 3517 stabilitae

505 3669 518 3720 3
530 3657 643 3722 err'grrrrt]
653 3663 756 3720 tregua!
767 3657 799 3706 G.
901 3667 914 3718 7
927 3657 969 3706 hoc
978 3658 1013 3706 od
1021 3657 1160 3720 scientiam]
1169 3657 1211 3706 hoc
1219 3663 1254 3706 est
1263 3673 1283 3706 s.
1299 3655 1314 3724 β
1327 3675 1334 3718 ;
1346 3658 1388 3707 boc
1398 3658 1526 3707 scientiam
1538 3658 1569 3718 C,
1579 3673 1644 3722 quae
1656 3673 1729 3708 voces
1741 3667 1826 3722 postea

470 3750 527 3790 sunt
539 3749 687 3805 expunctae.
792 3747 852 3788 tort
861 3741 901 3788 ral
907 3740 924 3801 ⁸]
938 3738 969 3807 β;
980 3743 1061 3806 etqui
1071 3742 1119 3790 loli
1131 3741 1150 3791 B
1161 3760 1169 3802 ;
1180 3743 1264 3791 etalii
1274 3742 1312 3800 G;
1323 3749 1347 3790 et
1357 3741 1408 3790 alr'e
1419 3739 1448 3790 C.
1549 3737 1653 3799 dicr'rur]
1661 3741 1784 3790 duurrrur
1794 3741 1825 3792 G.

473 3837 499 3874 n
514 3819 694 3881 hahelJIroberrt
707 3823 757 3874 BC.
838 3835 866 3885 17
878 3819 957 3889 Ergo]
968 3825 1118 3886 egchorr.
1199 3825 1269 3886 19r'n
1281 3821 1382 3884 talibus]
1393 3823 1458 3872 codd
1470 3839 1477 3882 ς
1491 3823 1610 3872 vr'lolr'brrr
1622 3821 1646 3890 β
1722 3823 1827 3885 chordr's]

470 3907 549 3956 cordis
559 3905 633 3956 codd.
713 3918 741 3954 21
756 3903 902 3972 dotldasii,
917 3906 1011 3956 Ccorr.
1096 3919 1127 3955 22
1139 3907 1291 3956 Etruriam·
1304 3943 1362 3956 ......
1377 3902 1594 3964 nrarrchr']om.
1609 3903 1656 3972 βΒ.
1741 3905 1828 3967 buti]

470 3989 558 4053 Csup.
572 3989 616 4039 lin.
632 3997 718 4038 mutat.
734 3989 759 4037 in
770 3987 841 4038 dr'cr's.
943 3985 1078 4051 regidom.
1095 3988 1114 4036 1.
1216 4001 1247 4052 23
1259 3987 1367 4053 corpori]
1386 3989 1521 4051 incorpore
1533 3985 1557 4054 β
1659 3989 1788 4053 sauciari]
1800 3990 1827 4037 ἐκ

469 4072 613 4121 servitutem
627 4069 665 4138 βΙ.
735 4065 862 4132 redigunt]
874 4071 988 4118 redimat
1000 4071 1054 4120 CG.
1124 4083 1155 4131 24
1167 4065 1346 4128 inveniantur]
1363 4069 1561 4120 r'nor'neontrrrC
1574 4087 1629 4121 corr
1640 4091 1647 4132 3
1659 4074 1786 4136 reperiam
1793 4072 1825 4121 G.

470 4165 484 4201 2
488 4163 501 4216 5
513 4150 578 4211 Dat]
588 4154 644 4202 dore
656 4155 685 4202 C.
765 4153 797 4203 28
809 4168 864 4218 sqq.
879 4153 976 4202 novella
985 4151 1164 4216 plantationis]
1176 4153 1284 4201 novellae
1291 4153 1462 4216 plorrtotr'oner
1474 4151 1498 4219 β.
1577 4154 1711 4216 stabilitor]
1722 4156 1828 4205 stabilite

469 4237 491 4286 C
504 4237 551 4300 (gr.
565 4229 720 4304 ἱδρυμένης
733 4251 783 4286 om.
799 4234 814 4302 β
827 4245 852 4286 et
864 4243 911 4285 cet.

511 4437 537 4489 4.
553 4435 584 4476 os
596 4413 694 4497 suum]
711 4419 757 4477 Ps.
772 4433 819 4491 72,
832 4437 859 4492 9.
1178 4417 1226 4486 48,
1244 4416 1260 4474 l.
1278 4435 1315 4491 3²
1330 4435 1338 4490 3
1353 4437 1379 4494 p.
1399 4421 1466 4490 266,
1483 4419 1499 4477 Ι.
1519 4438 1563 4479 ar.

515 4519 558 4558 ro.
575 4493 647 4578 eries]
664 4501 710 4560 Ps.
730 4503 795 4571 108,
812 4501 840 4558 6.
1220 4515 1265 4569 ²4·
1283 4496 1486 4580 r'rroem'arrtur]
1499 4501 1544 4561 Cr.
1564 4521 1575 4561 1
1595 4503 1663 4564 Cor.
1681 4523 1708 4580 9,
1727 4521 1771 4580 ²7·

513 4599 559 4654 ¹4·
576 4577 693 4661 nocturn]
710 4581 756 4640 Pr.
770 4597 844 4658 95,1
864 4593 919 4640 etc.
1220 4597 1265 4654 ²5·
1283 4578 1405 4662 regibus]
1421 4583 1506 4641 Prov.
1524 4583 1551 4655 8,
1571 4601 1615 4660 ¹5·

513 4682 558 4721 ar.
575 4658 649 4742 Dcr']
672 4665 761 4724 Prov.
784 4681 831 4734 21,
856 4680 880 4722 1.
908 4663 956 4724 Cf.
981 4681 1069 4740 supra
1095 4680 1122 4738 p.
