4160 5500
464 405 548 490 400
847 405 876 464 S.
900 400 1156 463 HIERONYMI
1178 399 1445 460 PRESBYTERI

465 623 605 688 videtur.
621 621 658 688 Si
674 619 749 705 quis
773 620 816 684 de
840 619 995 685 fratribus
1021 617 1152 684 dederit
1177 616 1208 682 ei
1235 615 1422 695 consilium,
1437 625 1471 680 et
1486 615 1614 682 dixerit
1628 616 1658 681 ei
1675 639 1683 682 r
1699 616 1829 698 Frater,

465 747 532 792 non
548 727 651 792 debes
665 725 712 789 sic
728 744 836 807 agere,
852 743 917 788 non
934 742 1011 788 eum
1035 722 1194 804 dignatur
1217 719 1341 797 audire,
1356 719 1435 803 quia
1451 740 1487 786 se
1503 720 1611 804 magis
1637 723 1827 805 sapientem

466 839 563 914 putat
579 848 680 913 quam
708 827 801 892 illum
829 827 886 911 qui
913 826 972 892 dat
997 825 1184 890 consilium.
1201 824 1246 889 Et
1263 824 1343 908 quid
1371 823 1452 889 dicit
1467 823 1501 889 in
1518 825 1617 890 corde
1632 831 1719 890 suo?
1748 825 1829 909 Ego

468 939 549 1002 mihi
575 937 757 1020 sapientior
772 954 858 1018 :ego
882 952 963 1016 ergo
987 951 1054 994 non
1083 929 1191 994 habeo
1216 926 1416 992 consilium?
1443 927 1606 1011 numquid
1623 949 1703 1012 ergo
1729 937 1766 995 tu
1788 949 1829 994 es

467 1041 650 1125 sapientior
666 1045 744 1104 me?
761 1038 857 1104 Licet
872 1056 940 1101 non
965 1035 1064 1112 dicat,
1091 1041 1204 1097 tamen
1221 1051 1265 1096 ex
1282 1051 1323 1097 eo
1339 1036 1429 1115 quod
1446 1035 1632 1102 contemnit
1646 1035 1828 1104 consilium
1870 1057 1883 1110 ς

468 1145 586 1222 fratris,
601 1145 634 1208 in
651 1143 750 1208 corde
766 1161 827 1206 suo
845 1139 1001 1224 loquitur.

511 1248 603 1331 Ergo
617 1247 682 1312 hoc
697 1246 794 1310 dico:
811 1243 878 1326 Qui
901 1241 1090 1326 superbiam
1119 1240 1230 1318 habet,
1247 1241 1319 1307 sine
1334 1261 1435 1306 causa
1450 1239 1532 1306 alias
1548 1241 1650 1308 habet
1665 1241 1806 1309 virtutes
1822 1266 1832 1308 ε

467 1353 571 1417 immo
597 1370 664 1416 non
691 1348 804 1428 habet,
823 1346 882 1413 sed
909 1346 1041 1410 videtur
1066 1345 1198 1410 habere.
1215 1343 1283 1426 Qui
1310 1345 1399 1410 enim
1427 1345 1490 1410 hoc
1517 1345 1619 1411 habet
1643 1347 1733 1430 quod
1751 1348 1831 1416 Deo

469 1455 671 1521 contrarium
688 1462 747 1530 est,
762 1451 934 1537 quomodo
957 1457 1068 1534 potest
1092 1449 1217 1533 aliquid
1249 1448 1382 1527 habere,
1396 1450 1487 1532 quod
1505 1449 1581 1514 Deo
1596 1451 1741 1518 amicum
1758 1451 1832 1532 sit?

469 1558 633 1643 Superbia
650 1558 683 1621 in
707 1555 910 1621 monasterio
936 1552 982 1619 fit.
999 1554 1035 1619 Si
1063 1553 1259 1630 ieiunemus,
1275 1552 1440 1636 erigimur.
1465 1552 1661 1618 Orationem
1688 1553 1832 1622 iacimus
1856 1581 1888 1618 ro

468 1683 530 1748 pro
552 1663 708 1745 peccatis,
723 1669 757 1726 et
781 1661 812 1724 in
830 1657 1020 1742 superbiam
1039 1657 1206 1740 erigimur.
1223 1655 1356 1739 Aliquis
1372 1656 1497 1720 ieiunat
1513 1659 1734 1741 propeccatis
1750 1659 1833 1737 suis,

466 1777 500 1831 et
525 1786 586 1850 pro
612 1765 757 1849 peccatis
784 1764 852 1828 suis
879 1761 949 1846 agit
975 1761 1237 1845 paenitentiam:
1254 1759 1287 1824 in
1320 1758 1510 1842 superbiam
1538 1759 1720 1828 extollitur.
1745 1763 1835 1829 Ideo

468 1869 605 1947 ieiunas,
619 1868 696 1933 ideo
710 1887 795 1947 oras,
811 1867 888 1932 ideo
913 1874 1094 1950 praecepta
1124 1865 1216 1942 sacis,
1231 1873 1268 1929 ut
1294 1873 1412 1930 contra
1428 1865 1539 1929 Deum
1564 1865 1694 1932 iacias?
1709 1867 1835 1932 Mona·

467 1969 549 2034 chus
565 1970 592 2033 si
608 1967 771 2050 superbus
786 1975 847 2046 est,
862 1965 970 2031 multo
988 1965 1106 2030 melius
1122 1965 1152 2030 ei
1168 1974 1248 2043 erat,
1263 1965 1290 2028 si
1319 1986 1463 2032 uxorem
1491 1969 1635 2034 duceret.
1657 1970 1734 2054 Ego
1749 1971 1833 2036 sim·

468 2072 598 2160 pliciter
614 2072 700 2150 dico,
715 2082 749 2136 et
764 2069 868 2135 libera
892 2069 1001 2135 fronte
1027 2069 1113 2147 dico,
1128 2069 1207 2152 quia
1223 2069 1427 2154 quicumque
1449 2072 1611 2156 superbus
1634 2083 1695 2152 est,
1710 2074 1834 2140 melius
1857 2101 1888 2155 ις

470 2185 540 2242 erat
556 2177 585 2240 ei
601 2175 650 2258 (et
665 2175 729 2240 hoc
745 2174 779 2238 in
795 2173 1033 2256 conparatione
1051 2172 1131 2238 mali
1144 2172 1246 2255 dico),
1262 2181 1298 2238 ut
1313 2176 1427 2239 omnia
1444 2175 1509 2241 alia
1524 2178 1605 2242 vitia
1620 2177 1834 2246 haberetrex

471 2281 567 2346 malis
591 2281 659 2345 suis
683 2278 897 2343 inclinaretur
921 2277 964 2341 ad
990 2277 1243 2360 paenitentiam,
1272 2285 1306 2341 et
1331 2297 1399 2344 non
1428 2300 1545 2345 omnes
1571 2283 1767 2367 despiceret
1792 2285 1833 2352 Si

470 2393 583 2450 autem
613 2392 690 2466 post
720 2393 858 2468 peccata
887 2389 1002 2464 ageret
1033 2380 1286 2463 paenitentiam,
1321 2382 1435 2466 utique
1467 2384 1530 2448 Dei
1565 2381 1831 2454 misericordiam

469 2497 657 2553 mereretur.
673 2485 740 2569 Qui
759 2493 871 2549 autem
888 2484 1050 2568 superbus
1067 2493 1127 2562 est,
1142 2484 1294 2550 omnium
1319 2485 1482 2552 malorum
1499 2489 1601 2555 habet
1617 2491 1832 2576 principium,

467 2601 502 2657 et
517 2611 584 2656 non
612 2590 682 2673 agit
705 2588 957 2672 paenitentiam,
970 2587 1066 2671 quasi
1093 2589 1199 2653 iustus
1215 2589 1271 2654 sit.
1288 2589 1466 2674 Propterea
1492 2594 1648 2677 superbia
1663 2595 1831 2660 contraria
1851 2625 1886 2662 ιο

467 2706 519 2762 est
530 2697 615 2774 Deo,
623 2695 702 2778 quia
713 2696 788 2759 Deo
800 2712 867 2757 non
881 2692 1050 2758 subicitur.
1067 2691 1123 2758 Sic
1139 2693 1228 2756 enim
1245 2693 1401 2758 sehabet
1417 2697 1511 2778 quasi
1528 2699 1643 2766 iustus.
1654 2699 1830 2783 Superbus

468 2820 534 2866 non
552 2801 622 2883 agit
638 2797 879 2882 paenitentiam
895 2815 955 2879 pro
972 2795 1068 2861 malis
1084 2795 1161 2874 suis,
1176 2805 1210 2860 et
1225 2795 1387 2879 gloriatur
1401 2801 1496 2882 quasi
1512 2822 1573 2885 pro
1588 2801 1695 2870 bonis.

515 2903 610 2966 llaec
626 2920 727 2985 quare
741 2898 897 2976 dixerim,
913 2909 946 2964 et
972 2918 1033 2962 vos
1059 2899 1121 2981 ipsi
1149 2898 1352 2982 intellegitis,
1367 2910 1400 2966 et
1415 2903 1557 2972 aliorum
1581 2907 1696 2972 ruinae
1712 2915 1830 2972 nostra

468 3006 592 3071 debent
618 3025 691 3069 esse
717 3002 883 3087 exempla
909 3003 1089 3084 Propterea
1111 3003 1265 3067 venimus
1292 3003 1326 3067 in
1364 3007 1612 3087 monasterium,
1636 3009 1829 3076 libertatem

467 3110 591 3175 saeculi
606 3108 821 3192 perdidimus,
838 3115 874 3170 ut
891 3106 1083 3171 servitutem
1108 3105 1222 3188 Xpisti
1249 3107 1461 3190 accipiamus.
1478 3109 1610 3175 Deinde
1624 3111 1688 3178 ista
1703 3114 1746 3178 de
1762 3112 1829 3178 fra·
1851 3143 1886 3194 ²5

468 3212 573 3278 tribus
589 3211 715 3296 loquor,
730 3211 787 3296 qui
803 3209 912 3275 solent
927 3211 1041 3273 sedere
1057 3208 1191 3292 longius
1207 3228 1228 3273 a
1249 3212 1460 3292 monasterio,
1476 3234 1517 3277 ne
1533 3215 1581 3278 eis
1595 3215 1717 3281 debeat
1733 3219 1830 3282 nasci

467 3317 622 3399 superbia
648 3316 691 3379 de
715 3314 883 3397 exemplo.
910 3313 949 3376 ln
976 3313 1140 3378 coenobio
1165 3313 1281 3377 vixisti
1295 3335 1304 3378 :
1319 3315 1446 3398 placuit
1469 3315 1531 3380 tibi
1556 3327 1592 3382 ut
1615 3338 1767 3384 maneres
1791 3320 1828 3385 in

467 3418 600 3482 decimo
615 3417 782 3481 miliario?
799 3417 877 3482 Non
902 3417 1005 3482 debes
1031 3417 1192 3499 synaxim
1219 3426 1412 3482 sanctorum
1441 3419 1577 3485 fratrum
1603 3431 1830 3491 contemnere.

469 3521 546 3586 Non
564 3531 598 3587 te
613 3521 689 3586 ideo
704 3521 853 3586 viliorem
870 3532 977 3605 putes,
992 3521 1019 3584 si
1040 3522 1083 3584 ad
1100 3521 1217 3586 fratres
1240 3522 1369 3586 veneris
1384 3522 1418 3586 in
1435 3523 1612 3589 civitatem.
1631 3524 1666 3591 Si
1683 3527 1830 3590 necessi·

467 3637 573 3694 tatem
590 3629 729 3694 haberes
745 3630 791 3693 ire
806 3638 840 3694 et
864 3628 976 3693 videre
1000 3626 1164 3706 mulieres,
1180 3637 1214 3693 et
1238 3648 1372 3693 necesse
1387 3626 1561 3692 habuisses
1575 3627 1622 3691 ire
1638 3627 1672 3692 in
1688 3627 1831 3712 plateas,
1851 3659 1886 3710 30

499 3794 516 3834 2
528 3786 607 3848 nup}
618 3784 763 3850 sapientem]
774 3784 949 3849 sapientiorem
962 3783 992 3834 L.
1094 3795 1109 3848 3
1120 3784 1175 3846 Ego
1187 3783 1256 3834 mihi
1265 3784 1412 3849 rapientur]
1431 3783 1455 3834 L
1465 3784 1527 3835 add.
1538 3799 1594 3834 rena
1605 3801 1612 3844 ς
1635 3783 1659 3833 D
1671 3784 1705 3834 ite
1717 3785 1765 3850 leg.
1779 3787 1833 3850 qui

466 3866 516 3916 sibi
525 3866 628 3916 uidetur
637 3881 685 3917 esse
695 3868 839 3930 sapientior.
925 3875 939 3929 5
950 3881 982 3915 ecc
992 3865 1028 3927 eo]
1040 3881 1091 3915 om.
1107 3866 1136 3916 L.
1229 3875 1243 3928 7
1255 3866 1326 3916 habet
1337 3865 1454 3929 uirtutes]
1467 3864 1501 3934 βλ
1513 3875 1591 3932 repet.
1606 3867 1686 3917 Habet
1697 3867 1830 3918 uirtutes?

466 3948 604 4009 ponticum
621 3943 684 4005 sill]
704 3947 767 3998 Cod.
782 3949 894 3999 Colbert.
909 3963 969 4001 am.
983 3949 1058 4000 inser.
1072 3951 1123 3999 Scd
1139 3952 1265 4015 quomado,
1280 3951 1305 4000 D
1325 3950 1386 4002 item
1405 3951 1480 4003 inser.
1494 3951 1533 4001 Si.
1637 3963 1667 4001 ro
1668 3945 1716 4017 fit]
1723 3951 1775 4016 fiet
1787 3951 1829 4014 1.;

466 4031 500 4079 sit
511 4031 544 4090 D,
552 4031 588 4080 sic
599 4027 623 4080 λ.
695 4032 789 4093 taags't
793 4027 990 4094 pacniientianr]
1000 4047 1074 4097 agens
1079 4032 1317 4096 poncilsuiiucanr
1323 4035 1505 4098 poentientiam
1515 4049 1590 4097 qaeu
1600 4031 1624 4084 λ.
1696 4033 1830 4098 13sace'ces]

466 4111 607 4175 nonsacias
619 4111 648 4161 L.
717 4111 868 4174 Monachus]
883 4113 1191 4162 Clcre'curuclnranachus
1203 4113 1232 4165 L.
1315 4128 1344 4178 ¹4
1355 4110 1392 4172 si]
1403 4131 1451 4165 om.
1468 4115 1501 4165 D.
1578 4111 1666 4174 nauita]
1679 4113 1826 4166 multisnil.

464 4190 530 4252 erat]
532 4193 619 4258 fucrit
631 4195 664 4244 D.
756 4194 864 4256 duceret]
877 4192 934 4262 ssL3
946 4195 1051 4245 duxerit
1063 4195 1087 4244 D
1098 4212 1106 4255 ;
1116 4195 1229 4244 duxisset
1240 4192 1264 4246 λ.
1359 4209 1368 4246 1
1373 4197 1480 4262 §fronte
1490 4196 1553 4258 duo]
1565 4194 1606 4246 lt.
1616 4203 1695 4262 repet.
1708 4196 1825 4248 audica.

468 4275 498 4325 16
508 4271 616 4332 haberet]
637 4274 653 4343 β
673 4276 747 4326 inser.
761 4277 831 4341 quia,
845 4275 888 4327 λΙ)
901 4285 930 4327 ct.
1034 4287 1062 4340 17
1082 4276 1264 4338 inclinaretur]
1282 4277 1420 4328 declinaret
1439 4279 1490 4328 Ms.
1504 4278 1629 4338 Colbett;
1649 4279 1788 4328 inclinaret
1798 4277 1824 4330 λ.

466 4358 823 4424 aequasi1qusdquasc'1).
925 4357 1173 4421 aemes10m.lL.
1275 4367 1325 4424 pro
1343 4360 1422 4422 banis]
1436 4367 1485 4423 pra
1503 4360 1563 4410 bono
1581 4358 1640 4420 λὶς
1660 4361 1689 4410 in
1708 4359 1769 4411 iana
1790 4361 1825 4412 D.

465 4451 498 4503 ²3
509 4439 587 4500 Haec]
599 4439 642 4489 icoc
653 4438 700 4491 λΙ..
778 4437 1006 4498 abamcnastcrio]
1019 4439 1338 4508 bDrarrcanastcrr'ile.
1418 4443 1495 4492 neeis
1504 4439 1734 4500 debeatlnaudcbet
1743 4445 1780 4493 eis
1793 4443 1825 4496 L.

466 4533 498 4583 29
509 4517 572 4579 idco]
581 4537 637 4586 erga
650 4520 675 4589 β.
776 4533 809 4586 30
819 4519 956 4581 habuisses]
967 4523 1067 4574 haberes
1079 4523 1109 4576 L.

507 4672 553 4730 30.
583 4656 627 4716 irc
653 4656 686 4716 in
706 4653 1140 4738 placeas]Beth1ehemiricum
1166 4658 1345 4738 Hieronymi
1374 4661 1586 4724 monasterium
1602 4675 1682 4724 extra
1707 4677 1827 4743 septen·
