4158 5492
600 511 601 516 η
657 422 915 486 TRACTATUS
939 423 996 482 DE
1018 423 1186 485 PSALMO
1209 425 1232 484 Ι.
1595 428 1620 513 7

264 641 365 706 verba
380 639 544 724 simplicia
559 639 701 722 accipiat
717 658 778 722 pro
794 638 1050 706 medicamento.
1065 639 1220 723 Denique
1232 640 1393 725 scriptum
1410 653 1470 722 est,
1483 645 1528 710 Et
1541 646 1620 712 lolia
1721 689 1736 738 ·.

264 744 393 810 eiusad
418 741 596 809 sanitatem
624 741 785 826 gentium,
800 741 864 805 hoc
887 751 946 818 est,
973 742 1015 805 ad
1045 742 1255 811 medicinam.
1285 745 1360 809 Hoc
1384 755 1491 813 totum
1519 769 1622 834 quare

265 847 424 927 diximus,
438 857 473 912 et
497 847 702 910 excessimus
730 845 773 908 ad
800 844 1062 928 Apocalypsin?
1090 846 1259 930 Quoniam
1275 849 1434 931 scriptum
1460 861 1510 915 est
1529 853 1627 932 Quod

256 953 409 1034 fraretum
423 971 521 1015 suum
536 948 630 1014 dabit
644 949 679 1012 in
706 959 842 1030 tempore
868 969 935 1026 suo,
951 957 984 1012 et
1000 948 1125 1029 folium
1149 950 1219 1014 eius
1239 971 1301 1016 non
1316 952 1446 1034 defluet,
1460 965 1492 1020 et
1512 959 1623 1022 omnia

234 1075 248 1130 5
263 1075 477 1138 quaecamque
483 1053 603 1135 fecerit
608 1051 895 1136 prosperabuntur.
1276 1076 1278 1080 ¹

309 1159 469 1224 Diximus
484 1159 527 1222 de
542 1157 750 1222 beatitudine
773 1157 850 1220 iusti
872 1157 941 1234 viri,
968 1157 1118 1222 diximus
1132 1160 1175 1224 de
1191 1163 1340 1243 praemio
1367 1165 1446 1242 eius,
1462 1168 1619 1248 quoniam

265 1263 321 1346 qui
336 1262 401 1326 tria
422 1279 489 1325 non
505 1259 628 1338 fecerit,
643 1268 676 1324 et
692 1259 759 1324 duo
775 1259 897 1339 lecerit,
914 1262 1005 1346 ligno
1021 1263 1175 1346 paradisi,
1191 1265 1253 1330 hoe
1277 1276 1337 1343 est,
1353 1268 1475 1351 Xpisto
1491 1273 1620 1353 sapien-

264 1366 330 1430 tiae
345 1373 552 1447 conparetur.
570 1363 730 1427 Diximus
746 1384 826 1448 ergo
842 1365 885 1430 de
900 1376 1017 1432 sancto
1033 1369 1126 1450 vir0;
1142 1387 1229 1433 nunc
1246 1371 1432 1435 econtrario
1447 1371 1620 1438 videamus

257 1470 344 1553 quid
360 1471 404 1534 de
419 1477 594 1551 peccatore
610 1477 643 1531 et
659 1467 701 1532 de
717 1468 822 1550 impio
836 1470 965 1536 dicitur.
982 1472 1059 1536 Non
1073 1472 1121 1536 sic
1135 1471 1238 1555 impii.
1256 1472 1318 1536 Illa
1335 1475 1487 1540 universa
1498 1495 1621 1560 genera

218 1599 249 1638 ro
264 1573 498 1656 praemiorum,
512 1591 599 1654 quae
614 1573 658 1636 de
674 1571 762 1637 iusto
789 1573 947 1652 diximus,
969 1575 1092 1659 impius
1109 1595 1174 1640 non
1200 1577 1349 1659 accipiet.
1365 1577 1442 1642 Non
1457 1579 1505 1643 sti·
1519 1579 1622 1663 impii.

266 1677 342 1740 Non
367 1677 465 1752 dixit,
481 1696 548 1740 non
564 1675 611 1739 sic
635 1685 845 1759 peccatores:
862 1678 888 1741 si
912 1678 1001 1743 enim
1017 1679 1061 1744 de
1084 1681 1314 1762 peccatoribus
1330 1681 1481 1759 dixisset,
1503 1703 1621 1749 omnes

264 1780 363 1844 alieni
386 1799 527 1845 eramus.
542 1780 620 1842 Non
642 1779 689 1843 sic
703 1777 806 1862 impii.
832 1782 923 1847 Inter
939 1783 1077 1865 impium
1095 1793 1128 1848 et
1152 1793 1362 1866 peccatorem
1388 1786 1451 1851 hoc
1468 1787 1622 1852 interest:
1713 1850 1715 1856 .

265 1883 320 1968 qui
336 1883 459 1966 impius
475 1891 535 1960 est,
551 1893 651 1966 negat
669 1883 779 1946 Deum
797 1906 804 1963 ;
830 1886 887 1968 qui
904 1897 1059 1968 peccator
1073 1897 1134 1965 est,
1160 1887 1338 1953 confitetur
1352 1899 1386 1955 et
1402 1901 1527 1973 peccat.
1545 1893 1622 1956 Non

264 1987 310 2050 sic
325 1986 427 2069 impii.
447 1986 485 2050 ln
512 1985 712 2069 quibusdam
739 1985 860 2070 legitur
876 2009 937 2053 non
961 1989 1008 2054 sic
1021 2011 1066 2054 ex
1093 1991 1250 2069 secundo,
1266 1993 1344 2056 Non
1362 1994 1408 2058 sic
1435 1995 1538 2077 impii,
1555 2016 1620 2060 non

219 2120 247 2173 ις
264 2092 311 2155 sic
325 2111 332 2156 ε
348 2091 407 2155 sed
423 2091 567 2154 sciamus
583 2089 662 2172 quia
678 2089 711 2153 in
728 2089 885 2157 hebraico
900 2094 1003 2157 semel
1020 2095 1166 2177 positum
1183 2105 1241 2159 est
1266 2096 1425 2161 Diximus
1441 2098 1483 2162 de
1499 2108 1616 2164 sancto

265 2195 335 2260 viro
347 2203 381 2258 et
397 2195 439 2259 de
463 2193 704 2277 conparatione
720 2194 799 2272 eius,
817 2195 861 2260 Et
888 2197 949 2262 erit
967 2207 1140 2281 tamquam
1168 2200 1296 2283 lignum
1314 2203 1403 2284 quod
1430 2202 1619 2285 plantatum

265 2309 314 2363 est
339 2318 433 2362 secus
460 2298 622 2362 decursus
643 2316 814 2380 aquarum.
843 2299 941 2365 Nunc
968 2303 1155 2368 econtrario
1182 2306 1224 2368 de
1252 2305 1355 2387 impio
1369 2307 1500 2372 dicitur.
1525 2307 1621 2372 Sicut

265 2403 370 2466 iustus
385 2401 434 2465 vir
461 2410 662 2483 conparatur
689 2401 802 2485 ligno;
826 2404 873 2468 sic
900 2405 1023 2490 impius
1047 2417 1249 2491 conparatur
1269 2409 1404 2493 pulveri.
1422 2410 1489 2494 Qui
1515 2412 1621 2476 iustus

264 2516 324 2583 est,
350 2505 442 2588 ligno
467 2503 612 2587 paradisi
639 2515 860 2586 conparatur;
876 2509 932 2592 qui
957 2519 1070 2575 autem
1096 2511 1228 2594 impius,
1258 2513 1384 2595 pulveri
1409 2524 1621 2598 conparatur,

217 2643 249 2680 ιο
263 2639 362 2702 quem
380 2618 498 2701 proicit
514 2625 634 2681 ventus
650 2636 670 2678 a
686 2614 769 2680 lacie
796 2626 911 2680 terrae.
930 2615 1040 2679 Pulvis
1064 2614 1141 2680 licet
1157 2615 1199 2680 de
1215 2624 1302 2680 terra
1326 2617 1378 2696 sit,
1394 2627 1506 2682 tamen
1523 2619 1622 2685 desiit

263 2742 335 2786 esse
358 2732 453 2788 terra
471 2721 542 2786 Sed
560 2730 729 2802 tamquam
747 2719 860 2802 pulvis
873 2740 968 2803 quem
983 2715 1103 2803 proicit
1120 2730 1235 2784 uentus
1257 2742 1278 2784 a
1292 2722 1385 2802 facie
1400 2731 1513 2788 terras.
1534 2724 1623 2788 Vide

264 2825 343 2910 quid
359 2826 502 2890 dicitur:
519 2833 590 2889 tam
614 2823 732 2888 infelix
749 2825 811 2888 erit
835 2825 966 2907 impius,
980 2834 1018 2888 ut
1041 2843 1102 2888 nec
1118 2832 1266 2888 terrenus
1282 2825 1416 2908 quidem
1433 2829 1477 2892 sit
1500 2828 1618 2909 pulvis.

265 2936 408 3002 Videtur
433 2937 569 3020 quidem
598 2955 664 3000 non
680 2933 803 2998 habere
819 2928 1050 3005 substantiam,
1076 2929 1132 2991 sed
1150 2927 1252 2991 habet
1278 2949 1372 2994 suam
1390 2929 1621 2998 substantiam.

266 3039 357 3104 Nihil
373 3040 476 3105 hebet
502 3039 647 3104 solidum
663 3059 671 3117 ;
688 3037 746 3100 sed
773 3034 863 3117 quod
889 3031 1000 3108 habet,
1015 3031 1057 3096 ad
1083 3051 1227 3113 poenam
1244 3033 1353 3100 habet.
1384 3036 1461 3101 Huc
1479 3035 1622 3120 illucque

219 3163 250 3217 25
265 3144 475 3227 dispergitur,
491 3162 674 3226 numquam
692 3142 724 3204 in
743 3158 810 3202 uno
826 3137 900 3200 loco
915 3144 986 3214 est;
1003 3154 1215 3218 quocumque
1241 3148 1360 3202 ventus
1377 3141 1527 3218 traxerit,
1543 3140 1621 3206 illuc

265 3249 335 3310 eius
352 3249 496 3330 impetus
512 3247 686 3330 dirigitur:
701 3245 747 3306 sie
764 3250 798 3305 et
811 3241 932 3322 impius
949 3239 1004 3322 qui
1021 3239 1124 3302 semel
1138 3241 1308 3322 negaverit
1326 3240 1448 3320 Deum,
1463 3261 1623 3325 quocum·

265 3369 330 3434 que
345 3349 438 3414 illum
455 3369 535 3414 aura
550 3349 677 3426 diaboli
693 3346 843 3422 traxerit,
858 3342 935 3406 illuc
952 3362 1060 3406 errore
1077 3341 1274 3424 perducitur.

310 3453 478 3537 Quoniam
495 3452 645 3517 diximus
660 3451 740 3535 quid
762 3449 805 3513 sit
822 3447 935 3524 iustus,
951 3447 1003 3509 cui
1020 3455 1238 3529 conparetur;
1254 3449 1334 3532 quid
1359 3449 1402 3513 sit
1418 3449 1548 3532 impius,
1564 3452 1617 3514 cui

266 3564 474 3641 conparetur,
489 3565 523 3620 et
538 3557 581 3621 de
598 3554 763 3637 praesenti
780 3551 914 3615 saeculo
930 3549 1102 3614 diximus:
1119 3569 1206 3616 nunc
1223 3552 1384 3616 debemus
1402 3553 1445 3616 de
1462 3553 1573 3617 tuturo
1588 3537 1621 3619 et

224 3685 255 3736 30
267 3673 402 3729 aeterno
416 3682 625 3746 cognoscere.
646 3661 720 3726 Ideo
744 3681 806 3724 non
832 3667 1007 3740 resurgunt
1022 3657 1119 3739 impii
1131 3657 1166 3720 in
1192 3656 1319 3735 iudicio,
1335 3677 1433 3738 neque
1447 3667 1627 3739 peccatores

268 3767 302 3831 in
317 3767 447 3831 consilio
473 3766 643 3831 iustorum.
662 3765 821 3847 Legimus
836 3763 869 3825 in
886 3761 1061 3844 evang'elio
1080 3761 1263 3826 secundum
1293 3759 1478 3824 Iohannem
1495 3785 1502 3825 :
1517 3766 1524 3793 ‘
1542 3761 1624 3845 Qui·

269 3889 409 3953 cumque
424 3869 458 3934 in
476 3889 529 3934 me
545 3868 659 3946 credit,
675 3886 741 3932 non
759 3865 959 3931 iudicabitur
973 3885 982 3945 ;
997 3865 1199 3948 quicumque
1215 3864 1249 3928 in
1268 3882 1320 3928 me
1344 3882 1410 3928 non
1428 3865 1542 3941 credit,
1557 3867 1624 3929 iam

301 4065 315 4117 7
328 4055 427 4120 Xpisto]
439 4055 460 4106 C
473 4068 482 4104 ι
494 4070 527 4104 m.
543 4055 627 4114 Seom
639 4053 678 4112 G:
690 4053 779 4118 Xpr'str'
788 4053 839 4116 uli,
850 4051 895 4101 C2
906 4067 938 4100 m.
1024 4051 1039 4100 8
1051 4067 1119 4100 nunc
1129 4053 1276 4114 econtrario]
1288 4051 1369 4112 CGS:
1381 4067 1450 4100 rrum
1460 4052 1490 4101 de
1501 4055 1626 4103 contrario

271 4137 324 4186 viro
336 4137 385 4200 μΒ.
490 4149 519 4197 14
530 4151 561 4185 ex
572 4130 684 4192 serrendo]
704 4134 721 4185 S
740 4131 835 4198 optime
848 4126 889 4193 (ἐκ
901 4126 1054 4200 δευτέρου);
1069 4132 1112 4182 loc
1130 4131 1233 4182 semida
1248 4131 1356 4196 pucrt3
1377 4131 1420 4182 hoc
1438 4133 1571 4182 tenendum
1591 4133 1623 4184 G.

271 4228 302 4280 30
312 4218 459 4283 resurgunt]
471 4225 601 4282 resurgent
612 4219 632 4268 C
645 4234 703 4267 mox
715 4217 841 4267 emendat.

314 4387 356 4426 12.
380 4368 468 4426 Inter
491 4368 611 4444 impium
630 4373 658 4426 et
673 4373 845 4443 peccatorem
859 4360 920 4445 etc]
975 4364 1032 4426 Del
1049 4383 1109 4426 non
1119 4363 1239 4439 habent,
1249 4366 1296 4426 vel
1307 4363 1458 4443 cognitam
1469 4375 1625 4443 transgres-

274 4449 397 4509 Hieron.
415 4447 445 4507 in
462 4449 500 4508 ls.
520 4450 565 4520 28,
584 4468 621 4524 23
637 4467 701 4525 sqq.
716 4447 825 4507 ‘Aliud
841 4445 921 4508 enlm
973 4446 1058 4506 sione
1086 4457 1239 4506 mutarunt
1250 4467 1259 4520 3
1284 4457 1441 4524 peccatum
1466 4457 1567 4508 autem
1596 4458 1625 4508 et

274 4542 315 4590 est
340 4549 406 4590 esse
429 4531 563 4606 impium,
586 4530 667 4590 aliud
691 4538 879 4606 peccatorem
895 4529 902 4556 '
914 4549 923 4603 ;
975 4527 1115 4604 iniquitas
1143 4547 1198 4606 pro
1231 4526 1374 4605 qualitate
1395 4526 1533 4588 vitiorum
1559 4540 1626 4605 post
1665 4604 1667 4608 .

274 4611 385 4673 Contra
410 4611 505 4689 Pelag.
523 4627 543 4684 ι,
571 4613 626 4670 28:
654 4609 819 4688 ‘Impietas
841 4609 922 4669 enirn
975 4609 1089 4686 peccati
1121 4620 1150 4670 et
1178 4608 1342 4686 iniquitatis
1370 4610 1493 4670 vulnera
1521 4609 1626 4686 recipit

275 4691 390 4772 proprie
412 4693 453 4752 ad
476 4711 528 4754 eos
553 4692 689 4772 pertinet,
712 4690 764 4769 qui
787 4689 922 4751 notitiam
974 4690 1165 4752 sanitatem'
