4158 5492
660 443 915 507 tractatus
939 447 996 506 uu
1020 447 1186 512 esasuo
1209 449 1336 512 vau.
1620 459 1672 544 37

316 680 447 746 exultat
474 681 507 746 in
533 683 660 748 domini
676 687 872 767 praesentia.
896 687 1034 754 Cartare
1058 683 1135 756 Deo.
1149 685 1317 767 psalmum
1340 683 1437 749 dicite
1451 687 1579 752 nomini
1591 689 1671 756 eius.

316 789 467 870 Cantate‚
484 792 516 857 in
532 791 661 858 theoria
677 812 809 877 semper
833 793 999 878 significat
1015 795 1198 874 scriptura:
1214 793 1277 857 hoc
1293 800 1352 870 est,
1372 792 1580 857 considerate
1598 815 1670 876 my·
1777 794 1789 817 ⁸

315 897 413 959 steria
428 905 462 960 et
478 917 611 961 sensum
629 897 761 962 divinae
777 900 967 982 scripturae.
985 897 1129 962 Psaiiere
1145 907 1257 961 autem
1276 897 1306 958 in
1324 896 1415 960 bono
1430 917 1531 978 opere
1547 897 1671 978 signiti-

314 1011 367 1065 cat
383 1004 544 1085 scriptura
561 1005 674 1069 :verbi
690 1006 807 1090 gratia,
824 1015 860 1071 ut
875 1005 1009 1071 auditus
1025 1024 1121 1069 suum
1139 1025 1224 1087 opus
1241 1012 1396 1086 praestet,
1408 1003 1560 1069 similiter
1576 1016 1610 1069 ct
1626 1027 1674 1082 os,
1691 1015 1693 1020 '

283 1105 296 1158 5
314 1117 346 1170 et
361 1109 458 1186 ncuii,
474 1119 506 1174 et
524 1131 652 1190 manus,
667 1121 700 1176 et
715 1113 830 1177 omnia
847 1112 997 1177 membra
1013 1111 1108 1193 quasi
1124 1109 1347 1186 consentiant,
1369 1118 1403 1172 et
1420 1109 1465 1172 ita
1482 1111 1670 1191 percutiant

314 1213 506 1290 psalterium
524 1216 555 1279 in
570 1215 756 1283 virtutibus.
766 1218 940 1300 iterfacite
953 1219 985 1282 ei
997 1217 1057 1301 qni
1066 1217 1211 1284 ascendit
1220 1227 1317 1298 snper
1329 1235 1471 1279 oecosrrm
1483 1239 1495 1280 .·
1508 1216 1672 1280 Dominus

314 1337 424 1384 nomen
439 1329 488 1385 est
501 1321 561 1388 illi.
586 1321 622 1388 Si
639 1341 705 1387 uon
722 1322 819 1387 nobis
835 1323 967 1388 occidat
982 1321 1038 1386 soi,
1056 1322 1251 1406 iniquitatis,
1269 1341 1334 1386 non
1353 1330 1465 1404 potest
1481 1321 1578 1385 nobis
1594 1321 1671 1387 oriri

314 1421 361 1488 sol
378 1423 533 1506 iustitiae,
548 1426 642 1492 cuius
658 1429 784 1492 sanitas
800 1430 833 1494 in
850 1429 913 1494 aiis
928 1438 988 1495 est.

355 1529 447 1594 Deus
461 1531 496 1595 in
511 1531 574 1595 loco
599 1541 708 1596 sancto
722 1555 786 1600 sno.
805 1533 946 1616 Semper
961 1535 1055 1598 Deus
1080 1535 1112 1598 in
1130 1533 1254 1598 sanctis
1270 1534 1339 1598 suis
1354 1533 1504 1600 habitat:
1520 1533 1672 1598 ubicum-

269 1632 298 1669 ¹⁰
314 1655 377 1714 que
399 1637 560 1702 sanctitas
586 1647 646 1716 est,
662 1637 708 1704 ibi
734 1638 961 1714 habitaculum
988 1639 1053 1703 Dei
1069 1648 1127 1703 est.
1155 1639 1245 1702 Deus
1259 1637 1444 1702 inhabitare
1462 1639 1552 1720 facit
1567 1639 1668 1702 rcnins

314 1741 413 1804 nrorr's
428 1741 463 1806 irr
478 1742 596 1808 domo:
610 1743 667 1826 qui
684 1744 782 1808 unius
798 1744 899 1807 moris
924 1752 1010 1821 sunt,
1026 1753 1059 1808 et
1076 1763 1142 1809 non
1172 1752 1350 1808 mutantur.
1369 1743 1544 1827 Siquidem
1561 1743 1667 1807 iustus

314 1865 379 1909 non
397 1855 553 1926 mutatur,
569 1848 646 1931 quia
664 1845 767 1912 semel
784 1847 942 1912 iudicavit
957 1849 991 1911 in
1009 1848 1136 1913 iustitia
1160 1865 1364 1924 permanere.
1382 1847 1540 1912 Peccator
1556 1856 1667 1911 autem

315 1959 479 2017 mutatur:
505 1951 689 2034 ‘insipiens
713 1952 802 2015 enim
831 1952 916 2017 sicut
947 1951 1025 2017 iuna
1053 1951 1238 2018 mutabitur
1254 1951 1269 2015 '.
1297 1951 1336 2016 In
1362 1951 1526 2017 hebreaeo
1556 1964 1668 2017 autem

313 2054 435 2121 habet‘
452 2057 619 2122 Dominus
636 2055 822 2120 inhabitare
847 2055 1125 2122 taciturnonachos
1154 2058 1186 2122 in
1204 2056 1346 2122 domo':
1370 2057 1402 2122 id
1420 2066 1479 2136 est,
1496 2057 1528 2122 in
1547 2059 1668 2141 quibus

269 2151 295 2204 '⁵
314 2180 378 2224 non
394 2161 566 2226 cohabitat
583 2169 766 2244 peccatum.
786 2161 856 2241 Qui
866 2161 973 2226 educit
987 2161 1108 2226 uinctos
1124 2161 1377 2242 infortitudine.
1396 2163 1473 2248 Ipse
1498 2163 1591 2229 Deus
1608 2185 1668 2228 sua

313 2263 433 2330 virtute
448 2267 561 2333 educit
576 2265 702 2350 eosqui
719 2265 812 2346 ligati
829 2273 907 2329 sunt
920 2286 939 2329 a
951 2265 1086 2331 diaboio
1102 2267 1134 2330 in
1152 2266 1297 2348 peccatis
1310 2287 1317 2331 :
1330 2267 1415 2331 sicut
1428 2266 1484 2330 iiia
1501 2268 1618 2332 mulier
1635 2268 1666 2332 in

313 2369 494 2448 evangelio,
510 2392 595 2448 nisae
611 2370 715 2450 ligata
732 2367 838 2432 iuerat
853 2369 968 2434 decem
986 2379 1019 2434 et
1041 2381 1118 2434 octo
1134 2369 1230 2434 annis
1246 2389 1265 2433 a
1282 2369 1425 2436 diabolo.
1438 2371 1606 2436 Similiter
1618 2393 1669 2435 eos

312 2471 374 2552 oui
393 2485 591 2556 exasperant,
615 2473 676 2558 qui
696 2471 848 2538 habitant
876 2477 911 2537 in
933 2475 1095 2556 sepulcris.
1124 2475 1217 2538 Deus
1246 2483 1363 2538 natura
1390 2474 1497 2540 dulcis
1519 2485 1588 2540 est:
1612 2477 1669 2558 qui

313 2587 423 2642 autem
441 2581 481 2642 ad
507 2580 764 2647 amaritudinem
790 2596 865 2641 eum
883 2578 1064 2658 adducunt,
1089 2588 1281 2662 peccatores
1297 2588 1384 2658 sunt,
1401 2590 1434 2643 et
1462 2579 1587 2644 iaciunt
1603 2581 1666 2644 sibi

265 2677 296 2714 ²⁰
314 2701 460 2748 amarum
476 2685 596 2750 Deum.
609 2685 687 2747 Non
706 2691 858 2746 naturam
870 2701 964 2746 suam
978 2693 1099 2760 mutat,
1111 2685 1169 2748 sed
1180 2685 1242 2768 ipsi
1260 2683 1322 2748 sibi
1340 2695 1531 2768 peccatores
1540 2685 1666 2750 faciunt

314 2785 421 2851 Deum
439 2809 598 2854 amarum.
619 2787 688 2868 Qui
699 2787 899 2852 habitantia
924 2787 1086 2870 sepulcris.
1102 2791 1110 2820 ‘
1126 2787 1200 2852 Vae
1215 2788 1318 2864 vobis,
1334 2789 1461 2852 scribae
1477 2798 1511 2852 et
1527 2789 1668 2866 farisaei,

313 2893 468 2972 quoniam
495 2893 620 2958 simiies
645 2893 725 2958 estis
750 2890 909 2973 sepulcris
931 2891 1096 2956 dealbatis
1111 2892 1127 2957 ¹.
1145 2891 1240 2958 Sicut
1268 2900 1402 2957 sanctus
1418 2892 1582 2975 templum
1602 2893 1667 2955 Dei

313 3001 370 3072 est,
382 2995 428 3061 sic
443 2999 634 3080 sepulcrum
652 2997 714 3062 sibi
730 2995 871 3060 efficitur
887 3005 1049 3078 peccator.

358 3097 446 3164 Deus
459 3123 531 3165 cum
546 3101 742 3183 egredereris
757 3101 792 3165 irr
807 3109 966 3184 conspectu
986 3100 1102 3183 populi
1114 3101 1171 3166 tui.
1191 3101 1268 3166 Hoc
1284 3101 1468 3176 secundum
1485 3101 1668 3176 historiam,

267 3201 295 3252 ²⁵
313 3203 446 3281 quando
464 3203 556 3268 Deus
572 3204 793 3269 antecedebat
808 3203 969 3287 populum
987 3225 1083 3269 suum
1100 3205 1325 3288 egredientem
1339 3208 1382 3270 de
1400 3207 1567 3290 Aegypto.
1583 3193 1666 3270 Cain

309 3309 524 3382 pertransires
548 3311 584 3374 in
609 3309 739 3373 deserto.
756 3308 850 3371 Deus
878 3328 945 3371 non
973 3309 1156 3373 inmoratur
1185 3310 1217 3372 in
1235 3310 1376 3384 deserto,
1404 3313 1460 3374 scd
1479 3311 1667 3392 pertransit.

319 3409 416 3476 Terra
432 3423 519 3478 mota
534 3423 589 3489 est,
604 3413 721 3478 etenim
737 3412 819 3476 caeli
831 3411 1078 3480 distillaverunt
1091 3437 1113 3478 a
1128 3414 1221 3495 facie
1237 3414 1305 3477 Dei
1326 3414 1434 3478 Sinai.
1454 3414 1546 3480 Coeli
1558 3413 1666 3477 distil-

310 3513 484 3582 laverunt:
507 3518 571 3584 hoc
599 3528 658 3597 est,
674 3538 806 3583 manna.
823 3515 916 3582 Sinai
942 3517 1178 3601 interpretatur
1204 3518 1390 3601 temptatio.
1410 3519 1500 3601 Ergo
1522 3518 1614 3583 Deus
1632 3519 1663 3581 in

342 3746 356 3782 2
370 3735 486 3798 Cantnte]
497 3745 598 3786 cantare
609 3739 661 3788 AS.
730 3738 759 3786 in
771 3737 876 3798 theoria]
891 3739 911 3786 Α
924 3756 931 3794 ς
944 3753 968 3786 nr
982 3738 1006 3786 in
1020 3739 1068 3789 fine
1080 3755 1150 3790 erasa
1163 3741 1180 3789 S
1194 3758 1201 3800 3
1214 3741 1242 3790 in
1255 3740 1377 3790 theoriam
1390 3741 1460 3791 BGL
1473 3760 1480 3800 ;
1493 3741 1522 3790 in
1533 3742 1666 3792 theoricam

310 3811 331 3861 C
342 3832 348 3870 ς
360 3815 389 3863 irr
400 3817 509 3867 theorica
521 3817 546 3885 β.
649 3819 810 3880 considerate]
822 3819 868 3869 CG
881 3838 888 3878 ς
900 3821 1054 3870 considerare
1067 3820 1183 3886 ssAliLS.
1259 3833 1273 3886 5
1285 3823 1532 3888 qrrosiconsentraut]
1545 3827 1564 3874 B
1576 3843 1582 3884 3
1593 3825 1669 3890 qrrosi

309 3901 464 3949 consentirent
471 3901 493 3951 C
505 3910 570 3966 post.
584 3918 647 3953 corr.
663 3903 728 3961 aG;
745 3919 809 3967 qnae
819 3902 870 3950 sili
878 3904 1038 3952 conseminat
1049 3904 1084 3962 83
1102 3906 1164 3968 quin
1174 3907 1200 3953 si
1209 3906 1366 3955 consentiunt
1379 3907 1400 3956 L
1412 3925 1418 3964 ;
1435 3909 1460 3956 si
1468 3910 1626 3956 consentirent
1639 3906 1662 3973 β.

307 3981 458 4042 percurrant]
470 3985 619 4046 percutiunt
631 3983 737 4052 βΑΒ,Ε
754 3991 818 4049 post.
832 3985 933 4034 emend.
1012 3985 1144 4047 7est]om.
1160 3987 1185 4036 S.
1260 3987 1317 4036 Sin
1328 3989 1387 4048 alis]
1400 3989 1428 4037 in
1440 3989 1598 4056 coelr's[i;irr
1609 3993 1665 4040 celis

310 4056 363 4108 GL.
468 4075 495 4126 13
509 4066 659 4128 nrutalitur]
672 4068 692 4115 B
706 4079 716 4116 1
729 4083 763 4116 m.
778 4066 819 4115 CS
830 4085 837 4125 ς
850 4073 968 4115 meriatur
978 4065 1027 4134 pc,
1040 4068 1060 4116 B
1072 4069 1099 4115 li
1107 4075 1243 4132 expuncto.
1348 4082 1375 4131 ¹5
1387 4072 1520 4132 cotatr'ror]
1532 4073 1660 4122 lnir'tatS.

312 4148 338 4197 17
349 4139 438 4204 decem]
448 4145 524 4194 decim
538 4146 589 4197 BC.
684 4148 771 4209 annis]
781 4164 810 4195 ex
822 4163 901 4196 annos
913 4148 942 4197 C.
1027 4149 1163 4210 aoruutnt]
1176 4156 1276 4198 nudant
1289 4147 1313 4216 β.
1399 4164 1429 4213 23
1440 4153 1619 4215 precatorium.
1636 4155 1659 4217 β.

310 4225 651 4288 ψῃνιᾶινιηὶμμηᾱίινίς
664 4229 737 4278 BSG.
840 4229 872 4277 26
881 4230 1058 4292 pertransires]
1070 4233 1406 4294 pertransr'era'sBcurr.C;
1435 4238 1616 4298 pertransierit
1628 4239 1660 4286 (ἱ.

309 4301 339 4352 28
350 4303 392 4353 loc
400 4308 446 4369 est]
457 4323 508 4358 om.
520 4310 552 4360 G.
652 4313 740 4373 Sinas]
751 4311 822 4374 Syna
833 4311 864 4360 C.

348 4492 374 4548 8.
391 4493 422 4548 in
436 4491 495 4550 alis
508 4490 560 4572 est]
578 4493 706 4552 Malach.
723 4513 750 4566 4,
770 4513 793 4552 a.
1011 4492 1039 4550 in
1052 4497 1138 4556 Psait.
1151 4498 1229 4557 iuxta
1239 4500 1319 4560 hebr.
1330 4501 1494 4563 ‘soiitarios
1503 4500 1532 4561 in
1543 4501 1635 4561 domo
1645 4505 1659 4562 ’.

353 4591 392 4644 ¹3·
411 4570 584 4654 mutabitur]
601 4575 692 4634 Eccii.
711 4593 756 4648 27,
777 4595 819 4633 12.
1054 4580 1095 4634 16.
1113 4579 1145 4635 in
1159 4578 1315 4662 ercongelio]
1332 4583 1405 4646 Luc.
1427 4601 1435 4639 t
1444 4603 1470 4658 3,
1491 4603 1534 4642 11.

352 4673 393 4728 ¹4·
411 4655 561 4714 morracios
585 4657 617 4714 in
641 4653 735 4736 darno]
755 4658 800 4716 Ita
826 4655 957 4731 Symma-
1052 4677 1096 4716 22.
1113 4659 1265 4742 dealbatis]
1283 4665 1389 4723 Matth.
1409 4685 1423 4723 2
1428 4687 1454 4740 3,
1473 4683 1518 4740 27.

310 4733 380 4794 chus
394 4747 422 4795 et
437 4735 653 4812 Theodotion;
668 4737 871 4816 Hieronymus
887 4755 957 4796 vero
1048 4743 1093 4799 28.
1109 4743 1199 4802 Sinai
1207 4745 1416 4821 interpretatur
1425 4743 1582 4828 temptatio]
1596 4747 1659 4806 Ori·
