4112 5496
924 421 1062 484 SANCT
1065 423 1078 481 1
1109 421 1364 484 HIERONYMI

952 770 954 776 ν
1033 706 1256 791 XXVIII.

532 970 632 1052 Vox
665 967 849 1052 Domini
879 970 1011 1076 super
1041 992 1193 1075 aquus,
1234 965 1354 1047 Haec
1389 975 1492 1046 sunt
1525 987 1673 1074 aquae,
1715 988 1824 1072 quae

469 1105 647 1189 laudant
680 1106 724 1189 in
757 1103 1012 1190 caelestibus
1054 1103 1308 1222 Dominum.
1345 1101 1485 1189 ‘Vox
1523 1098 1748 1182 clamantis
1781 1099 1824 1181 in

466 1217 637 1327 deserto
658 1244 677 1326 '.
701 1244 824 1324 Deus
849 1241 1017 1351 glom'ue
1047 1239 1250 1324 intonuit.
1281 1238 1401 1320 ‘Hic
1429 1249 1494 1322 est
1529 1238 1668 1322 Filius
1704 1263 1825 1321 meus

467 1379 650 1464 dilectus
672 1379 791 1481 mihi,
816 1379 861 1462 in
883 1404 970 1489 quo
990 1376 1213 1488 conplacui
1235 1379 1255 1461 '.
1279 1377 1497 1460 Dominus
1524 1382 1657 1488 super
1687 1403 1827 1485 equos
1858 1410 1873 1464 s

468 1517 643 1601 multos,
671 1519 770 1628 Ipse
814 1517 1001 1629 Xpistus
1039 1515 1270 1617 Dominus,
1293 1541 1391 1599 curn
1425 1515 1576 1598 multis
1609 1511 1843 1600 lavacrum

466 1655 690 1767 accipiens
723 1657 823 1739 Von
856 1654 1042 1739 Domini
1059 1654 1397 1764 infortitudine.
1425 1654 1603 1738 ‘Facite
1639 1654 1823 1739 fructum

467 1793 650 1904 dignum
682 1795 970 1906 paenitentiae
991 1795 1011 1878 '.
1042 1793 1142 1877 Vox
1160 1793 1345 1878 Domini
1362 1793 1407 1876 in
1428 1794 1582 1877 decom.
1610 1801 1617 1832 ‘
1642 1793 1825 1877 Dimitte

468 1932 621 2016 modo:
645 1933 707 2017 sic
742 1936 857 2017 enim
889 1933 1008 2019 decet
1040 1959 1121 2017 nos
1154 1932 1330 2044 implere
1361 1959 1535 2016 omnem
1568 1931 1779 2016 iustitiam
1802 1935 1820 2016 ’.

474 2073 523 2155 V
517 2099 573 2156 on
586 2073 769 2156 Domini
777 2073 1036 2157 conterentis
1049 2072 1203 2156 cedros,
1222 2072 1444 2182 Superbos
1457 2097 1663 2184 quosque.
1686 2079 1695 2113 ‘
1715 2073 1824 2156 Ecce
1842 2107 1873 2143 10

471 2211 632 2295 securis
653 2212 707 2295 ad
729 2212 892 2296 radices
923 2211 1128 2296 arborum
1164 2211 1306 2322 posita
1339 2223 1405 2294 cst
1427 2212 1446 2294 '.
1470 2213 1539 2294 Et
1568 2213 1826 2295 comminuet

467 2376 542 2432 eos
562 2355 614 2432 nt
632 2350 799 2436 vitutus
818 2352 991 2435 Liboni.
1019 2352 1183 2434 Ramos
1203 2376 1350 2434 earum
1371 2362 1412 2433 et
1434 2350 1622 2461 virgulta
1636 2349 1823 2435 calcibus

467 2488 709 2574 verberans.
738 2493 821 2573 Pro
842 2489 922 2574 hoc
944 2490 987 2573 in
1009 2489 1191 2574 hebraeo
1213 2488 1363 2572 habet:
1391 2494 1462 2571 ‘et
1495 2489 1662 2573 vitulus
1696 2490 1823 2574 Liba-

470 2627 513 2711 ni
529 2629 547 2712 '.
571 2630 671 2712 Vox
682 2630 865 2713 Domini
879 2629 1346 2739 iucu'dentisflommom
1367 2628 1491 2738 ignis.
1511 2628 1821 2714 Paenitentiam

472 2767 658 2851 Ioannes
680 2768 724 2852 in
745 2768 915 2852 deserto
936 2767 1197 2878 praedicam,
1220 2793 1394 2850 omnem
1413 2767 1636 2878 gehennae
1671 2769 1873 2852 reson-1⁵

502 2987 517 3026 2
530 2977 599 3026 Haec
612 2977 633 3027 E
645 2977 681 3038 (in
693 2995 744 3044 quo
756 2986 840 3030 tamen
853 2977 959 3030 litterae
970 2984 1058 3042 postea
1069 2992 1139 3028 erasa
1151 2979 1198 3038 est)
1211 2976 1241 3028 C.
1257 2977 1366 3027 Priorem
1378 2975 1504 3026 scribendi
1515 2975 1647 3040 rationem,
1661 2985 1748 3044 utpote
1759 2995 1824 3045 quae

469 3057 562 3121 passim
573 3057 635 3108 alibi
646 3058 671 3108 in
683 3075 742 3110 mss.
756 3059 906 3121 inveniatur,
919 3059 1068 3109 servandam
1080 3074 1134 3109 esse
1145 3059 1295 3110 existimavi.
1387 3058 1478 3122 blpse]
1491 3058 1512 3108 C
1525 3059 1583 3108 add.
1597 3067 1639 3110 est.
1734 3062 1823 3124 tuem]

471 3139 531 3199 EC;
564 3157 602 3192 ees
613 3142 637 3190 A
649 3143 725 3208 (post.
739 3145 816 3203 corr.)
828 3143 865 3192 M.
966 3149 996 3191 ret
1012 3142 1121 3203 uitulus]
1139 3142 1319 3192 Accusativum
1335 3141 1395 3191 licet
1412 3139 1475 3190 lorte
1492 3140 1684 3206 exspectaveris,
1704 3143 1740 3192 uti
1756 3144 1823 3208 apud

470 3221 543 3272 LXX
554 3231 579 3273 et
590 3224 616 3272 in
628 3232 734 3289 utroque
745 3225 864 3290 psalterio
874 3225 991 3274 Romano
1002 3231 1027 3274 et
1035 3223 1168 3274 Gallicano
1175 3223 1274 3288 legitur,
1285 3231 1310 3272 at
1320 3230 1388 3272 certe
1395 3221 1495 3271 codices
1506 3222 1585 3272 nostri
1593 3238 1681 3274 omnes
1690 3230 1719 3272 ret
1726 3224 1825 3274 vitutus

470 3305 597 3367 exhibent,
611 3315 636 3358 et
647 3309 683 3357 ita
693 3308 853 3360 scribendum
870 3323 924 3358 esse
941 3309 1063 3374 reiquae
1082 3307 1196 3375 proxime
1212 3308 1324 3372 sequitur
1343 3305 1494 3370 Hieronymi
1511 3305 1686 3369 interpretatio
1703 3307 1821 3358 declarat.

468 3389 706 3450 earun11eornmC.
810 3404 838 3454 13
850 3391 922 3440 babet
931 3399 955 3440 et
966 3391 1064 3440 vitutus
1076 3391 1180 3452 Libane]
1194 3391 1233 3440 Ita
1252 3389 1341 3440 iterum
1361 3403 1449 3437 ornnes
1467 3387 1544 3437 MSS.
1565 3394 1589 3437 et
1609 3386 1691 3452 ipsum
1705 3388 1824 3438 breviarii

468 3472 598 3534 exemplar
611 3472 791 3533 Hubertinum,
804 3473 850 3522 etsi
862 3473 888 3523 in
900 3473 961 3523 edit.
977 3473 1127 3523 Martianaei
1138 3472 1229 3537 legitur
1240 3471 1311 3521 babet
1320 3477 1344 3519 et
1354 3477 1384 3520 ut
1395 3470 1489 3519 uitulus
1500 3469 1604 3520 Libani.
1625 3470 1703 3520 Porro
1714 3471 1824 3535 possitne

469 3551 563 3616 aliquid
576 3569 622 3618 pro
634 3553 681 3604 iste
693 3555 800 3606 lectione
811 3555 871 3616 dici,
885 3555 997 3605 nondum
1010 3554 1107 3620 liquido
1118 3554 1180 3606 mihi
1192 3561 1260 3621 patet
1271 3572 1278 3613 ;
1291 3553 1368 3602 immo
1380 3567 1440 3601 vero
1450 3551 1531 3602 fateor
1542 3567 1664 3617 nusquam
1677 3568 1717 3602 me
1728 3553 1788 3602 alibi
1798 3553 1824 3603 ln

468 3631 537 3683 hisce
554 3637 766 3688 commentariolis
782 3637 875 3688 diutius
892 3637 1009 3688 haesisse.
1030 3639 1094 3688 Cum
1111 3637 1186 3702 igitur
1203 3651 1242 3686 res
1255 3635 1281 3684 in
1293 3635 1389 3685 incerto
1401 3641 1521 3694 maneret,
1540 3633 1644 3699 antiqua
1661 3635 1823 3699 exemplaria,

394 3717 400 3732 '
468 3715 532 3767 sicut
544 3733 614 3768 meus
625 3727 662 3769 est
674 3736 737 3779 mos,
751 3720 901 3785 hicquoque
912 3727 1011 3770 secutus
1021 3735 1084 3770 sum.
1100 3721 1130 3770 ln
1142 3721 1261 3786 psalteri0
1274 3718 1424 3784 Hieronymi
1443 3719 1514 3769 iuxta
1533 3719 1614 3769 Hebr.
1633 3721 1702 3784 apud
1720 3719 1824 3769 Paulum
1902 3757 1907 3765 .

468 3797 500 3848 de
513 3799 628 3864 Lagarde
640 3801 731 3866 legitur
742 3803 818 3866 quasi
827 3803 925 3852 vitutus
939 3802 1042 3863 Libani,
1055 3803 1121 3868 apud
1135 3803 1319 3853 Martianaeum
1337 3819 1396 3854 vero
1412 3809 1437 3853 et
1454 3801 1604 3852 Vallarsium
1623 3805 1698 3867 quasi
1711 3801 1824 3854 ubertum

469 3881 606 3944 Libanum,
620 3884 662 3933 ubi
675 3885 776 3950 insuper
788 3901 836 3935 vox
848 3885 977 3935 Lr'bonnm
988 3885 1020 3934 ad
1031 3884 1162 3950 sequentia
1174 3884 1287 3936 trahitur.
1390 3896 1419 3946 14
1431 3882 1573 3946 incidentis]
1586 3883 1607 3934 C
1621 3885 1764 3944 (incedentis
1777 3886 1823 3946 Ele

468 3965 641 4015 intermittatis
653 3965 703 4034 Αβ.
807 3977 835 4032 15
848 3967 1024 4032 restinguebat]
1037 3965 1091 4035 Εβ;
1124 3968 1284 4031 extinguebat
1294 3968 1350 4018 Ac.

511 4144 536 4200 3.
560 4125 592 4182 in
613 4125 719 4184 disemo
749 4127 855 4185 Matth.
873 4145 900 4202 3,
917 4145 943 4202 3.
1171 4125 1266 4202 qualis
1282 4125 1312 4186 in
1327 4125 1439 4203 graecis
1450 4137 1480 4186 et
1492 4125 1590 4187 latinis
1605 4124 1823 4204 exemplaribus

511 4223 536 4282 5.
559 4207 708 4282 coaptauit
738 4206 814 4268 ibid.
832 4227 857 4267 v.
877 4224 920 4282 ¹7·
1171 4207 1342 4284 legebatur:
1362 4209 1398 4270 ὡς
1409 4209 1455 4264 τὸν
1469 4208 1571 4281 μόσχον
1593 4211 1638 4264 τὸν
1661 4204 1778 4280 Λίβανον
1792 4219 1822 4268 et

510 4289 537 4346 8.
556 4285 763 4370 poenitentioe!
780 4288 857 4348 Ibid.
875 4291 901 4349 8.
1169 4295 1320 4365 tunionem
1344 4288 1469 4347 nimium
1494 4287 1610 4346 Libani.
1629 4289 1664 4346 In
1681 4289 1823 4348 translati-

513 4387 539 4443 9.
561 4364 719 4449 iustitium]
736 4371 780 4429 ib.
800 4387 845 4446 ¹5·
1170 4389 1229 4430 one
1239 4389 1307 4430 vero
1317 4389 1353 4429 ex
1362 4367 1606 4444 hebraico,quam
1619 4367 1822 4445 Hieronymus

514 4469 556 4508 rr.
576 4453 672 4525 postia
687 4449 738 4532 est]
755 4452 799 4511 Ib.
820 4472 863 4511 ro.
1169 4451 1307 4523 confecit,
1323 4451 1444 4511 codices
1455 4450 1516 4508 iere
1530 4469 1644 4519 omnes,
1660 4459 1691 4509 ut
1707 4449 1820 4510 dictum

512 4549 555 4606 13.
572 4533 635 4592 Pro
645 4529 707 4613 troc]
720 4533 750 4594 id
762 4543 814 4606 est,
825 4544 969 4609 quantum
981 4552 1117 4610 auguror,
1170 4543 1214 4591 est
1229 4551 1326 4608 supra,
1342 4529 1463 4592 lectioni
1489 4531 1597 4590 uitulus
1611 4532 1723 4591 Libani
1733 4534 1822 4593 adsti-

469 4632 522 4690 pro
537 4613 595 4672 hoc
607 4612 759 4688 versiculo,
772 4633 831 4673 non
843 4614 939 4692 qualis
947 4615 986 4675 ab
997 4627 1118 4675 auctore
1170 4615 1317 4690 pulantur.

469 4695 562 4754 modo
587 4696 718 4773 prolatus
742 4709 772 4757 et
795 4699 969 4773 explanatus
995 4706 1048 4768 est,
1064 4695 1117 4755 sed
