4092 5502
395 389 478 494 284
769 411 797 470 s.
822 407 1077 470 elusionum
1099 407 1365 467 pensaurum

394 652 461 696 non
477 630 611 696 hahent.
629 627 895 694 circumornatae
909 634 946 688 nt
960 623 1143 688 similitudo
1158 623 1275 707 templi.
1293 621 1435 688 Pulchre
1449 622 1547 702 dixit,
1563 623 1750 689 similitudo

394 735 532 818 templi:
546 753 612 796 non
629 732 755 797 habent
769 749 882 795 veram
895 729 1081 806 ecclesiam,
1096 728 1154 792 sed
1170 727 1423 792 similitudinem
1441 727 1610 793 ecclesiae.

441 836 583 904 Cellario
597 857 706 900 eornm
717 835 824 918 plena,
839 832 1048 898 eructuantia
1071 853 1110 895 en
1135 830 1192 895 hoc
1216 831 1251 894 in
1279 830 1372 895 illud.
1388 830 1500 894 Parati
1516 831 1652 894 suntad
1669 851 1748 894 con-

395 943 611 1008 tendendum.
628 939 665 1005 Si
681 939 755 1002 illos
771 939 916 1003 tenueris
933 938 965 1000 in
984 956 1051 1000 uno
1067 936 1270 1013 testimonio,
1285 937 1327 1000 ad
1345 935 1434 999 aliud
1461 943 1643 1000 transeunt.
1660 934 1696 999 Si
1713 933 1748 998 in

396 1045 567 1128 scripturis
591 1043 746 1120 tenueris,
761 1042 803 1106 ad
830 1039 1047 1104 Aristotelem
1074 1039 1213 1123 lugiunt.
1239 1038 1275 1104 Si
1301 1038 1518 1103 Aristotelem
1546 1038 1700 1116 tenueris,
1716 1037 1749 1101 in
1790 1049 1806 1102 5

398 1151 572 1216 Platonem
600 1156 781 1212 transeunt.
799 1143 941 1210 Cellaria
957 1164 1072 1208 eorum
1098 1144 1207 1226 plena,
1222 1143 1432 1208 eructuantia
1458 1163 1503 1206 ex
1528 1143 1592 1206 hoc
1609 1142 1642 1206 in
1659 1141 1751 1207 illud.

398 1251 577 1319 Cellarium
594 1249 728 1334 proprie
753 1248 883 1324 dicitur,
899 1247 989 1330 quod
1006 1247 1139 1311 divitias
1164 1247 1355 1328 conpositas
1371 1247 1481 1313 habet.
1500 1246 1670 1311 Haeretici
1686 1245 1750 1310 cel·

398 1357 478 1420 laria
494 1354 618 1419 habent
632 1378 638 1418 :
654 1352 780 1416 habent
791 1352 879 1414 enim
897 1361 1093 1434 praeparata
1109 1351 1209 1415 verba
1226 1351 1346 1433 quibus
1362 1352 1578 1416 contendunt.
1595 1352 1750 1416 Ceterum

398 1459 611 1526 ecclesiastici
637 1443 805 1540 simplices
829 1465 915 1533 sunt,
942 1457 1023 1520 nihil
1050 1457 1176 1521 habent
1204 1465 1447 1539 praeparatum.
1465 1454 1633 1538 Aperiunt
1656 1473 1703 1531 os,
1718 1463 1752 1522 ἀ

399 1565 543 1649 repletur
559 1585 579 1628 a
595 1563 753 1641 Domino,
769 1561 951 1626 secundum
978 1561 1068 1643 quod
1092 1561 1232 1624 dicitur:
1248 1564 1255 1592 ‘
1272 1560 1376 1643 Aperi
1392 1579 1431 1623 os
1447 1569 1551 1636 tuum,
1567 1567 1602 1622 et
1617 1557 1752 1641 inplebo
1774 1578 1809 1616 ιο

400 1669 480 1734 illud
497 1669 504 1694 ’
521 1679 554 1732 et
570 1675 577 1702 ‘
597 1667 710 1733 Nolite
726 1667 875 1750 cogitare
890 1666 969 1748 quid
988 1665 1217 1746 respondeatis
1234 1664 1306 1742 illis,
1322 1664 1417 1728 dabit
1433 1663 1521 1727 enim
1544 1661 1638 1728 vobis
1655 1663 1760 1727 Pater

400 1783 508 1839 vester
524 1775 556 1836 in
574 1772 629 1836 illa
646 1773 728 1837 hora
756 1773 835 1854 quid
864 1773 983 1838 dicatis
1001 1773 1016 1837 '.
1032 1773 1166 1837 Videtis
1182 1772 1339 1855 quoniam
1358 1791 1424 1835 non
1441 1771 1604 1834 habemus
1619 1768 1752 1834 cellaria

401 1884 607 1960 praeparata,
623 1871 686 1941 sed
697 1876 834 1940 divitiae
851 1887 984 1940 nostrae
1008 1875 1138 1940 subitae
1154 1884 1240 1941 sunt.
1258 1876 1360 1939 Dicat
1375 1873 1516 1957 aliquis:
1533 1875 1587 1936 Da
1603 1873 1751 1938 testimo-

401 1981 503 2057 nium,
519 1981 689 2063 quomodo
707 1981 814 2045 sancti
830 1981 963 2045 cellaria
980 2002 1046 2045 non
1063 1980 1196 2044 habent.
1213 1984 1220 2013 ‘
1237 1981 1417 2064 Respicite,
1433 1979 1552 2062 inquit,
1567 1996 1645 2043 aves
1661 1977 1753 2057 caeli,

401 2085 559 2168 quoniam
587 2105 654 2148 non
680 2085 805 2150 habent
831 2084 964 2150 cellaria
992 2105 1100 2168 neque
1127 2085 1267 2149 horrea:
1293 2093 1328 2148 et
1353 2086 1452 2149 Pater
1466 2093 1577 2148 vester
1600 2083 1752 2148 caelestis
1777 2097 1810 2151 ¹5

401 2190 507 2272 pascit
523 2189 595 2252 illas
611 2190 626 2255 '.
645 2189 736 2252 Aves
761 2188 843 2252 istae
866 2187 1054 2270 specialiter
1070 2188 1224 2252 monachi
1250 2199 1351 2252 sunt:
1368 2189 1433 2253 non
1460 2186 1585 2254 habent
1613 2187 1754 2268 cellaria,

402 2311 467 2355 non
485 2292 610 2356 habent
626 2293 817 2374 apothecas,
833 2292 891 2381 sed
909 2291 1034 2355 habent
1050 2291 1288 2373 apothecarum
1305 2303 1339 2357 et
1355 2291 1562 2358 cellariorum
1579 2293 1752 2358 dominum

403 2397 511 2478 ipsum
526 2396 694 2478 Xpistum.
706 2397 783 2459 Non
795 2396 920 2459 habent
930 2396 1055 2473 horrea,
1066 2397 1125 2460 sed
1137 2395 1330 2461 horreorum
1342 2398 1525 2463 dominum.
1539 2398 1617 2462 Non
1631 2395 1756 2462 habent

403 2501 536 2565 divitias
563 2499 696 2577 diaboli,
712 2500 769 2562 sed
798 2499 924 2564 habent
951 2509 1181 2584 paupertatem
1211 2501 1332 2583 Xpisti.
1350 2501 1514 2566 Diabolus
1541 2502 1621 2584 quid
1649 2493 1756 2566 dicit'?

403 2609 410 2636 ‘
429 2605 523 2668 Haec
539 2605 652 2668 omnia
669 2623 743 2666 mea
760 2614 837 2667 sunt
853 2628 859 2667 :
876 2604 901 2666 si
919 2605 1094 2685 procidens
1110 2605 1299 2668 adoraveris
1316 2625 1378 2682 me,
1403 2605 1493 2669 dabo
1509 2605 1568 2669 tibi
1585 2625 1625 2668 ea
1640 2611 1655 2669 ².
1673 2605 1757 2688 Xpi·
1776 2625 1816 2664 ιο

404 2719 474 2774 stus
490 2710 570 2792 quid
588 2708 669 2773 dicit
685 2709 727 2771 ad
756 2713 857 2772 suos?
873 2712 881 2740 ‘
898 2707 964 2790 Qui
982 2729 1047 2771 non
1074 2709 1259 2774 vendiderit
1280 2710 1394 2774 omnia
1411 2729 1470 2774 sua
1497 2730 1583 2792 quae
1607 2711 1759 2775 habetet

404 2815 533 2878 dederit
549 2813 760 2897 pauperibus,
777 2832 842 2876 non
861 2822 971 2894 potest
987 2833 1059 2875 esse
1076 2832 1170 2876 meus
1186 2813 1370 2895 discipulus
1386 2813 1401 2878 '.
1421 2813 1481 2876 Ille
1495 2833 1598 2897 regna
1614 2824 1648 2880 et
1675 2815 1759 2878 divi·

405 2919 468 2982 tias
495 2919 678 3001 pollicetur,
695 2927 731 2983 ut
758 2919 911 2982 occidat:
927 2918 981 2981 hic
1008 2927 1241 3000 paupertatem
1270 2916 1453 3000 pollicetur,
1471 2927 1507 2983 ut
1534 2917 1647 2983 salvet.
1666 2917 1758 2982 Nihil

404 3024 531 3105 grande
547 3022 695 3101 iacimus,
710 3023 737 3086 si
755 3031 868 3086 nostra
896 3022 1132 3104 relinquimus:
1150 3021 1292 3103 Xpistus
1309 3021 1441 3085 Patrem
1459 3022 1591 3106 reliquit
1606 3033 1640 3087 et
1657 3043 1759 3106 regna

405 3125 572 3190 caelorum
598 3137 733 3209 propter
758 3146 828 3192 nos.
845 3127 955 3190 Nemo
972 3135 1067 3208 putet
1084 3145 1137 3189 me
1158 3125 1418 3207 blasphemasse,
1434 3126 1511 3208 quia
1527 3127 1609 3205 dixi,
1627 3127 1758 3190 Patrem
1781 3151 1818 3205 ²5

406 3229 547 3313 reliquit.
579 3229 771 3295 Secundum
803 3230 1087 3311 dispensationem
1120 3228 1245 3312 loquor,
1272 3229 1456 3292 secundum
1489 3230 1578 3313 quod
1608 3230 1761 3308 mittitur,

406 3334 589 3398 secundum
615 3333 705 3415 quod
729 3333 830 3397 dicit:
846 3338 852 3366 ⁸
871 3334 977 3410 Pater,
993 3334 1050 3416 qui
1077 3351 1130 3394 me
1156 3333 1254 3409 misit,
1271 3333 1376 3397 maior
1405 3353 1459 3397 me
1483 3342 1533 3399 est
1550 3335 1565 3398 ’.
1583 3336 1676 3399 Deus
1691 3355 1759 3398 non

407 3437 558 3515 mittitur,
574 3437 667 3500 Deus
684 3457 750 3500 non
767 3437 937 3513 subicitur,
950 3456 1015 3500 non
1030 3435 1131 3500 seruit
1145 3458 1152 3499 :
1168 3437 1226 3500 sed
1240 3437 1445 3519 dispensatio
1456 3438 1605 3502 mittitur.
1617 3437 1654 3504 Si
1667 3438 1762 3502 Deus

409 3542 532 3624 ubique
548 3549 651 3618 estet
667 3541 780 3604 omnia
797 3540 829 3604 in
844 3541 919 3604 Deo
935 3551 1022 3617 sunt,
1037 3540 1209 3623 quomodo
1226 3541 1319 3604 Deus
1330 3541 1373 3605 ad
1386 3541 1510 3625 aliquid
1522 3543 1673 3621 mittitur,
1684 3561 1762 3607 cum

441 3761 464 3812 3.
478 3748 494 3796 6
505 3749 534 3796 in
546 3749 626 3809 illud]
638 3748 667 3796 in
681 3745 724 3796 illo
735 3746 767 3796 G.
853 3757 866 3808 7
881 3745 1031 3806 cellarium]
1042 3745 1146 3794 collaria
1157 3745 1178 3795 C
1191 3761 1255 3797 corr.
1270 3747 1293 3797 G
1306 3761 1360 3796 corr
1371 3763 1379 3806 ;
1391 3747 1415 3798 G
1426 3748 1486 3798 add.
1500 3763 1592 3798 eornm.
1681 3749 1697 3799 8
1708 3765 1763 3800 con·

407 3830 523 3892 tendunt]
535 3830 556 3880 C
568 3845 623 3896 sup.
637 3828 680 3879 lin.
696 3835 776 3878 mutat
787 3827 812 3876 in
825 3845 849 3876 se
859 3828 1008 3888 ostendunt3
1020 3828 1168 3876 romermunt
1181 3825 1204 3894 β.
1298 3842 1327 3878 12
1338 3830 1366 3878 in
1379 3831 1434 3892 illa]
1447 3831 1527 3886 Corn.
1543 3832 1579 3882 in.
1663 3833 1765 3896 dumis]

408 3912 551 3977 loquamini
561 3913 593 3962 G.
697 3923 726 3974 13
737 3911 843 3971 subitae]
853 3909 941 3974 scripsi
953 3926 982 3959 ex
994 3909 1139 3959 coniectura
1149 3928 1156 3970 ;
1167 3909 1278 3958 subditae
1291 3909 1306 3978 β
1318 3919 1342 3960 el
1354 3911 1429 3961 codd.
1533 3913 1562 3962 16
1573 3914 1641 3976 illas]
1652 3914 1698 3964 illa
1709 3914 1762 3965 BC.

412 3989 653 4056 tydomiunmJom.
668 3993 720 4044 BC.
822 4005 850 4042 21
866 3991 1015 4052 aorrdiderit]
1033 3991 1172 4040 vindiderit
1191 3992 1297 4054 Ccorr3
1316 3993 1428 4042 ur'mterit
1440 3993 1468 4042 B.
1570 3993 1767 4055 iaiet1lrabeiat

410 4077 505 4127 Ccorr.
585 4073 1039 4140 24relinquimus]C;relinquemus
1053 4073 1301 4136 BG3rrlinqnamus
1315 4071 1338 4140 β.
1423 4073 1767 4138 asputetme]potitmeG;

406 4168 482 4226 potest
505 4162 533 4210 B.
634 4159 817 4224 blasplumasse]
836 4156 1002 4220 blasphemare
1021 4152 1068 4222 liu.
1186 4152 1563 4223 27dr'cit1C13dicituriiB.
1663 4155 1694 4206 28
1715 4171 1768 4206 non

409 4242 533 4292 mbu'eitnr
543 4257 593 4292 non
604 4242 693 4302 seruit]
705 4257 730 4291 n.
746 4257 764 4291 s.
780 4257 804 4289 n.
818 4239 952 4290 servicium
967 4239 987 4286 B
998 4255 1005 4296 i
1018 4253 1068 4286 non
1079 4237 1215 4300 snlh'ieitnr
1224 4237 1344 4285 serm'tutr’
1355 4234 1379 4300 β.

454 4444 498 4483 ιι.
515 4420 603 4504 illud]
618 4427 665 4482 Ps.
682 4427 790 4495 80,11.
1159 4438 1204 4477 aa.
1220 4413 1391 4496 destitutus]
1417 4416 1524 4476 Matth.
1545 4435 1589 4492 19,
1619 4436 1651 4474 21
1666 4436 1675 4491 ;
1692 4417 1768 4477 Luc.

455 4525 499 4564 12.
514 4506 587 4581 qnid
598 4502 712 4585 dr'eatis]
725 4505 831 4564 Matth.
852 4525 896 4578 10,
917 4523 960 4580 19.
1119 4521 1166 4574 14,
1181 4519 1227 4578 33.

455 4589 499 4646 16.
514 4583 597 4667 r'llas]
614 4587 718 4646 Matth.
737 4588 764 4656 6,
783 4587 827 4644 26.
1158 4601 1203 4656 27.
1219 4577 1272 4662 est]
1289 4581 1332 4641 Io.
1354 4600 1397 4653 14,
1417 4582 1462 4639 28.

452 4691 497 4729 20.
514 4669 570 4731 tibi
579 4666 626 4750 eo]
641 4669 747 4727 Matth.
764 4688 792 4740 4,
808 4671 826 4727 8
841 4687 885 4744 sq.
