4060 5498
708 415 755 473 IN
779 414 938 473 ESAIAM
962 414 1017 486 vt,
1045 433 1099 487 ¹·7·
1503 423 1580 505 109

218 629 318 683 erunt
344 619 428 693 Deo,
444 617 547 695 cuius,
563 627 599 680 ut
623 617 672 679 ita
696 615 816 692 dicam,
832 635 1001 680 summum
1029 616 1253 700 ultimumque
1280 617 1448 699 operiunt.
1477 617 1578 699 Quod

218 743 433 806 nequaquam
450 724 498 786 ita
514 721 746 802 accipiendum
773 731 834 796 est,
852 741 893 783 ne
921 722 1085 801 Seraphin
1121 723 1196 785 Deo
1225 723 1353 786 maiora
1379 723 1578 798 credamus;

219 829 309 910 quod
338 827 502 909 Origenes
530 826 607 888 licet
637 843 790 888 sermone
817 834 937 902 taceat,
964 827 1252 908 consequentibus
1283 826 1438 907 loquitur.
1468 824 1579 888 Omne

218 933 308 994 enim
326 932 415 1013 quod
433 930 522 992 aliud
541 927 687 1012 [operit],
704 929 812 992 maius
829 939 878 991 est
896 949 937 992 eo
954 931 1044 1012 quod
1058 932 1166 1012 operit
1182 939 1235 1008 ;et
1247 930 1407 1012 quicquid
1421 930 1579 1011 operitur,

183 1058 198 1111 5
220 1035 330 1099 minus
347 1045 397 1098 est
413 1055 455 1098 eo
471 1054 538 1115 quo
554 1034 714 1115 operitur.
730 1031 788 1096 Ad
805 1035 895 1114 quod
913 1033 978 1110 ille,
994 1035 1075 1116 quid
1092 1035 1219 1097 diceret
1240 1034 1401 1108 nesciens,
1417 1033 1579 1114 inpietate

219 1140 380 1221 pervenit.
398 1138 508 1201 David
526 1157 659 1220 quoque
676 1137 1001 1218 incircumscriptum
1019 1158 1172 1200 asserens
1190 1138 1312 1214 Deum,
1330 1137 1473 1218 mystica
1497 1155 1579 1198 voce

217 1247 397 1307 decantat:
414 1241 511 1325 ‘Quo
528 1241 584 1304 ibo
600 1241 643 1304 ab
658 1242 776 1323 spiritu
795 1250 865 1317 tuo,
882 1250 915 1304 et
932 1261 952 1304 a
969 1241 1053 1304 facie
1070 1251 1129 1305 tua
1145 1261 1212 1324 quo
1229 1242 1379 1323 fugiam?
1403 1240 1440 1304 Si
1464 1258 1577 1301 ascen·

218 1350 300 1413 dero
316 1347 349 1409 in
367 1346 506 1420 caelum,
519 1355 554 1408 tu
573 1345 638 1407 illic
655 1365 691 1407 es
704 1365 711 1420 ;
722 1345 749 1406 si
761 1343 968 1408 descendero
981 1345 1013 1407 in
1027 1344 1204 1422 internum,
1216 1346 1306 1408 ades.
1317 1344 1353 1409 Si
1366 1363 1579 1425 assumpsero

217 1454 339 1534 pinnas
357 1470 448 1513 meas
464 1449 628 1522 deluculO,
644 1459 677 1511 et
694 1449 892 1512 habitavero
918 1449 950 1511 in
977 1450 1139 1513 extremis
1168 1450 1277 1512 maris.
1296 1449 1429 1512 Etenim
1458 1468 1577 1510 manus

163 1579 199 1616 10
218 1567 278 1619 tua
294 1554 371 1618 illuc
386 1553 532 1617 deducet
549 1572 611 1628 me,
627 1562 662 1616 et
679 1553 806 1616 tenebit
824 1573 878 1615 me
891 1553 1033 1616 dextera
1046 1564 1113 1618 tua.
1126 1555 1132 1579 ¹
1146 1553 1249 1618 Unde
1260 1563 1293 1616 et
1304 1561 1441 1615 sanctus
1455 1551 1577 1614 Paulus

217 1660 366 1742 loquitur
390 1660 433 1721 de
462 1657 572 1720 Mosi:
596 1656 825 1720 ‘invisibilem
855 1658 944 1720 enim
973 1659 1068 1738 quasi
1085 1658 1203 1720 videns
1219 1655 1455 1740 expectabat.'
1472 1656 1577 1718 quta

217 1782 317 1845 quem
345 1782 479 1825 sensum
506 1772 540 1823 et
566 1760 731 1843 Seraphin
758 1771 912 1824 extrema
942 1761 1016 1838 Dei,
1032 1781 1119 1842 quae
1142 1761 1338 1843 spiritaliter
1364 1758 1577 1842 appellantur

218 1868 321 1950 pedes
346 1867 425 1943 eius,
451 1885 517 1928 non
546 1865 726 1949 operiunt;
752 1867 809 1929 sed
839 1865 907 1928 suis
934 1865 1104 1946 gressibus
1132 1875 1165 1928 et
1192 1865 1360 1930 desiderio
1386 1863 1576 1946 prophetali

217 1974 385 2053 inponunt
413 1971 563 2045 modum,
579 1989 621 2031 ne
648 1968 735 2032 ultra
761 1969 865 2032 velint
882 1971 1029 2042 tendere,
1050 1990 1151 2051 quarn
1169 1979 1395 2032 creaturarum
1416 1967 1576 2048 fragilitas

162 2101 196 2154 15
217 2076 352 2157 patitur.
371 2074 472 2139 Unde
488 2093 568 2136 suos
584 2073 740 2154 operiunt
758 2073 872 2155 pedes,
890 2083 926 2138 ut
944 2073 1018 2154 plus
1036 2093 1136 2154 quam
1156 2073 1249 2137 Deus
1265 2093 1301 2135 se
1324 2072 1395 2135 vult
1418 2071 1577 2152 intellegi,

216 2179 301 2242 scire
326 2197 391 2242 non
417 2177 565 2260 cupiant.
584 2175 676 2239 Dicit
702 2176 825 2240 etiam:
851 2176 1015 2259 Seraphin
1031 2178 1165 2241 stabunt
1180 2178 1214 2239 r'rr
1230 2177 1367 2240 circuitu
1383 2175 1461 2238 eins.
1478 2176 1575 2240 Stare

216 2303 257 2344 ea
284 2283 419 2358 indicat,
435 2291 468 2345 et
493 2281 525 2344 iu
552 2301 612 2344 sua
638 2299 773 2344 manere
791 2300 956 2357 mensura,
973 2301 1014 2343 ne
1031 2283 1072 2344 ad
1092 2282 1217 2347 maiora
1234 2281 1402 2344 festinent.
1420 2280 1524 2345 Unde
1541 2290 1574 2342 et

218 2386 336 2448 mediis
353 2386 413 2448 alis
429 2384 600 2461 volabant,
616 2395 651 2449 ut
668 2384 902 2448 mediocritate
919 2395 1078 2448 contenta
1094 2386 1161 2448 sint
1175 2385 1306 2449 volatus
1319 2405 1405 2467 quae
1418 2384 1554 2447 additur
1568 2404 1574 2458 ;

218 2501 253 2553 ut
271 2489 409 2552 humilia
426 2489 661 2571 relinquentes,
678 2489 719 2551 de
736 2488 812 2552 Deo
829 2510 915 2570 quae
931 2489 1067 2552 excelsa
1083 2499 1161 2553 sunt
1174 2491 1333 2570 cogitent.
1347 2488 1574 2571 Omnipoten-

158 2625 196 2661 ιο
217 2605 285 2658 tem
312 2607 425 2659 autem
450 2616 523 2659 esse
552 2597 663 2659 Deum
689 2597 745 2677 qui
774 2595 950 2660 maiestate
976 2614 1038 2658 sua
1061 2606 1182 2659 cuncta
1215 2597 1376 2672 continet,
1392 2605 1425 2658 et
1442 2595 1575 2678 publica

217 2700 408 2764 mortalium
427 2720 494 2763 vox
510 2709 571 2778 est,
586 2709 620 2762 et
636 2699 802 2782 propheta
819 2708 962 2764 testatur
978 2699 1113 2764 dicens:
1138 2699 1303 2781 ‘Operuit
1330 2699 1441 2762 caelos
1469 2700 1575 2761 virtus

216 2803 312 2869 eius'
329 2804 423 2867 Ante
436 2823 535 2884 quem
550 2803 712 2867 Salomon
726 2803 801 2866 aliis
813 2804 924 2868 verbis
938 2803 1080 2867 eundem
1096 2805 1257 2886 exprimit
1271 2823 1405 2866 sensum
1420 2827 1426 2866 :
1440 2807 1446 2834 ¹
1458 2802 1572 2867 Gloria

218 2909 284 2971 Dei
300 2907 477 2972 abscondit
494 2908 641 2972 verbum.
655 2909 661 2934 ’
680 2907 790 2970 David
809 2928 942 2990 quoque
957 2910 999 2970 de
1018 2909 1093 2971 Deo
1109 2909 1231 2971 similia
1248 2909 1395 2970 sentiens
1410 2906 1574 2981 :‘Posuit,
1598 2981 1601 2988 1

216 3014 335 3095 inquit,
351 3013 505 3076 tenebras
522 3010 700 3074 latibulum
718 3013 843 3075 suum’
863 3012 964 3077 Unde
985 3013 1172 3076 ostenditur
1200 3011 1572 3092 incomprehensibilem

158 3144 193 3197 25
215 3137 289 3181 esse
304 3127 338 3180 et
354 3115 554 3179 invisibilem
574 3115 696 3178 Deum.
713 3115 827 3178 Etiam
847 3116 976 3194 Esaias,
993 3119 1048 3197 qui
1061 3128 1140 3179 ante
1151 3117 1285 3179 dixerat
1305 3115 1384 3179 Vidi
1393 3114 1574 3178 Dominum

249 3237 366 3300 4operr't]
377 3243 433 3300 post
445 3235 521 3284 aliud
529 3236 612 3299 suppl.
628 3251 644 3284 cr
656 3252 663 3293 ;
675 3251 726 3284 om.
740 3235 770 3285 C.
872 3247 886 3298 5
897 3236 1000 3296 diceret]
1010 3253 1025 3286 rr
1038 3237 1132 3296 ;dr'rere
1141 3236 1170 3286 C.
1271 3235 1534 3297 piabitooero]·al·ero
1543 3235 1573 3284 C.

220 3332 245 3367 11
260 3319 289 3366 de
301 3319 369 3366 Mosi
378 3335 385 3368 ι
398 3317 570 3378 Invisibitenr]
581 3317 685 3381 scripsi:
697 3318 726 3366 de
739 3318 827 3379 Mosyn
839 3319 964 3367 visibilem
977 3318 998 3368 C
1010 3337 1017 3376 ς
1029 3320 1057 3369 de
1067 3321 1156 3382 Mosyn
1167 3337 1173 3369 :
1185 3319 1344 3369 Invisibilerrr
1355 3335 1379 3368 o.
1484 3318 1512 3368 18
1522 3333 1575 3366 corr·

217 3406 287 3448 tenta
298 3399 353 3448 sr'nt
362 3399 471 3461 volatus]
482 3405 608 3448 contentos
619 3399 648 3447 ier
660 3405 703 3446 tuo
714 3400 781 3446 lotus
794 3398 824 3447 C.
925 3411 956 3462 23
968 3401 997 3449 de
1008 3401 1071 3462 Deo]
1083 3400 1181 3450 conieci
1193 3419 1200 3459 ;
1217 3409 1241 3450 et
1257 3404 1310 3451 Deo
1322 3417 1345 3451 α.
1362 3401 1401 3452 Cf.
1416 3401 1483 3450 inter
1494 3409 1575 3450 errata

214 3481 336 3532 editionis
347 3481 509 3531 Amelliauoe
520 3482 551 3529 ad
565 3497 590 3530 n.
605 3491 619 3541 7
631 3488 654 3529 et
665 3480 791 3543 Seraphin
804 3496 849 3544 pro
860 3482 888 3530 de
900 3482 1033 3546 Seraphin.
1136 3497 1166 3544 24
1182 3484 1335 3545 ostenditur]
1353 3493 1420 3534 recte
1436 3484 1575 3548 suspicatus

213 3573 253 3614 est
266 3564 303 3612 10.
320 3563 427 3614 Mercoti
439 3581 446 3622 ;
457 3563 607 3612 adtenditur
618 3579 643 3624 α,
656 3563 699 3628 qui
711 3563 814 3628 quidem
826 3565 932 3613 adnotat
944 3565 969 3612 in
982 3564 1004 3614 C
1022 3564 1071 3628 legi
1088 3567 1211 3624 tenditur,
1224 3567 1308 3631 spatio
1325 3582 1405 3616 vacuo
1423 3567 1511 3616 relicto
1529 3581 1575 3630 pro

213 3646 315 3696 duabus
326 3645 428 3695 litteris.

256 3765 282 3820 3.
295 3747 372 3820 quod
384 3745 522 3821 Origenes
532 3745 597 3804 licet
616 3765 745 3804 sermone
765 3753 873 3820 toceot,
919 3748 998 3809 Cum
1022 3767 1092 3824 ergo
1116 3749 1209 3807 virtus
1240 3747 1297 3808 Dei
1322 3747 1437 3822 operiat
1463 3747 1574 3816 caelos,

212 3827 443 3901 consequentibus
457 3823 601 3906 loquitur]
618 3828 696 3886 Mira
707 3828 865 3887 verborum
919 3831 1015 3888 maior
1038 3841 1082 3888 est
1105 3831 1197 3889 caelis
1222 3831 1313 3888 virtus
1338 3828 1414 3900 eius,
1431 3847 1490 3904 qua
1505 3847 1575 3904 ope·

212 3908 381 3969 similitudo
410 3928 479 3967 cum
509 3909 636 3985 epistula
672 3912 720 3984 98,
751 3929 777 3969 n.
814 3927 866 3986 15:
919 3911 1150 3970 riunturcaeli.’

214 3991 321 4066 ‘Quod
334 3989 403 4050 licet
414 3990 865 4068 sermonetaceat(Origenes)...
961 4011 986 4070 5.
1002 3993 1076 4068 qnid
1097 3993 1201 4050 dr'ceret
1226 3987 1360 4071 nesciens]
1372 3991 1448 4050 Item
1462 4011 1508 4068 ep.
1524 3993 1571 4065 98,

213 4082 316 4131 tamen
331 4071 395 4149 ipsa
411 4073 511 4132 dicere
536 4071 715 4133 necessitate
738 4076 866 4149 compel-
920 4097 956 4134 n.
979 4095 1014 4146 14
1031 4073 1145 4134 ‘Simili
1168 4093 1266 4133 errore
1290 4074 1446 4149 deceptus,
1464 4085 1491 4131 et
1509 4090 1572 4131 nes-

212 4153 292 4224 litur,
303 4172 381 4229 quae
391 4152 539 4228 prioribus
551 4153 641 4212 dictis
652 4152 759 4214 ordine
774 4155 867 4215 nectit
919 4156 1000 4216 ciens
1017 4155 1090 4230 quid
1107 4158 1284 4231 loquatur...
1300 4156 1307 4181 ’

212 4235 380 4310 sequentia.
394 4235 402 4263 ’
417 4235 463 4296 Cf.
481 4233 571 4293 etiarn
589 4235 706 4312 Dialog.
723 4255 747 4294 c.
766 4237 865 4314 Pelag.
964 4258 1006 4294 ro.
1024 4233 1089 4316 trra]
1107 4239 1153 4294 Ps.
1174 4239 1238 4310 138,
1258 4254 1334 4310 7-10.

213 4318 238 4386 l,
274 4335 329 4391 19:
359 4316 471 4392 ‘Quod
501 4315 569 4375 licet
601 4336 660 4375 uon
691 4316 806 4389 dicatis,
963 4315 1440 4398 1r.expectabat]Hebr.11,27.

212 4409 316 4457 tamen
331 4396 396 4456 aliis
411 4397 508 4458 verbis
523 4397 706 4474 loquimini.'
964 4402 1007 4457 16.
1023 4396 1096 4479 eins]
1114 4401 1151 4458 Is.
1169 4402 1196 4468 6,
1215 4421 1238 4458 2.

254 4500 281 4552 4.
299 4480 390 4538 morior
413 4488 456 4538 est
477 4499 507 4538 eo
521 4482 599 4554 quod
609 4477 714 4560 operit]
738 4481 863 4543 Hieron.
962 4477 1301 4560 21.ru'rturer‘ds]Abac.
1315 4503 1341 4558 3,
1356 4481 1466 4558 3iuxta
1479 4481 1572 4538 Lxx.

212 4560 243 4620 in
259 4560 352 4621 Abac.
370 4581 397 4638 3,
413 4581 432 4633 4
450 4562 567 4622 ‘Nosse
591 4563 750 4635 debemus,
767 4563 866 4624 minus
962 4584 975 4622 2
980 4583 1007 4638 3.
1024 4559 1154 4642 uerbum]
1171 4565 1256 4622 Prov.
1276 4582 1322 4641 25,
1338 4585 1352 4622 2
1369 4564 1441 4622 item
1456 4580 1571 4640 graece.

211 4663 279 4706 esse
293 4644 376 4719 quod
391 4642 524 4720 operitur
534 4645 573 4704 ab
584 4662 622 4704 eo
633 4646 716 4721 quod
729 4646 863 4723 operit...
962 4666 1006 4718 ²4·
1022 4641 1121 4724 suurn]
1139 4646 1184 4704 Ps.
1207 4665 1250 4721 17,
1273 4666 1316 4704 12.
