4158 5492
435 397 491 482 40
813 396 842 462 s.
870 395 1124 460 ursnouvm
1148 395 1412 460 sassavssm

480 617 669 682 Ascendisti
683 619 717 682 in
743 619 857 694 altum,
872 619 984 700 cepisti
1007 617 1236 700 captiuitatem.
1262 617 1454 684 Ascendisti
1482 621 1514 682 in
1531 621 1663 684 caelos:
1688 622 1791 704 capti·

437 724 522 788 vasti
538 743 609 800 nos,
624 723 680 806 qui
705 723 828 806 captivi
845 719 1041 785 tenebamur
1056 742 1076 784 a
1103 721 1245 786 diabolo.
1262 723 1423 804 Accepisti
1444 722 1529 786 dona
1550 725 1584 787 in
1600 723 1793 788 hominibus.

440 829 529 892 Bene
544 828 641 904 dixit,
657 826 823 909 accepisti.
839 824 874 888 A
890 825 989 888 Patre
1005 825 1132 906 accepit
1147 846 1154 889 :
1170 826 1299 906 aceepit
1315 835 1352 889 ut
1368 825 1480 902 homo,
1495 827 1554 890 dat
1577 836 1613 890 ut
1631 829 1744 906 Deus;
1760 839 1793 891 et

437 933 527 1016 quod
544 933 682 1013 accepit,
707 929 899 994 hominibus
927 928 1065 1011 accepit,
1092 939 1128 991 ut
1143 929 1211 993 det.
1230 929 1306 1012 lpse
1321 931 1411 994 enim
1434 931 1554 1014 plenus
1570 942 1636 1012 est,
1656 945 1690 998 et
1713 933 1792 998 nihil

438 1036 575 1118 indiget.
590 1035 724 1099 Etenim
747 1055 809 1098 non
834 1031 995 1096 credentes
1011 1030 1198 1095 inhabitare
1220 1032 1411 1100 Dominum.
1428 1035 1473 1098 Et
1499 1035 1562 1098 hos
1577 1036 1723 1114 salvasti,
1738 1037 1793 1120 qui
1832 1057 1845 1108 5

440 1163 505 1206 non
522 1140 704 1204 credebaut
729 1141 818 1222 quod
848 1135 1006 1220 possibile
1031 1144 1082 1198 est
1110 1135 1220 1198 Deum
1248 1137 1400 1201 habitare
1428 1139 1460 1202 in
1478 1139 1623 1216 homine,
1649 1140 1713 1203 hoc
1736 1152 1796 1218 cst,

440 1245 650 1311 Salvatorem
678 1243 827 1326 accipere
854 1259 998 1304 carnem.
1014 1238 1179 1302 Dominus
1204 1241 1292 1304 Deus
1317 1241 1507 1310 benedictus.
1526 1245 1586 1309 Isti
1614 1246 1670 1328 qui
1697 1256 1795 1310 antea

442 1369 509 1414 non
537 1348 719 1412 credebant
743 1347 831 1430 quod
851 1343 1009 1428 possibile
1033 1344 1077 1407 sit
1102 1343 1213 1438 Deum
1240 1345 1392 1411 habitare
1418 1349 1451 1411 in
1478 1349 1624 1428 homine,
1639 1347 1702 1431 ipsi
1729 1370 1797 1414 cre·

440 1455 558 1520 dentes
574 1452 667 1517 aiunt
683 1475 689 1516 :
706 1449 873 1514 Dominus
890 1447 983 1512 Deus
999 1447 1203 1513 benedictus.

485 1557 677 1622 Benedictus
691 1554 855 1619 Dominus
879 1553 932 1617 die
946 1552 1067 1618 cotidie.
1084 1552 1150 1636 Qui
1177 1553 1316 1636 proficit,
1331 1557 1454 1621 cotidie
1470 1567 1581 1640 potest
1603 1557 1798 1624 benedicere
1821 1582 1850 1618 ro

444 1665 562 1728 Deum.
591 1661 680 1744 Quid
699 1660 787 1722 enim
816 1659 896 1722 milri
913 1660 1058 1742 prodest,
1075 1658 1187 1721 siheri
1208 1658 1378 1738 benedixi,
1393 1673 1427 1724 et
1451 1661 1552 1726 hodie
1568 1682 1634 1726 non
1663 1683 1797 1744 possum

444 1768 663 1832 benedicere?
693 1765 890 1846 Prosperum
921 1763 984 1826 iter
1002 1763 1111 1843 saciet
1136 1763 1226 1826 nobis
1258 1765 1349 1827 Dens
1377 1765 1577 1828 salutarium
1608 1775 1799 1829 nostrornm.

446 1872 589 1938 Securus
616 1883 698 1948 esto,
723 1878 887 1952 peccator,
915 1865 982 1929 noli
1013 1865 1167 1930 dubitare
1193 1871 1284 1950 quod
1312 1853 1436 1934 cotidie
1466 1870 1574 1951 possis
1606 1871 1801 1934 benedicere

427 1978 581 2041 Deum:
608 1996 685 2040 eece
712 1975 800 2038 enim
817 1971 908 2047 dicit,
936 1971 1135 2054 Prosperum
1153 1971 1214 2034 iter
1241 1971 1339 2036 faciet
1356 1971 1452 2036 nobis
1481 1973 1583 2038 Deus.
1601 1975 1692 2056 Ergo
1709 1975 1802 2038 Deus

447 2079 583 2142 adiuvat
600 2097 670 2156 nos,
686 2084 719 2139 et
746 2082 943 2156 cooperatur
960 2070 1065 2136 nobis.
1082 2068 1294 2136 Salutarium
1311 2083 1502 2142 nostrornm.
1520 2078 1611 2144 Bene
1627 2080 1715 2142 dixit
1731 2079 1800 2162 plu·
1824 2105 1852 2157 15

447 2184 568 2262 taliter,
595 2181 813 2246 salutarium:
839 2178 928 2262 quod
955 2187 1081 2258 quanta
1109 2187 1246 2258 peccata
1272 2181 1511 2259 commisimus,
1541 2193 1592 2246 tot
1619 2193 1653 2247 et
1679 2184 1803 2246 salutes

448 2287 619 2352 habemus.
636 2285 842 2366 Diapsalma.
861 2283 899 2344 In
916 2280 1061 2346 hebraeo
1076 2279 1178 2344 habet
1194 2295 1295 2361 suun,
1310 2283 1373 2348 hoc
1384 2295 1443 2364 est,
1459 2307 1590 2370 semper
1605 2299 1639 2351 et
1663 2289 1805 2371 iugiter:

449 2414 528 2476 ergo
545 2393 637 2454 Deus
656 2409 788 2471 semper
804 2409 864 2452 nos
880 2385 1025 2449 adiuvat.

491 2497 584 2561 Dens
596 2503 710 2570 noster,
726 2492 816 2554 Deus
825 2489 933 2554 salvos
935 2487 1095 2568 faciendi,
1110 2496 1142 2551 et
1153 2477 1292 2552 Domini
1306 2491 1411 2556 exitus
1422 2497 1553 2560 mortis:
1565 2497 1723 2578 quoniam
1735 2497 1805 2578 ipse

450 2601 628 2668 resurrexit
645 2597 824 2674 amortuis,
841 2607 874 2660 et
885 2613 945 2656 nos
955 2592 1053 2656 simul
1066 2591 1143 2658 fecit
1157 2614 1335 2676 resurgere.
1350 2598 1469 2678 Aliter,
1481 2600 1635 2664 diabolus
1651 2601 1806 2666 introitus
1817 2629 1857 2666 no

449 2721 499 2773 est
511 2708 640 2772 mortis:
658 2704 823 2769 Dominus
840 2721 917 2765 vero
933 2699 1053 2763 educit.
1074 2698 1304 2764 Verumtamen
1320 2701 1412 2767 Deus
1426 2705 1609 2786 confringet
1621 2705 1727 2786 capito
1743 2703 1806 2768 ini·

451 2813 607 2876 micorum
622 2830 756 2873 suorum
767 2831 779 2872 .·
794 2805 928 2882 diaboli,
943 2814 978 2868 et
993 2822 1109 2866 omnes
1133 2804 1271 2868 virtutes
1286 2805 1367 2889 ejus.
1388 2813 1395 2839 ⁴
1413 2807 1464 2872 Tu
1480 2807 1672 2891 confregisti
1696 2811 1807 2893 capita

451 2917 603 2982 draconis
620 2916 652 2978 in
669 2934 756 2996 aqua
773 2913 788 2976 ¹.
805 2911 897 2994 Quot
914 2917 1051 2991 peccata
1066 2917 1153 2986 sunt,
1168 2919 1219 2973 tot
1234 2911 1346 2993 capita
1361 2911 1463 2975 habet
1479 2911 1641 2978 diabolus.
1652 2911 1807 2976 Verticem

450 3019 562 3103 capilli
567 3015 871 3101 perambulantium
888 3014 923 3078 in
938 3011 1063 3076 delictis
1085 3012 1164 3078 sues.
1181 3013 1220 3077 In
1238 3022 1370 3078 tantum
1387 3016 1475 3078 enim
1492 3015 1713 3100 confringitur
1737 3018 1808 3081 eius

452 3132 562 3209 caput,
580 3133 616 3187 ut
633 3140 698 3185 non
716 3127 887 3183 remaneat
904 3118 936 3180 in
953 3137 994 3180 eo
1010 3116 1121 3200 aliqua
1138 3117 1251 3194 virtus,
1264 3138 1330 3200 qua
1346 3117 1495 3182 stimulet
1510 3128 1697 3200 peccantes.
1710 3120 1807 3186 Sum·
1828 3151 1858 3203 25

355 3215 360 3230 ⁸
454 3247 545 3293 snum
573 3226 691 3308 capitis
718 3221 858 3306 capillus
884 3233 944 3298 est,
966 3231 999 3284 et
1024 3220 1135 3302 capilli
1161 3230 1299 3284 vertex:
1325 3241 1405 3303 ergo
1429 3220 1493 3285 hoc
1517 3221 1609 3301 dicit,
1633 3223 1723 3305 quod
1749 3243 1808 3286 nec

456 3331 631 3395 minimum
649 3336 820 3392 remaneat
836 3328 868 3390 in
885 3325 1031 3403 diabolo,
1047 3325 1136 3408 quod
1154 3345 1220 3388 non
1237 3323 1473 3408 confringatur.

498 3433 597 3498 Dixit
617 3432 790 3510 Dominus,
810 3430 866 3495 Eu
880 3431 992 3494 Busan
1019 3439 1226 3494 convertam:
1251 3430 1315 3494 hoc
1341 3440 1400 3510 est,
1424 3433 1467 3496 de
1493 3432 1687 3498 confusione
1713 3434 1811 3498 huius

455 3539 578 3604 saeculi
594 3547 787 3602 convertam
814 3537 999 3600 humanum
1016 3555 1145 3618 genus;
1172 3535 1235 3599 hoc
1260 3544 1321 3613 est,
1341 3556 1399 3618 per
1423 3538 1614 3619 passionem
1642 3557 1752 3602 meam
1779 3549 1812 3603 et

455 3662 598 3719 crucem,
613 3660 715 3725 quam
732 3640 787 3703 isti
804 3649 925 3722 putant
941 3639 1117 3703 stultitiam
1135 3649 1167 3702 et
1184 3636 1424 3717 confusionem,
1439 3650 1632 3705 convertam
1649 3642 1811 3726 populum
1831 3677 1863 3728 30

458 3765 578 3812 meum.
601 3745 774 3828 Siquidem
793 3743 901 3808 Basan
927 3743 1079 3807 confusio
1102 3742 1345 3825 interpretatur.
1364 3741 1558 3808 Convertam
1582 3735 1617 3808 in
1633 3745 1814 3828 profundis

456 3853 579 3917 maris:
596 3851 628 3915 id
645 3851 757 3930 est,de
773 3849 947 3944 profundis
964 3849 1052 3913 vitiis
1069 3858 1102 3912 et
1118 3849 1264 3932 peccatis
1274 3849 1396 3913 saeculi
1411 3851 1514 3927 istius,
1529 3851 1572 3914 de
1587 3852 1814 3916 commotione

456 3966 490 4022 et
506 3955 660 4021 fluctibus
677 3964 869 4020 convertam
899 3953 1060 4036 populum
1079 3972 1199 4017 meum.
1222 3950 1265 4017 Ut
1292 3952 1506 4036 intinguatur
1525 3965 1582 4038 pes
1598 3964 1673 4019 tuus
1688 3955 1723 4020 in
1738 3977 1814 4021 san·

493 4161 816 4224 1incaelos1incelisSG.
913 4163 941 4213 16
953 4163 1031 4228 qrsod]
1043 4171 1072 4212 nt
1083 4163 1116 4213 G.
1204 4163 1517 4225 17iabemnslleainamsu
1528 4165 1560 4214 G.
1655 4173 1685 4225 19
1697 4161 1815 4224 Domini]

460 4243 498 4313 βΒ
510 4253 588 4310 repet.
602 4245 707 4295 dontini.
810 4255 840 4310 25
852 4262 903 4311 qua
914 4245 1036 4307 stimulet]
1050 4243 1080 4311 β;
1097 4261 1160 4310 quae
1177 4245 1288 4294 stimulet
1299 4246 1331 4305 S;
1348 4262 1412 4310 quoe
1423 4247 1544 4315 ,storiatus
1555 4247 1578 4298 G
1585 4263 1593 4307 ς
1610 4262 1661 4312 qna
1671 4251 1696 4294 et
1705 4245 1785 4294 sinsul
1794 4255 1817 4295 et

460 4330 494 4392 133
511 4331 574 4396 quio
584 4321 610 4380 rt
618 4330 698 4379 simul
712 4336 735 4379 et
746 4329 802 4380 Ac.
816 4329 1000 4394 Legendumne
1017 4341 1068 4391 qua
1086 4327 1244 4376 exstimulat?
1354 4339 1384 4390 27
1392 4319 1579 4394 conpringutur]
1595 4327 1769 4394 confringetur
1784 4329 1813 4380 13.

460 4411 588 4478 30quam]
600 4429 671 4478 quem
685 4412 713 4462 B.
732 4475 736 4486 ¹
809 4423 837 4476 31
853 4413 883 4462 in
886 4409 1035 4478 profundis]
1047 4409 1114 4471 (Lxx
1127 4403 1152 4460 ἐν
1167 4407 1283 4476 βυθοῖς);
1300 4411 1328 4461 in
1334 4411 1493 4476 profundum
1507 4409 1531 4480 β.

503 4615 517 4652 2
523 4615 549 4670 3.
566 4597 597 4654 in
613 4591 704 4676 aqua]
723 4598 765 4654 Ps.
787 4613 896 4673 73,13.
1166 4597 1329 4658 mentatiol.
1355 4599 1384 4661 in
1409 4602 1456 4661 Ps.
1479 4621 1506 4679 p.
1524 4605 1571 4680 56,
1596 4605 1613 4664 l.
1630 4607 1672 4663 8:
1695 4605 1815 4666 ‘Busan

504 4695 549 4753 31·
572 4679 698 4754 confusio
717 4673 939 4760 interpretatur]
965 4679 1012 4741 Cf.
1034 4697 1113 4740 corn-
1165 4679 1303 4740 confusio
1319 4682 1528 4760 interpretatur
1543 4686 1557 4744 '.
