4180 5492
469 390 548 472 116
844 414 873 474 s
898 413 1153 477 ursnouvur
1174 419 1442 482 pensaurum

463 629 618 696 tenebris.
635 629 689 694 Ab
705 629 837 694 imursu
863 641 896 696 et
917 631 1085 696 daemonio
1109 635 1298 701 meridiano.
1316 638 1438 704 Melius
1465 642 1586 708 dicitur
1608 665 1726 730 graece
1752 648 1815 715 ἀπὸ

464 731 700 824 συμπτώματος.
716 735 906 818 Symptosis
930 735 1051 800 dicitur
1065 747 1123 800 aut
1146 748 1292 820 eventus,
1308 741 1371 806 hoc
1396 754 1455 822 est,
1471 749 1607 830 quando
1623 770 1689 815 non
1706 775 1816 839 spera·

465 863 549 922 mus,
563 853 597 908 et
612 841 738 926 aliquid
754 840 831 905 novi
847 841 965 906 evenit.
981 841 1053 906 Aut
1069 853 1262 926 symptoma
1285 847 1415 926 dicitur,
1430 853 1566 931 quando
1591 853 1690 920 simul
1719 861 1815 927 multi

463 947 596 1012 cadunt.
613 946 738 1012 Videte
753 965 833 1028 ergo
848 943 927 1028 quid
943 945 1140 1010 dicat.Licet
1156 947 1266 1029 plures
1279 950 1405 1017 inducti
1423 952 1553 1034 luerint,
1566 964 1677 1023 tamen
1698 971 1744 1042 tu,
1759 966 1816 1048 qui

463 1061 599 1116 sanctus
614 1071 659 1128 es,
675 1069 740 1114 non
758 1049 932 1114 inducaris.
950 1049 1005 1113 Do
1021 1051 1224 1132 exemplum,
1241 1062 1278 1117 ut
1293 1054 1511 1138 simpliciores
1533 1064 1662 1144 possint
1687 1067 1816 1134 intelle·
1852 1085 1867 1140 5

463 1176 541 1240 gere
556 1157 647 1240 quod
659 1155 787 1221 dicitur.
799 1154 835 1220 Si
851 1153 926 1216 ieris
942 1153 974 1216 in
991 1153 1158 1220 civitatem
1177 1158 1360 1222 monachus
1376 1161 1476 1240 solus,
1491 1174 1525 1229 et
1536 1171 1684 1250 coeperis
1699 1173 1814 1239 deam·

463 1259 620 1338 bulareet
636 1259 778 1325 audieris
795 1257 973 1322 clamorem
990 1256 1022 1321 in
1040 1259 1171 1336 circo,et
1181 1260 1300 1345 aliquis
1313 1263 1373 1328 tibi
1385 1267 1510 1333 dixerit
1525 1295 1532 1333 :
1545 1271 1633 1337 Veni
1643 1284 1677 1339 et
1689 1289 1813 1359 specta,

462 1365 568 1430 circus
583 1373 634 1429 est
648 1385 656 1442 ;
671 1373 705 1430 et
721 1362 868 1448 coeperis
883 1361 913 1426 ei
929 1371 965 1426 tu
985 1363 1102 1441 dicere,
1119 1364 1196 1427 Non
1214 1364 1300 1442 licet,
1316 1387 1382 1432 non
1401 1390 1536 1451 possum
1554 1375 1600 1440 ire
1615 1401 1622 1441 :
1638 1379 1665 1442 si
1682 1378 1737 1445 ille
1753 1383 1814 1448 tibi

462 1467 644 1534 ostenderit
664 1466 792 1532 infinita
809 1466 982 1531 hominum
997 1465 1096 1546 milia,
1108 1476 1142 1530 et
1152 1468 1275 1534 dixerit
1286 1471 1355 1548 tibi,
1370 1471 1524 1541 Ducenta
1537 1479 1710 1549 hominum
1724 1487 1813 1552 milia

462 1571 508 1636 ibi
523 1579 620 1636 sunt:
635 1589 716 1653 ergo
731 1569 777 1634 illi
794 1589 910 1634 omnes
926 1571 1061 1654 perituri
1073 1581 1160 1648 sunt,
1171 1581 1205 1636 et
1218 1582 1253 1637 tu
1266 1576 1356 1638 solus
1368 1577 1479 1643 salvus
1495 1582 1583 1648 cris?
1599 1595 1635 1650 tu
1652 1588 1753 1653 debes
1766 1591 1814 1654 in·
1836 1607 1866 1645 ¹0

461 1673 706 1758 tellegere,quia
718 1683 911 1757 symptoma
921 1674 1045 1739 diaboli
1056 1677 1197 1756 est;hoc
1205 1679 1348 1755 est‚scire
1360 1682 1462 1747 debes
1473 1686 1549 1767 quia
1560 1687 1671 1770 plures
1681 1693 1814 1762 cadunt.

504 1777 552 1843 Et
576 1777 743 1844 daemonio
759 1779 946 1842 meridiano.
964 1779 1091 1844 Dicunt
1116 1783 1251 1865 quidem
1269 1783 1375 1862 multi,
1390 1788 1467 1869 quia
1482 1802 1560 1854 sunt
1577 1794 1758 1860 daemones
1781 1808 1814 1864 et

460 1883 642 1962 meridiani,
658 1893 692 1948 et
718 1884 781 1948 hoc
806 1881 908 1965 vulgo
922 1878 1050 1948 dicitui.
1067 1883 1222 1951 Ceterum
1248 1907 1312 1970 ego
1334 1889 1411 1954 dico
1436 1891 1639 1975 simpliciter,
1654 1901 1812 1980 quoniam

458 1988 601 2052 daemon
630 2007 671 2052 eo
697 1998 849 2071 ternpore
873 1995 1075 2070 potestatem
1101 1987 1202 2053 habet
1227 1991 1260 2055 in
1285 2011 1355 2069 nos,
1371 1995 1506 2075 quando
1533 2017 1719 2078 peccamus.
1735 2003 1814 2068 Sive

460 2111 558 2156 mane
571 2092 827 2176 peccaverimus,
840 2091 983 2156 daemon
1001 2091 1186 2173 ingreditur
1201 2095 1233 2158 in
1252 2097 1347 2160 nobis
1362 2120 1370 2161 :
1385 2097 1454 2162 sive
1470 2120 1615 2184 vespere,
1625 2106 1694 2171 sive
1707 2118 1814 2184 nocte,
1835 2131 1844 2168 ι
1849 2127 1863 2182 5

460 2214 672 2282 quacumque
699 2197 946 2280 peccaverimus
971 2195 1062 2274 hora,
1086 2197 1230 2263 daemon
1257 2200 1441 2282 ingreditur
1464 2203 1496 2267 in
1525 2207 1630 2272 nobis.
1648 2209 1683 2274 Si
1700 2223 1811 2280 autem

459 2321 524 2366 non
553 2286 800 2386 peccaverimus
826 2299 971 2380 meridie,
987 2320 1053 2364 non
1071 2301 1255 2382 ingreditur
1282 2306 1314 2368 in
1331 2307 1436 2372 nobis.
1452 2307 1585 2398 Videtis
1611 2333 1699 2398 ergo,
1722 2319 1811 2399 quod

460 2405 614 2471 frivolum
632 2405 788 2490 estquod
805 2404 906 2488 vulgo
921 2405 1050 2469 dicitur.
1068 2404 1158 2488 Quid
1175 2427 1255 2490 ergo
1270 2409 1360 2487 dicit,
1372 2410 1596 2478 Adaemonio
1606 2419 1813 2487 meridiano?

458 2507 821 2594 Quoniam'Abrabam
839 2507 977 2592 angelos
993 2520 1184 2591 susceperat
1200 2511 1232 2574 in
1251 2513 1396 2590 meridie,
1411 2526 1445 2581 et
1463 2519 1585 2604 loseph
1603 2521 1719 2590 iratres
1733 2547 1812 2592 suos

456 2612 500 2677 ad
528 2613 704 2698 prandium
732 2612 929 2677 invitaverat
954 2611 987 2676 in
1014 2614 1158 2678 meridie.
1176 2614 1292 2681 Sancti
1319 2620 1408 2684 enirn
1425 2637 1520 2688 erant
1536 2635 1569 2690 et
1585 2627 1759 2696 Abraham
1777 2644 1810 2699 et
1831 2651 1864 2688 so

460 2715 592 2800 loseph,
607 2725 640 2784 et
657 2725 833 2800 propterea
849 2715 1037 2780 convivium
1055 2737 1169 2781 eorum
1187 2719 1219 2783 in
1237 2719 1326 2784 clara
1344 2721 1416 2786 luce
1432 2737 1503 2790 erat
1519 2739 1552 2792 et
1567 2730 1638 2795 sole
1654 2733 1812 2815 perlecto,

457 2831 633 2906 propterea
649 2829 790 2904 pascunt
815 2820 846 2884 in
865 2820 1009 2884 meridie.
1028 2820 1073 2886 Et
1096 2842 1161 2905 ego
1176 2823 1204 2886 si
1222 2823 1356 2906 plenam
1373 2827 1521 2895 habuero
1537 2833 1709 2902 scientiam
1734 2842 1812 2904 scri-

457 2933 639 3009 pturarum,
654 2924 732 2990 licet
755 2925 836 2988 hora
861 2925 958 2988 tertia
982 2925 1035 3001 sit,
1052 2934 1164 2989 tamen
1190 2947 1291 3009 pasco
1309 2950 1369 2992 vos
1386 2931 1417 2994 in
1436 2936 1585 3003 meridie.
1602 2939 1756 3024 Denique
1779 2955 1812 3009 et

457 3049 579 3114 sponsa
606 3029 638 3094 in
665 3029 807 3096 Cantico
833 3029 1038 3092 canticorum
1067 3029 1276 3095 dicitt‘Ubi
1303 3034 1420 3116 pascis,
1437 3037 1554 3121 inquit,
1570 3043 1626 3105 ubi
1652 3045 1755 3108 cubas
1778 3048 1810 3110 in

457 3131 641 3199 meridiei'
670 3133 801 3198 Videtis
827 3133 985 3216 quoniam
1014 3153 1158 3214 sponsus
1186 3155 1251 3198 non
1278 3139 1395 3218 pascit,
1412 3159 1478 3206 non
1503 3147 1664 3211 recumbit
1681 3149 1714 3213 in
1730 3148 1812 3215 ho'ra
1829 3171 1861 3224 ες

457 3235 562 3314 tertia,
578 3235 636 3300 sed
666 3236 697 3298 in
717 3235 861 3300 meridie.
881 3235 948 3300 Ubi
979 3237 1096 3319 pascis,
1111 3237 1168 3301 ubi
1196 3239 1308 3318 cubas,
1325 3242 1381 3305 ubi
1398 3253 1431 3306 tc
1447 3245 1589 3325 invenio,
1605 3250 1660 3314 ubi
1685 3253 1812 3318 deliciis

456 3337 580 3418 frueris,
598 3339 654 3404 ubi
681 3346 715 3403 te
742 3358 876 3420 possurn
906 3339 1098 3418 invenire,o
1125 3361 1246 3424 sponse
1271 3351 1391 3408 meus?
1408 3346 1468 3411 Vis
1494 3371 1547 3416 me
1574 3353 1745 3420 invenire?
1773 3359 1811 3422 ln

457 3443 602 3522 meridie,
619 3443 650 3506 in
679 3441 817 3506 scientia
841 3443 996 3525 perlecta,
1024 3445 1055 3506 in
1082 3444 1179 3508 bonis
1206 3449 1371 3528 operibus,
1388 3450 1419 3514 in
1445 3453 1535 3519 claro
1560 3455 1692 3523 lumine.
1719 3459 1810 3544 Quo-

456 3545 544 3612 niam
562 3566 642 3629 ergo
657 3545 819 3610 habemus
836 3566 896 3612 nos
913 3547 1094 3624 meridiem,
1110 3559 1284 3632 propterea
1301 3553 1401 3617 etiam
1417 3556 1571 3622 diabolus
1595 3562 1810 3628 transforma·

456 3659 509 3718 tur
525 3651 557 3716 ln
574 3649 730 3736 angelum
748 3651 838 3728 lucis,
854 3658 888 3714 et
899 3650 969 3732 ipse
980 3649 1115 3714 simulat
1130 3651 1253 3718 habere
1269 3675 1304 3718 se
1321 3655 1561 3736 lucem,habere
1577 3683 1612 3728 se
1629 3667 1809 3734 meridiem.
1829 3693 1862 3744 30

491 3845 619 3910 tdr'rr'tur]
638 3853 672 3896 ert
682 3845 760 3894 dicere
773 3843 819 3913 βΒ.
921 3843 1094 3908 aSymptosis]
1113 3847 1225 3902 symtosis
1244 3847 1275 3908 C,
1298 3849 1318 3898 B
1336 3857 1570 3920 connumerabis
1592 3859 1636 3920 Hs
1654 3855 1809 3927 σύμπτωμα

454 3935 536 3980 eurem
550 3925 574 3996 β.
668 3939 682 3991 3
695 3927 756 3976 usui
764 3925 856 3986 euenit]
869 3925 929 3975 novi
937 3926 1047 3974 evenerit
1059 3923 1075 3992 β
1087 3943 1094 3984 ;
1106 3942 1156 3975 nou
1168 3930 1265 3978 venerit
1278 3931 1298 3978 B
1309 3949 1316 3982 r
1329 3935 1390 3983 nevi
1399 3941 1422 3984 e!
1433 3943 1504 3986 velus
1515 3939 1547 3989 G.
1644 3953 1657 4005 5
1670 3943 1810 4008 inducaris]

453 4011 552 4062 due-neb
566 4011 608 4068 Gr
629 4009 747 4060 iudiceris
758 4011 785 4060 S.
885 4005 1082 4071 6r'erir1suerr'r
1094 4008 1126 4057 G.
1228 4014 1342 4076 Μαῖα]
1361 4025 1459 4080 expecta
1479 4019 1556 4071 BCG.
1660 4025 1810 4088 taDr'cunt]

453 4093 577 4144 sitiuntur
587 4091 608 4142 (⁸
611 4128 616 4142 .
722 4100 748 4152 17
761 4105 811 4138 non
828 4089 1021 4154 peccaveramus]
1041 4105 1091 4138 mu
1104 4098 1261 4153 peccaremus
1272 4095 1304 4145 G.
1409 4098 1438 4150 18
1448 4099 1588 4164 frivolum]
1599 4105 1726 4166 fribolum
1747 4107 1810 4169 BC;

451 4175 577 4237 lrr'lulreru
590 4175 622 4222 li.
726 4183 755 4233 19
767 4171 862 4236 loseph]
872 4172 939 4234 losep
948 4169 1002 4220 BC.
1102 4173 1347 4240 erpersecu1aperto
1359 4179 1393 4229 ll.
1495 4193 1525 4247 ²5
1533 4181 1624 4248 pascet]
1632 4189 1747 4251 parcitur
1755 4191 1808 4241 SG.

454 4269 484 4322 η
496 4273 510 4310 ο
521 4255 613 4322 rpuusrl
625 4271 638 4306 o
648 4262 750 4320 sparreus
762 4253 787 4304 S.
889 4263 921 4314 29
931 4253 1019 4314 erianr]
1030 4269 1081 4304 om.
1096 4254 1148 4306 SG.

495 4445 541 4486 ro.
557 4431 585 4484 et
607 4421 760 4482 Abraham
785 4427 813 4478 et
834 4415 948 4499 Ioseph]
976 4417 1102 4482 Hieron.
1155 4420 1453 4505 cipiunturhospitio,
1464 4443 1493 4492 et
1503 4445 1601 4495 cetera
1611 4435 1810 4500 istiusmodi'

454 4507 582 4572 translat.
607 4501 706 4564 homil.
735 4500 854 4578 Origen.
880 4499 910 4559 in
937 4502 1023 4562 Cant
1044 4521 1067 4574 1,
1087 4519 1102 4577 7
1197 4523 1242 4583 ²5·
1259 4508 1291 4565 r'u
1305 4507 1434 4592 urerrdr'e]
1451 4513 1537 4574 Cant.
1557 4535 1581 4588 1,
1599 4519 1624 4577 6.

455 4595 462 4626 ¹
479 4587 567 4666 Apud
579 4583 687 4664 loseph
703 4581 826 4644 meridie
835 4582 935 4642 iratres
945 4581 1101 4656 prandium
1195 4606 1242 4663 30·
1258 4586 1340 4670 lucis]
1356 4593 1401 4652 Cf.
1421 4612 1436 4650 2
1454 4595 1521 4656 Cor,
1543 4616 1587 4672 η,
1607 4617 1651 4672 ¹4·

454 4667 612 4736 relclunut.
630 4661 735 4744 Augeli
751 4660 873 4724 meridie
887 4663 1027 4724 Abrahae
1041 4681 1102 4723 sus-
