4202 5492
481 379 534 460 82
862 395 890 454 s.
916 393 1171 454 ntnnouvnu
1194 395 1459 456 tnesaurum

480 631 511 684 et
525 615 741 692 ismahelitae,
757 613 859 676 Μοιιύ
885 621 915 675 et
934 611 1115 693 aggareni,
1134 611 1243 692 Gebal,
1269 623 1300 676 et
1314 615 1432 691 Amcn,
1446 622 1478 676 et
1497 611 1664 690 Amalech,
1678 621 1709 676 et
1723 611 1837 676 alieni·

475 744 579 806 genae
602 742 673 785 ctam
698 717 922 782 habitantibus
954 715 1101 795 Tyrum:
1124 716 1241 781 etenim
1257 716 1370 781 Assur
1382 716 1473 779 venit
1486 737 1557 780 cum
1574 715 1650 795 illis,
1657 716 1750 797 sacti
1762 726 1840 781 sunt

482 829 516 890 r'n
534 823 742 894 adiutorium
756 821 846 906 filiis
874 819 962 882 Lotlt.
991 821 1159 886 Undecim
1185 831 1263 886 sunt
1278 823 1335 905 qui
1352 830 1504 904 pugnant
1521 821 1678 884 adversus
1694 831 1837 886 sanctos.

483 929 652 1014 Quoniam
669 947 748 1010 ergo
764 931 998 1010 pugnaverunt
1025 925 1185 989 adversus
1212 935 1356 1001 sanctos,
1372 923 1413 988 ad
1440 925 1623 1007 perfectum
1651 945 1836 1001 numerum,

482 1035 514 1098 id
528 1041 578 1097 est
596 1029 843 1107 duodecimum,
858 1027 969 1091 venire
980 1047 1046 1092 non
1065 1037 1254 1110 potuerunt.
1277 1027 1496 1092 Tabernacula
1508 1027 1746 1094 Idumaeomm.
1758 1029 1833 1092 Non
1872 1047 1886 1101 5

481 1137 607 1201 babent
623 1134 714 1198 domi
731 1133 996 1209 fundamentum,
1008 1131 1066 1195 sed
1085 1131 1298 1196 tabernacula
1314 1151 1400 1215 quae
1416 1132 1483 1197 cito
1499 1141 1740 1216 pertranseunt.
1757 1133 1835 1197 Idu·

483 1260 578 1306 maea
594 1238 770 1321 dupliciter
795 1237 1052 1318 interpretatur:
1068 1245 1127 1300 aut
1151 1237 1344 1319 sanguinea,
1370 1245 1429 1301 aut
1455 1245 1594 1304 terrena.
1610 1238 1734 1303 Videte
1756 1257 1837 1320 ergo

483 1342 539 1425 qui
566 1350 718 1425 pugnant
757 1339 915 1404 adversus
940 1347 1096 1401 sanctos:
1119 1339 1334 1403 tabernacula
1360 1340 1607 1418 idumaeorum,
1634 1341 1762 1405 terreni.
1790 1339 1837 1404 Et

483 1445 698 1510 Isrnalrelr'tae.
715 1442 931 1507 Ismaltelitae
959 1442 1218 1524 interpretantur
1234 1441 1452 1507 oboedientes
1468 1441 1530 1507 sibi
1544 1467 1552 1507 ε
1566 1443 1630 1508 hoc
1655 1455 1715 1522 est,
1730 1445 1834 1528 quod·

481 1569 625 1632 cumque
640 1567 697 1612 eor
712 1546 864 1610 habuerit
880 1555 914 1610 et
939 1545 1027 1609 mala
1052 1547 1220 1628 cogitatio,
1236 1547 1349 1610 statim
1367 1546 1501 1612 iaciunt.
1520 1548 1699 1630 Propterea
1714 1547 1836 1613 dicitur
1858 1573 1889 1609 ro

483 1655 515 1718 in
535 1651 718 1716 iezechiel:
741 1649 829 1712 ‘Fili
854 1649 1009 1728 hominis,
1024 1649 1160 1732 loquere
1184 1651 1360 1714 adversum
1386 1651 1567 1735 prophetas
1594 1653 1651 1736 qui
1679 1663 1835 1718 secuntur

482 1778 538 1821 cor
554 1776 660 1832 suum,
676 1763 709 1818 et
725 1754 960 1838 quodcumque
985 1753 1114 1836 inpellit
1130 1753 1291 1837 cogitatio
1305 1754 1433 1820 faciunt
1442 1754 1458 1820 '.
1475 1755 1548 1819 Nos
1566 1767 1678 1822 autem
1697 1777 1762 1821 non
1779 1757 1835 1822 de·

483 1862 599 1925 bemus
609 1859 702 1942 sequi
714 1859 953 1940 cogitationem
968 1867 1127 1935 nostram,
1137 1878 1197 1922 nec
1209 1858 1276 1921 dici
1289 1857 1513 1942 ismahelitae,
1523 1862 1586 1926 hoc
1596 1872 1647 1926 est
1657 1863 1836 1928 oboedien-

482 1977 532 2030 tes
548 1966 620 2042 sibi,
635 1951 692 2028 sed
724 1961 878 2040 ismahel,
893 1961 956 2026 hoc
983 1971 1034 2026 est
1058 1960 1276 2027 oboedientes
1294 1964 1378 2028 Deo.
1396 1963 1504 2044 Moab,
1518 1986 1563 2030 ex
1586 1976 1690 2049 patre,
1706 1967 1770 2031 hoc
1785 1975 1837 2030 est

483 2072 674 2136 recedentes
690 2090 710 2133 a
727 2071 800 2133 Deo
818 2069 924 2134 Patre.
940 2070 1121 2152 Aggarerri,
1146 2069 1313 2152 proselyti.
1341 2070 1408 2153 Qui
1425 2071 1584 2135 deberent
1608 2089 1681 2134 esse
1707 2068 1836 2133 habita·
1857 2093 1886 2146 ις

482 2185 570 2239 tores
604 2174 677 2250 Dei,
701 2173 860 2257 proselyti
892 2172 970 2237 sacti
1002 2184 1090 2238 sunt.
1124 2172 1228 2237 Gebal
1255 2173 1491 2256 interpretatur
1532 2173 1627 2237 vallis
1653 2193 1763 2238 vana:
1788 2185 1836 2238 GE

482 2280 603 2342 dicitur
618 2277 722 2355 vallis,
738 2290 807 2340 unt.
826 2297 905 2340 vero
923 2277 1161 2360 interpretatur
1175 2297 1270 2342 vana.
1296 2277 1356 2341 Isti
1373 2298 1453 2361 ergo
1468 2277 1524 2362 qui
1541 2287 1657 2342 contra
1673 2277 1834 2360 populum

484 2381 547 2445 Dei
563 2393 650 2458 sunt,
665 2400 732 2445 non
749 2389 827 2446 sunt
843 2381 885 2444 de
902 2391 1025 2460 monte,
1052 2381 1109 2444 sed
1128 2383 1170 2444 de
1193 2381 1278 2446 valle
1300 2401 1395 2445 vana.
1412 2381 1459 2444 Et
1473 2383 1503 2445 A
1510 2403 1584 2446 mon
1598 2382 1834 2465 interpretatur

482 2485 625 2568 populus
651 2484 824 2549 turbidus:
839 2483 901 2548 hoc
919 2493 977 2562 est,
992 2484 1049 2568 qui
1074 2482 1248 2548 confidunt
1264 2486 1296 2548 in
1322 2484 1545 2562 multitudine,
1572 2493 1605 2548 et
1622 2503 1689 2548 non
1708 2485 1740 2548 in
1756 2485 1834 2548 sim·

483 2589 639 2672 plicitate.
657 2587 814 2652 Amalech
829 2589 1065 2671 interpretatur
1081 2587 1212 2671 lingens
1227 2597 1359 2652 terram.
1372 2587 1583 2671 Quicumque
1601 2589 1689 2652 enirn
1707 2598 1834 2672 pugnat
1854 2616 1888 2653 20

482 2693 640 2756 adversus
662 2693 822 2776 populum
842 2692 915 2770 Dei,
932 2711 997 2757 non
1016 2693 1164 2755 comedit
1179 2692 1357 2756 caelestem
1375 2713 1506 2774 panem,
1521 2690 1579 2755 sed
1597 2690 1695 2774 lingit
1712 2701 1833 2758 terram

482 2798 566 2860 sicut
589 2816 732 2880 serpens.
752 2797 974 2878 Aliemgenne.
1002 2796 1070 2860 Ubi
1098 2795 1227 2874 dicitur,
1252 2795 1468 2879 alienigenae,
1493 2797 1525 2860 in
1552 2795 1708 2860 hebraico
1734 2795 1835 2862 babet

483 2899 669 2990 Pltilistiirn.
687 2901 864 2964 Philistiim
890 2920 969 2964 vero
996 2901 1256 2982 interpretantur
1271 2900 1429 2963 cadentes
1446 2901 1602 2982 potione:
1618 2900 1681 2964 hoc
1702 2909 1762 2980 est,
1778 2901 1834 2983 qui

482 3003 634 3066 inebriati
650 3013 728 3067 sunt
743 3004 786 3068 de
802 3003 905 3068 calice
927 3003 1062 3081 diaboli,
1079 3014 1112 3067 et
1129 3003 1282 3068 inebriati
1298 3003 1499 3070 ceciderunt.
1514 3003 1596 3070 Cum
1611 3005 1836 3081 habitantibus

487 3107 617 3187 Tyrum.
633 3107 744 3189 Tyrus
761 3108 793 3171 in
811 3107 924 3192 lingua
948 3108 1102 3173 hebraica
1130 3109 1252 3172 dicitur
1267 3122 1345 3183 solt,
1361 3109 1450 3191 quod
1479 3110 1716 3192 interpretatur
1731 3129 1834 3192 angu-
1855 3138 1887 3192 25

482 3213 546 3276 stia
561 3221 595 3276 et
610 3211 790 3276 tribulatio.
807 3211 873 3295 Qui
890 3211 1075 3276 debuerant
1091 3232 1164 3276 esse
1184 3213 1349 3295 peregrini
1367 3213 1398 3275 in
1418 3211 1481 3276 isto
1497 3213 1640 3292 saeculo,
1655 3211 1735 3278 lacti
1758 3221 1835 3277 sunt

517 3425 526 3462 t
542 3412 684 3476 Aggurem']
693 3414 823 3476 Agnrrem'
829 3413 860 3462 Α.
932 3413 1020 3474 Gebal]
1028 3413 1103 3463 Zebal
1108 3412 1139 3463 G.
1208 3412 1327 3474 aassur]
1336 3413 1359 3463 G
1368 3411 1442 3464 inser.
1451 3416 1592 3476 rr'mnl(Gr.
1603 3409 1835 3486 συμπαριγένετο).

482 3495 626 3559 3aduersrrs
636 3496 741 3556 sanctos]
752 3497 809 3546 adv.
822 3501 936 3544 sanctum
949 3495 1024 3545 GPS.
1128 3507 1157 3544 ιο
1167 3493 1218 3556 cor]
1230 3496 1259 3543 in
1270 3511 1312 3544 cor
1322 3495 1348 3544 S.
1449 3495 1573 3559 cogitatio]
1593 3496 1636 3547 SG
1656 3496 1717 3548 md.
1730 3497 1835 3546 muttit.

484 3589 493 3624 t
499 3586 512 3639 5
523 3576 645 3638 delerent]
655 3576 767 3626 deberint
779 3577 820 3636 G;
836 3576 975 3626 debuerunt
986 3579 1013 3629 S.
1114 3591 1146 3628 20
1155 3577 1237 3639 eninr]
1247 3593 1302 3641 ergo
1314 3577 1346 3628 G.

525 3769 549 3828 7.
575 3761 630 3812 aut
652 3749 778 3834 terrena]
807 3752 930 3814 Hieron.
958 3755 1075 3817 Comm.
1104 3753 1134 3814 in
1188 3773 1267 3814 nom.
1284 3753 1365 3814 hebr.
1391 3755 1433 3814 M.
1451 3775 1498 3832 23,
1516 3757 1574 3832 819
1591 3755 1701 3832 ‘Agan
1722 3753 1837 3814 advena

483 3853 525 3912 ps.
546 3853 619 3910 107:
635 3839 643 3868 ⁴
659 3836 806 3896 Idumaea
829 3847 929 3896 autem
944 3846 996 3896 aut
1019 3847 1135 3896 terrena
1186 3837 1231 3896 vel
1247 3853 1399 3896 conversa
1413 3839 1420 3864 ²

482 3917 689 3992 interpretatur
702 3929 752 3976 aut
768 3916 954 3994 sanguinaria
963 3919 978 3977 '.
1227 3937 1272 3978 20.
1300 3917 1411 3994 ltitgens
1436 3913 1559 4011 terram]
1585 3916 1663 3977 Ibid.
1679 3920 1687 3950 ‘
1701 3917 1835 3989 Amalec,

526 4017 570 4057 12.
577 3994 711 4077 sact'unt]
728 3999 815 4060 Conf.
833 3999 940 4059 Ezech.
961 4019 1006 4075 13,
1024 4019 1039 4057 2
1056 4017 1098 4075 sq.
1185 4000 1313 4076 populus
1330 3999 1464 4061 lambens
1479 4001 1525 4060 vel
1541 3999 1685 4076 ltngens'

527 4087 757 4159 14.oboedr'entes
777 4085 853 4168 Deo]
882 4089 1005 4148 Hieron.
1039 4088 1132 4148 Hebr.
1228 4110 1272 4149 22.
1289 4092 1374 4150 habet
1381 4085 1556 4170 Phr'lr'str‘im]
1572 4088 1698 4150 Hieron.
1706 4087 1735 4149 in
1752 4089 1791 4148 ls.
1810 4107 1835 4161 2,

482 4179 594 4244 quaest.
616 4169 645 4227 in
662 4171 771 4230 Genes.
792 4173 835 4242 16,
857 4189 911 4229 rr:
935 4171 1068 4229 ‘ismael
1092 4167 1134 4228 in·
1188 4175 1224 4244 7‘
1242 4172 1297 4232 Pro
1314 4169 1470 4232 Philistiim
1486 4189 1603 4248 semper
1624 4169 1836 4247 txxalienige·

483 4262 658 4326 terpretatur
670 4249 820 4310 exauditio
838 4249 903 4310 Dei.
920 4253 926 4279 ’
1034 4253 1036 4257 ’
1186 4270 1238 4310 nas
1254 4251 1436 4330 interpretati
1453 4263 1531 4313 sunt.
1546 4252 1554 4280 ’

522 4339 621 4412 Moab,
647 4357 683 4396 ex
703 4335 804 4419 patre]
834 4341 880 4400 Id.
911 4339 940 4399 in
971 4341 1008 4399 Is.
1043 4357 1088 4416 15,
1118 4359 1130 4398 1
1228 4364 1272 4421 ²3·
1297 4346 1424 4406 cadentes
1440 4339 1566 4424 panum]
1592 4342 1656 4404 Lib.
1687 4345 1727 4404 de
1755 4361 1834 4403 notu.

483 4421 634 4480 ‘Moab...
666 4420 873 4497 interpretatur
900 4423 940 4482 de
968 4433 1049 4498 patre
1071 4419 1133 4481 sive
1184 4425 1264 4486 hebr.
1282 4429 1391 4488 Genes.
1409 4430 1417 4460 ‘
1433 4425 1583 4499 Felestim,
1599 4427 1752 4497 cadentes,
1774 4424 1836 4484 sive

481 4519 559 4578 aqua
575 4503 867 4577 paterna'3Quaest.
884 4503 964 4563 hebr.
976 4503 1006 4562 in
1022 4504 1130 4563 Genes.
1184 4505 1268 4567 ruina
1296 4507 1405 4586 poculi,
1431 4519 1482 4568 aut
1506 4508 1648 4568 cadentes
1671 4506 1812 4584 potione'
1827 4527 1836 4580 ;

485 4602 529 4658 19,
547 4586 584 4659 36
610 4583 726 4644 ‘Moab
741 4583 948 4660 interpretatur
969 4604 1005 4644 ex
1019 4597 1108 4662 patre.
1126 4587 1133 4612 '
1183 4587 1267 4665 epist.
1284 4593 1332 4667 65,
1348 4609 1376 4650 n.
1393 4609 1411 4663 4
1429 4587 1615 4662 ‘Philistum
1631 4587 1683 4666 qui
1695 4585 1836 4666 interpre-

526 4665 744 4742 15.Aggarem·,
759 4661 913 4745 prosehttt']
935 4667 1063 4726 Hieron.
1085 4667 1132 4728 De
1184 4680 1283 4730 tantur
1297 4673 1407 4750 poculo
1421 4683 1602 4733 corruentes.
1619 4671 1626 4700 '
