4158 5492
474 437 530 542 84
931 455 1085 519 snuc‘rr
1116 459 1370 518 mnnonmrr
1727 453 1828 542 [exva

475 676 752 788 perambulet,
768 688 809 758 et
830 671 1009 756 umbrae
1030 671 1186 755 similis
1202 672 1293 755 vita
1314 687 1461 759 nostra
1480 676 1598 758 brevi
1619 675 1832 761 curriculo

476 815 659 898 finiatur.
697 813 884 899 Calicem
913 805 1130 894 salutaris
1158 811 1381 920 accipiam,
1404 819 1447 898 ot
1476 839 1625 896 nomon
1652 813 1836 898 Domini

476 953 685 1037 invocabo.
708 952 793 1034 Pro
814 950 894 1033 hoc
915 947 1131 1047 beneficio,
1150 948 1267 1059 quod
1291 949 1396 1033 mihi
1422 951 1543 1036 Deus
1565 951 1747 1064 largitus
1766 965 1833 1036 est

475 1092 678 1189 animam,
702 1088 819 1201 quod
851 1114 919 1171 me
950 1086 1047 1169 Iecit
1077 1084 1129 1168 de
1158 1084 1295 1184 nihilo
1316 1089 1562 1186 subsistere,
1585 1089 1690 1200 quid
1712 1089 1831 1173 aliud

476 1253 654 1338 possum
678 1227 823 1325 Iacere,
852 1224 936 1306 nisi
957 1222 1134 1306 creatori
1158 1249 1254 1305 meo
1284 1250 1378 1307 eam
1411 1226 1573 1324 offerre,
1596 1253 1727 1337 quam
1758 1227 1833 1309 tri·
1869 1255 1886 1310 s

476 1364 601 1448 buit?
628 1366 743 1446 Vota
776 1390 871 1445 mea
906 1361 1094 1445 Domino
1119 1361 1310 1444 reddam.
1345 1362 1461 1445 Dicit
1484 1391 1528 1446 se
1556 1364 1832 1447 laudaturum

476 1535 570 1590 esse
592 1519 688 1616 post
712 1519 904 1605 mortem,
930 1531 981 1586 ne
994 1501 1094 1585 finis
1115 1501 1311 1585 credatur
1332 1500 1540 1585 interitus,
1564 1501 1765 1584 Pretiosa
1787 1501 1832 1584 in

475 1649 698 1762 conspectu
719 1643 903 1726 Domini
920 1668 1035 1724 mors
1053 1645 1302 1723 sanctorum
1337 1637 1439 1722 eius,
1467 1639 1589 1721 Mors
1611 1637 1655 1721 in
1678 1637 1770 1750 lege
1790 1651 1832 1722 et

476 1783 767 1867 contaminata
800 1794 876 1883 est,
908 1793 951 1864 et
984 1779 1273 1863 contaminat:
1313 1777 1445 1890 igitur
1479 1777 1532 1860 de
1570 1777 1832 1889 martyribus

475 1920 687 2035 evangelii
710 1919 999 2033 prophetatur.
1856 1948 1891 1989 ιο

1068 2078 1230 2164 CXVI.

531 2341 738 2422 Laudato
768 2336 1019 2436 Dominum,
1041 2359 1184 2418 omnes
1208 2336 1370 2441 gentes.
1408 2334 1493 2416 Pro
1528 2361 1579 2417 eo
1613 2333 1730 2445 quod
1765 2345 1832 2417 est

478 2475 672 2560 ‘laudate
689 2475 964 2574 Dominum,
981 2473 1024 2555 in
1039 2469 1221 2555 hebraeo
1234 2471 1441 2582 scriptum
1458 2470 1585 2556 habet
1600 2471 1796 2556 ‘alleluia
1810 2473 1830 2560 '.

1058 2757 1246 2842 CXVII.

535 3023 788 3120 ODomim,
817 3019 987 3102 salvam
1016 3047 1082 3102 me
1102 3019 1198 3129 fac.
1225 3019 1340 3103 Illud
1376 3021 1492 3131 quod
1531 3021 1573 3103 in
1606 3025 1888 3136 evangetio15

477 3159 688 3259 scribitur,
721 3157 823 3270 quia
854 3158 1039 3241 intrante
1062 3157 1254 3241 Domino
1279 3159 1628 3269 HIerosolymam
1662 3163 1829 3272 parvuli

477 3297 641 3408 palmas
663 3297 938 3406 sumpserint,
962 3308 1003 3378 et
1037 3295 1335 3380 antecedentes
1369 3322 1469 3379 eum
1505 3323 1696 3382 consona
1729 3327 1833 3384 voce

476 3433 753 3517 clamaverint
776 3443 783 3474 ‘
808 3436 987 3518 Osanna
1012 3433 1054 3514 in
1086 3432 1275 3532 excelsis,
1313 3433 1565 3522 benedictus
1601 3440 1675 3551 qui
1712 3439 1832 3524 venit

477 3573 519 3655 in
543 3573 717 3655 nomine
741 3571 919 3654 Domini
943 3572 963 3671 ',
987 3569 1039 3653 de
1072 3569 1283 3680 praesenti
1307 3575 1476 3681 psalmo
1507 3589 1730 3687 sumptum
1753 3589 1828 3662 est.

478 3709 676 3822 Denique
699 3710 771 3793 ubi
805 3737 883 3793 nos
914 3711 1123 3793 habemus
1145 3725 1244 3789 σῶσον
1261 3721 1311 3804 δή,
1336 3712 1416 3796 hoc
1449 3729 1525 3814 est,
1561 3714 1729 3797 salvum
1763 3741 1832 3797 me
1851 3758 1887 3798 20

475 3847 550 3947 fac,
572 3849 614 3930 in
639 3848 820 3930 hebraeo
841 3873 1041 3931 osmunt
1062 3850 1269 3961 scriptum
1292 3851 1431 3934 habet.

509 4072 538 4110 to
543 4061 719 4127 prophetatur]
732 4060 784 4110 ΑΜ
798 4059 950 4125 (properatur
962 4062 994 4122 E)
1001 4081 1008 4122 ;
1037 4063 1170 4127 propiata
1181 4063 1210 4114 C.
1313 4065 1441 4114 aoeouov
1454 4059 1614 4130 offlscripsig
1647 4079 1776 4115 crucam
1791 4067 1831 4128 Ες

473 4143 711 4202 crocoaun'Cmm.
724 4144 787 4192 AM.
889 4156 917 4192 21
932 4143 1061 4204 asianam]
1074 4146 1110 4204 M,
1126 4146 1183 4205 Ata·
1194 4152 1280 4210 postea
1291 4161 1361 4195 erasa
1373 4147 1435 4206 esth
1467 4162 1573 4197 osanna
1586 4147 1623 4208 133
1654 4149 1792 4200 osannae.

516 4332 541 4370 1.
557 4303 749 4387 perambulet]
766 4310 811 4367 Ps.
829 4309 875 4384 38,
894 4327 918 4384 7.
1174 4311 1344 4370 Benedictus
1364 4311 1508 4387 qur'zonr'l
1519 4311 1552 4370 io
1568 4312 1681 4374 nomine
1695 4313 1828 4386 Domini,

516 4413 556 4469 ¹9·
580 4393 614 4450 de
622 4391 773 4467 praesenti
775 4400 819 4466 ps.
831 4399 977 4467 sumptum
988 4388 1039 4471 est]
1051 4389 1122 4451 Hie·
1173 4411 1284 4451 osanna
1299 4393 1330 4451 in
1345 4393 1466 4464 excelsis,
1476 4393 1602 4470 sumpsit
1613 4393 1656 4455 de·
1663 4393 1829 4455 centesimo

469 4493 530 4535 ron.
557 4474 588 4533 in
619 4473 726 4532 Matth.
755 4491 800 4548 23,
828 4491 884 4548 39:
912 4472 1120 4532 ‘Versicutum
1172 4471 1592 4551 decimoseptImopsalmo'.

468 4567 567 4616 autem
583 4557 681 4624 istum,
707 4573 769 4630 quo
790 4564 819 4613 et
836 4554 948 4630 parvuli
967 4567 1058 4631 atque
1083 4556 1121 4613 la·
1214 4574 1258 4615 ar.
1283 4577 1400 4612 osanna
1421 4557 1558 4632 scrr'ptum
1573 4553 1764 4698 habetklaege
1786 4556 1827 4619 sis

466 4649 581 4698 etentes
606 4636 636 4694 in
660 4633 791 4710 ingressu
822 4635 982 4696 Ierusalem
1004 4635 1118 4696 domini
1171 4637 1346 4713 rescriptum
1362 4640 1389 4698 S.
1409 4637 1588 4714 Hieronymi
1602 4639 1641 4698 ad
1689 4657 1823 4700 omasum

467 4717 625 4780 Salvatoris
655 4717 698 4776 usi
726 4727 804 4789 sunt,
833 4718 956 4792 quando
981 4716 1117 4778 dixerunt
1170 4718 1208 4778 de
1224 4737 1297 4780 voce
1312 4721 1434 4780 Osanna
1459 4717 1579 4799 (Migne
1594 4739 1641 4792 22,
1658 4737 1715 4800 375
1731 4723 1821 4802 sqq.).
