4062 5504
442 474 446 482 .
504 431 912 496 EXPOSITIUNCULAE
936 438 981 496 IN
1006 438 1304 500 EVANGELIUM.
1509 449 1587 534 149

226 639 278 691 est
282 631 395 708 sames
410 656 532 717 magno
548 637 583 699 in
599 637 725 718 regione
752 637 821 712 illa,
844 647 876 700 et
897 638 996 721 coepit
1019 639 1085 720 ipse
1108 660 1208 721 egere,
1232 649 1264 702 et
1288 638 1433 721 cupiebat
1456 640 1587 722 implere

228 748 372 800 ventrem
396 761 494 804 snum
517 741 557 804 de
580 742 713 824 siliquis
733 763 815 823 quas
824 743 918 823 porei
932 743 1179 806 manducabant.
1204 744 1245 807 Iu
1260 765 1295 807 se
1309 753 1418 808 nutem
1438 765 1587 807 reuersus

227 839 317 903 derit
325 865 337 905 .·
353 843 499 926 Surgam
514 847 609 910 etilo
624 847 672 909 ad
676 858 808 928 patrem
825 868 929 909 rueum
945 857 975 910 et
985 848 1093 911 dicam
1105 848 1144 925 ei,
1156 849 1261 911 Pater
1267 849 1401 930 peccavi
1416 849 1451 910 iu
1460 849 1585 913 caelum

226 955 259 1006 et
272 965 380 1010 coram
396 959 433 1019 te.
449 950 516 1013 iam
533 973 595 1013 non
610 973 684 1014 sum
700 951 820 1032 dimeus
835 952 1053 1035 vocarifilius
1067 963 1153 1028 treus,
1166 954 1229 1034 sac
1252 975 1302 1016 me
1322 954 1407 1017 sicut
1421 974 1524 1016 urmm
1548 975 1587 1016 eu

186 1059 205 1112 5
227 1054 458 1117 mercennariis
473 1056 547 1120 tuis.
559 1056 605 1119 Et
611 1077 787 1138 exsurgens
799 1078 949 1121 reuersus
956 1066 1004 1120 est
1014 1057 1062 1119 ad
1066 1067 1197 1138 patrem
1207 1079 1313 1122 suum.
1329 1057 1377 1120 Et
1387 1079 1460 1122 cum
1476 1056 1588 1121 adlruc

224 1153 319 1237 longe
332 1169 421 1232 esset,
437 1159 524 1222 vidit
539 1160 633 1223 illum
651 1171 750 1242 pater
772 1161 883 1242 ipsius,
898 1171 929 1224 et
953 1162 1176 1225 misericordia
1201 1173 1306 1225 motus
1320 1183 1457 1224 currens
1468 1161 1587 1224 cecidit

224 1271 325 1342 supra
339 1263 455 1326 collum
471 1265 549 1340 eius,
562 1277 595 1329 et
607 1267 771 1330 ascematus
783 1277 832 1330 est
845 1287 926 1331 eum
947 1267 1105 1349 Diuitqne
1121 1265 1175 1329 illi
1185 1267 1286 1349 filius
1296 1289 1308 1330 .·
1331 1267 1445 1339 Pater,
1457 1264 1588 1346 peccavi

226 1364 262 1426 iu
276 1367 400 1430 caelum
414 1380 446 1433 et
460 1391 567 1434 coram
582 1381 621 1448 te,
643 1371 712 1435 iam
729 1393 791 1435 uou
806 1393 879 1435 sum
894 1371 1016 1454 digeras
1032 1371 1143 1435 vocari
1151 1370 1251 1453 filius
1263 1381 1347 1448 terres,
1355 1371 1420 1450 sac
1430 1391 1480 1432 me
1500 1368 1586 1432 siuet

225 1491 328 1534 uuum
342 1494 384 1536 ex
397 1476 628 1540 mercennariis
643 1477 717 1540 tuis.
728 1476 826 1540 Dixit
836 1485 944 1540 autem
954 1486 1052 1557 pater
1058 1476 1107 1540 ad
1118 1497 1227 1540 seruos
1242 1497 1315 1539 suos
1329 1499 1341 1539 .·
1360 1472 1431 1540 Cito
1436 1474 1583 1554 proferte

169 1600 208 1637 ro
223 1576 341 1639 stolam
349 1577 499 1659 primam
523 1588 555 1642 et
580 1580 706 1644 induite
722 1582 825 1654 e'llnm,
842 1591 874 1644 et
898 1581 973 1645 elate
988 1581 1149 1643 arrnnlnm
1166 1580 1200 1643 iu
1219 1601 1319 1642 rreauu
1334 1579 1407 1642 eires
1421 1589 1453 1641 et
1465 1577 1581 1642 calcia-

225 1691 334 1744 menta
349 1684 384 1746 iu
391 1684 532 1765 pedibus
546 1685 624 1762 eius,
639 1696 670 1748 et
684 1685 836 1750 adducite
852 1685 993 1749 uitulum
1013 1685 1206 1768 saginatum
1221 1696 1253 1748 et
1266 1683 1406 1758 occidite,
1435 1693 1467 1746 et
1489 1702 1580 1744 erratr-

222 1784 372 1852 ducemus
385 1797 418 1850 et
430 1789 614 1869 epulemur:
627 1791 706 1872 quia
722 1790 880 1874 leicfilius
892 1811 980 1854 rreeus
997 1800 1145 1853 mortuus
1158 1799 1233 1852 erat
1242 1797 1275 1852 et
1290 1787 1419 1862 reve'ocit,
1427 1786 1583 1868 perierat

221 1900 253 1952 et
268 1891 419 1956 iuuentus
431 1903 487 1957 est.
503 1892 550 1956 Et
562 1905 729 1975 coeperunt
742 1895 876 1976 epulari.
897 1893 977 1960 Cum
997 1905 1108 1958 autem
1123 1902 1204 1957 esset
1208 1893 1312 1976 filius
1327 1891 1398 1956 eius
1411 1889 1522 1955 senior
1547 1889 1581 1952 iu

222 2015 303 2076 agro
325 2007 357 2059 et
380 1999 585 2078 appropiaret
598 1999 717 2074 domni,
732 1999 866 2063 audivit
879 1999 1084 2082 sinplrouiam
1104 2008 1135 2061 et
1149 1997 1289 2072 cleormu,
1311 2006 1343 2060 et
1359 1993 1581 2077 interrogavit

166 2120 202 2174 ις
222 2119 325 2163 renum
346 2101 511 2164 deservis
532 2103 691 2184 quidnam
714 2104 790 2167 leaec
809 2113 921 2168 essent.
937 2103 1033 2184 Isque
1054 2103 1167 2166 dixit:
1194 2103 1316 2165 Frater
1340 2111 1417 2163 treus
1433 2099 1532 2174 verrit,
1551 2107 1583 2160 et

213 2212 313 2284 pater
325 2213 403 2268 tum
416 2206 530 2270 occidit
544 2207 686 2271 m‘tnlum
703 2207 756 2272 illi
767 2209 967 2290 saginatum,
988 2207 1068 2288 quia
1082 2208 1213 2270 salvum
1231 2206 1327 2269 illum
1347 2203 1467 2284 recepit.
1484 2201 1580 2266 Indi·

215 2318 342 2388 gnatus
354 2320 402 2372 est
415 2321 534 2386 autem,
548 2322 580 2374 et
590 2312 697 2376 uoluit
711 2312 855 2377 introire.
868 2313 970 2376 Pater
984 2332 1058 2374 vero
1081 2311 1173 2374 illius
1186 2331 1333 2392 egressus
1346 2309 1445 2390 coepit
1460 2325 1575 2390 rogare

222 2411 324 2476 illum.
342 2414 371 2475 Α
377 2415 456 2477 lille
471 2416 661 2496 respondens
674 2417 763 2478 disit
779 2417 874 2497 patri
895 2437 952 2478 sno
965 2439 977 2480 :
1004 2416 1082 2479 Ecce
1104 2415 1302 2497 quotannis
1324 2413 1431 2477 servio
1455 2411 1526 2486 tibi,
1548 2421 1580 2474 et

223 2537 389 2596 nunqnam
405 2519 597 2584 mandatum
614 2530 707 2583 testim
728 2521 917 2601 praeterivi,
931 2531 964 2583 et
978 2541 1145 2602 tricisquam
1161 2519 1283 2582 dedisti
1298 2518 1383 2581 milei
1395 2516 1524 2593 hodiem,
1542 2524 1581 2577 ut

164 2645 204 2684 20
220 2641 293 2684 cum
307 2621 423 2685 natricis
439 2623 519 2686 erreis
533 2625 700 2705 epularer,·
716 2626 774 2688 sed
789 2634 960 2708 postquam
976 2624 1132 2707 leicfilius
1151 2633 1227 2686 tum
1242 2624 1301 2704 qui
1312 2622 1483 2685 devoravit
1505 2618 1578 2683 snb·

220 2725 379 2788 stantiam
393 2747 488 2788 suam
511 2748 583 2790 cnm
599 2728 822 2792 meretricibus
848 2729 945 2806 verrit,
970 2727 1116 2791 occidisti
1137 2727 1191 2790 illi
1214 2726 1356 2790 m'tnlum
1375 2725 1578 2806 saginatum.

221 2828 271 2889 At
286 2827 339 2891 ille
355 2831 546 2912 respondeus
556 2832 644 2895 dirit
657 2833 706 2896 ei:
721 2833 798 2909 Fili,
811 2845 846 2896 tu
863 2845 984 2915 semper
993 2853 1114 2896 rreecum
1129 2831 1230 2910 fuisti
1239 2840 1271 2894 et
1284 2851 1325 2906 es,
1337 2839 1369 2892 et
1382 2829 1494 2893 omnia
1508 2849 1577 2892 mea

220 2941 280 2994 tua
292 2943 378 2998 suin.
395 2935 539 3016 Epulari
551 2946 660 2999 autem
672 2937 711 3020 [f.
732 2936 819 3020 135v]
841 2948 873 3000 et
881 2937 1028 3020 gaudere
1048 2947 1078 3000 te
1098 2945 1219 3018 oportet
1229 2958 1241 3000 :
1262 2934 1342 3016 quia
1361 2934 1481 3014 srater
1502 2941 1579 2995 tuus

221 3046 368 3101 mortuus
378 3048 450 3101 erat
463 3049 495 3102 et
510 3039 635 3118 reuixit,
645 3040 793 3122 perierat
807 3050 839 3104 et
854 3041 1005 3105 inmutus
1020 3051 1076 3106 est.

166 3171 202 3222 ²5
742 3175 1057 3227 INTERPRETATIO.

264 3278 342 3344 Duo
358 3278 415 3343 filii
432 3301 516 3363 quos
532 3281 624 3360 dicit,
641 3281 790 3346 fidetium
808 3293 841 3346 et
859 3283 1102 3364 poenitentium
1128 3281 1256 3345 inducit
1279 3278 1484 3362 parabolam.
1508 3276 1576 3341 Sed

217 3382 303 3446 alius
318 3383 455 3448 interior
472 3385 662 3450 intellectus
679 3395 737 3451 est.
756 3387 844 3450 Nam
862 3387 931 3450 duo
947 3384 1017 3464 filii,
1033 3387 1148 3450 Adam
1166 3396 1199 3449 et
1216 3384 1370 3450 Christus
1383 3383 1574 3464 intelligun-

217 3496 280 3550 tur.
297 3485 376 3550 Pars
391 3496 506 3552 autem
524 3489 727 3576 patrimonii,
744 3490 917 3571 paradisus
933 3499 985 3553 est
1001 3512 1007 3552 :
1024 3509 1123 3572 quem
1142 3487 1257 3553 Adam
1275 3496 1461 3569 acceperat,
1477 3504 1576 3567 quem

218 3609 276 3672 per
300 3589 468 3655 luxuriam
497 3593 651 3674 perdidit,
675 3592 739 3656 hoc
765 3602 825 3670 est,
852 3612 911 3674 per
938 3593 1212 3658 inobedientiam.
1237 3591 1345 3668 Abiit,
1370 3591 1520 3673 inquam,
1544 3589 1575 3650 in

166 3719 201 3770 ³0
217 3693 435 3777 longinquam
453 3696 648 3777 regionem:
673 3697 736 3761 hoc
753 3708 814 3774 est,
830 3699 863 3762 in
889 3697 1002 3761 seculo
1026 3699 1203 3780 proiectus.
1220 3695 1305 3761 Cum
1332 3694 1442 3778 porcis
1464 3693 1576 3756 cibum

216 3798 380 3876 sumebat,
394 3799 459 3862 hoc
475 3809 534 3875 est,
547 3820 621 3862 cum
633 3803 800 3883 gentibus.
812 3801 913 3884 Quod
927 3811 1040 3865 autem
1058 3801 1251 3864 recordatus
1268 3797 1310 3862 ad
1325 3807 1455 3880 patrem
1469 3816 1576 3859 rever·

217 3902 305 3976 titur,
321 3901 384 3967 hoc
400 3911 460 3981 est,
476 3903 566 3985 quod
588 3914 706 3985 gentes
732 3926 873 3987 quarum
903 3905 1016 3968 Adam
1047 3904 1187 3986 figuram
1216 3903 1317 3966 habet
1345 3908 1576 3984 cognoverunt

216 4003 375 4069 factorem
401 4025 507 4072 suum.
524 4007 621 4072 Stola
645 4018 759 4071 autem
786 4009 903 4089 prima,
919 4028 1020 4091 quam
1048 4007 1184 4071 indutus
1212 4017 1287 4069 est:
1313 4007 1417 4070 vitam
1444 4003 1578 4080 scilicet,

214 4127 316 4190 quam
326 4108 482 4173 diabolus
494 4111 674 4188 ademerat,
686 4133 744 4193 per
760 4110 931 4175 Christum
945 4111 1078 4193 recepit.
1096 4110 1325 4176 Caiciamenta
1338 4128 1426 4185 vero,
1436 4107 1577 4188 vestigia

164 4237 197 4290 35
216 4212 345 4274 munita
361 4213 604 4291 demonstrant,
621 4235 707 4297 quae
733 4216 845 4297 lapsus
872 4215 1000 4279 diaboli
1022 4234 1089 4277 non
1115 4215 1278 4291 timeant;
1303 4213 1388 4276 sicut
1404 4209 1578 4294 apostolus

250 4414 282 4466 28
305 4415 384 4476 Pars]
406 4415 495 4480 scripsi
517 4432 547 4466 ex
570 4417 736 4478 coniectura;
762 4420 837 4468 Pater
858 4419 900 4477 G;
919 4425 968 4481 per
990 4417 1092 4466 Patrem
1117 4414 1132 4482 β
1144 4434 1152 4476 3
1176 4416 1280 4466 sortasse
1303 4414 1437 4480 legendum
1462 4413 1575 4460 Partem.

215 4515 246 4566 29
257 4498 378 4565 iuquam]
390 4497 424 4557 G,
438 4497 511 4548 facile
523 4514 569 4562 pro
580 4501 676 4564 iuquit,
691 4509 717 4550 ut
729 4501 800 4552 aiibi.
900 4512 931 4564 33
942 4499 1035 4560 vitoni}
1049 4497 1064 4566 β
1076 4517 1083 4558 ;
1094 4501 1149 4548 vito
1162 4499 1194 4548 G.
1304 4507 1334 4560 35
1346 4496 1421 4560 quoe]
1433 4495 1480 4560 qui
1491 4495 1523 4544 G.

257 4683 301 4736 ²4·
318 4665 453 4724 iuventus
466 4661 519 4745 est]
537 4665 587 4725 Lc.
609 4683 653 4742 15,
674 4685 771 4742 ¹¹·32·
