4160 5500
836 849 1089 926 1101111111

347 982 404 1056 sn
442 983 826 1062 svnnosmun
858 985 1179 1062 SECUNDUM
1216 985 1590 1062 narrnnuun

820 1119 994 1221 [xuni¹
1018 1121 1097 1222 7-9]

343 1373 409 1440 Vae
424 1379 544 1444 serundo
566 1380 607 1446 ab
631 1383 802 1448 scandulis.
821 1384 954 1448 Necesse
967 1391 1016 1447 est
1028 1381 1114 1446 enim
1129 1389 1166 1444 ut
1181 1381 1314 1445 veniunt
1327 1381 1482 1446 scandala
1491 1405 1503 1445 .·
1518 1400 1644 1445 venem-

254 1493 269 1548 5
288 1484 399 1543 tamen
417 1503 477 1546 vae
491 1483 617 1552 homini
634 1488 688 1554 illi
692 1500 755 1571 per
767 1509 860 1572 quem
877 1486 1065 1552 scandalum
1082 1486 1177 1551 venit.
1186 1484 1331 1550 Videtur
1345 1483 1480 1567 quidem
1497 1482 1646 1567 speciali-

288 1590 339 1646 ter
357 1584 533 1670 designare
552 1591 680 1673 Iudam,
695 1594 853 1677 quoniam
883 1613 1018 1658 necesse
1045 1602 1097 1658 est
1125 1603 1161 1656 ut
1188 1593 1334 1676 patietur
1350 1591 1516 1658 Dominus
1534 1593 1647 1657 Iesus:

291 1687 353 1750 nisi
369 1689 458 1755 enim
475 1692 531 1759 ille
550 1717 667 1779 passus
686 1699 809 1778 luisset,
824 1718 929 1782 genus
962 1698 1145 1764 humanum
1170 1697 1289 1763 salvari
1305 1719 1371 1762 non
1388 1705 1527 1781 poterat.
1544 1695 1645 1780 Quod

291 1802 402 1857 autem
430 1799 542 1879 passio
568 1801 706 1868 Domini
734 1806 928 1872 scandalum
947 1805 999 1882 sit,
1015 1813 1047 1870 et
1077 1803 1247 1888 apostolus
1263 1804 1365 1868 dicit:
1381 1803 1458 1886 quia
1474 1820 1557 1866 crux
1574 1802 1643 1865 Do·

291 1897 373 1961 mini
390 1905 585 1974 scandalum
607 1920 657 1974 est
677 1910 819 1988 ludaeis,
834 1921 867 1976 et
882 1910 1024 1976 stultitia
1042 1909 1207 1994 gentibus.
1223 1909 1355 1974 Videtis
1370 1908 1471 1993 igitur
1485 1907 1643 1991 quoniam

239 2020 273 2058 ιο
291 2018 427 2070 necesse
443 2020 493 2073 est
508 2013 619 2076 venire
649 2017 838 2098 passionem
863 2016 1012 2096 Domini,
1040 2017 1073 2081 id
1090 2025 1149 2096 est,
1164 2013 1357 2078 scandalum
1375 2013 1488 2078 crucis.
1503 2013 1645 2077 Verum·

291 2115 404 2174 tamen
424 2133 485 2178 vae
500 2116 628 2183 homini
652 2119 708 2198 illi,
723 2141 782 2204 per
805 2141 906 2204 quem
932 2122 1023 2188 venit
1053 2120 1257 2187 scandalum.
1272 2119 1373 2184 Nune
1388 2138 1521 2184 necesse
1536 2117 1598 2183 suit
1614 2126 1648 2182 et

290 2209 381 2292 utile,
399 2223 434 2280 ut
450 2229 620 2302 pateretur
636 2224 729 2289 Iesus
744 2251 751 2291 :
766 2227 824 2292 sed
841 2247 903 2292 vae
923 2227 1037 2306 Iudae,
1056 2246 1229 2310 perquem
1250 2226 1342 2291 venit
1357 2225 1453 2290 uobis
1468 2225 1602 2290 utilitas.

346 2316 412 2384 Vae
438 2326 558 2391 mundo
581 2329 623 2392 ab
643 2330 815 2397 scaerdalis.
833 2332 998 2398 Mundum
1024 2332 1124 2396 istum
1152 2340 1318 2396 terrenum
1346 2329 1454 2396 locum
1481 2329 1571 2408 dicit,
1593 2327 1646 2392 τὸν

288 2431 434 2520 περισσὸν
460 2435 553 2503 τόπον
568 2437 667 2532 λέγειε
686 2463 794 2526 neque
820 2467 898 2510 vero
926 2447 970 2510 de
996 2446 1089 2512 caelo
1115 2457 1148 2512 et
1165 2457 1251 2510 terra
1275 2443 1467 2527 intellegere
1481 2441 1643 2506 debemus

239 2551 269 2608 15
290 2537 462 2619 mundum,
478 2545 535 2608 sed
560 2551 721 2618 mundum
744 2555 799 2621 hic
821 2556 1055 2641 intellegamus
1070 2567 1246 2624 terrenum.
1263 2557 1346 2622 Ideo
1361 2557 1451 2641 quod
1468 2557 1555 2622 dixit
1573 2553 1642 2617 Do·

289 2638 398 2704 minus
425 2647 606 2732 ‘Regnum
625 2676 735 2722 meum
765 2680 833 2724 non
861 2669 911 2726 est
937 2663 980 2726 de
1007 2663 1134 2726 mundo
1150 2661 1279 2728 istoesi
1304 2681 1410 2726 essem
1437 2662 1481 2726 de
1507 2657 1642 2732 mundo,

288 2758 416 2812 amaret
436 2771 490 2816 me
506 2759 650 2823 mundus
669 2761 677 2789 ’
700 2773 734 2827 et
757 2763 878 2830 dicitur
899 2767 941 2830 ed
959 2766 1130 2848 apostolos
1145 2771 1153 2801 ‘
1169 2766 1241 2831 Vos
1257 2786 1323 2831 non
1340 2767 1420 2832 estis
1435 2767 1478 2832 de
1493 2765 1620 2830 mundo
1636 2763 1644 2790 ’

291 2854 325 2910 et
341 2850 374 2914 in
391 2855 505 2921 multis
527 2859 607 2926 locis
623 2872 771 2930 terrenus
800 2867 945 2933 mundus
968 2869 1211 2953 interpretatur.
1226 2869 1300 2934 Vae
1316 2870 1416 2954 igitur
1431 2869 1566 2947 mundo,
1581 2868 1644 2932 hoc

290 2965 341 3019 est
357 2965 488 3027 terreno
504 2962 586 3046 ioco,
601 2967 645 3034 ab
659 2970 833 3038 scandalis.

235 3073 270 3112 ²0
334 3061 468 3132 Necesse
481 3079 531 3132 est
544 3069 630 3134 enim
655 3081 693 3137 ut
706 3074 842 3140 venient
863 3077 1042 3142 scandala:
1057 3097 1123 3144 non
1155 3080 1233 3161 quia
1258 3098 1401 3157 necesse,
1424 3079 1482 3144 sed
1510 3079 1588 3161 quia
1612 3088 1646 3144 et

289 3168 416 3233 mundo
430 3190 566 3238 necesse
588 3184 640 3239 est
651 3185 688 3242 ut
703 3178 847 3244 veniant.
861 3179 993 3257 Videte,
1005 3183 1092 3264 quod
1106 3182 1249 3247 dicimus
1259 3182 1380 3248 subtile
1392 3192 1450 3248 est.
1463 3183 1499 3250 Si
1511 3204 1645 3249 necesse

290 3282 339 3338 est
355 3285 392 3339 ut
407 3277 543 3342 veniant
558 3281 724 3361 scandala,
745 3303 826 3367 ergo
841 3285 966 3367 absque
992 3285 1091 3367 culpa
1110 3296 1159 3351 est
1176 3287 1240 3366 ille,
1255 3307 1426 3369 perquem
1443 3289 1534 3354 venit
1550 3309 1644 3354 scan-

289 3375 429 3442 dalum?
447 3380 514 3446 Sed
539 3403 599 3447 nos
622 3383 784 3452 dicimus:
800 3387 993 3452 scandalum
1020 3409 1085 3453 non
1118 3388 1209 3454 venit
1234 3391 1296 3455 nisi
1312 3391 1344 3456 in
1362 3401 1494 3459 terreno
1509 3397 1645 3461 mundo.

290 3480 353 3546 Vis
378 3503 444 3548 non
470 3486 529 3551 tibi
554 3487 666 3552 venire
692 3491 915 3556 scandalum?
945 3492 1012 3556 noli
1043 3513 1115 3557 esse
1147 3504 1305 3560 terrenus.
1339 3497 1517 3580 Propterea
1547 3499 1646 3563 dico:

236 3593 270 3649 25
289 3587 433 3652 mundus
456 3589 517 3654 iste
533 3601 681 3657 terrenus
708 3595 904 3661 scandalum
929 3595 1039 3675 habet,
1054 3607 1142 3662 terra
1171 3597 1233 3662 ista
1257 3619 1391 3665 necesse
1406 3611 1455 3665 est
1472 3610 1508 3666 ut
1524 3601 1646 3667 habeat

288 3690 493 3760 scandalum.
508 3695 587 3760 Noli
612 3705 745 3780 portare
777 3707 954 3778 terrenum,
970 3710 1066 3783 porta
1096 3701 1283 3782 caelestem,
1306 3713 1339 3769 et
1366 3705 1558 3770 scandalum
1576 3727 1643 3770 non

287 3789 434 3862 habebis.
486 3849 489 3856 ,

332 3999 344 4037 1
359 3985 462 4039 Contuli
474 4001 530 4037 cum
543 4002 563 4054 χ
575 3993 592 4036 1.
609 3985 635 4036 11
649 3987 691 4038 iol.
706 3996 775 4051 2541,
790 3989 810 4037 F
822 3988 866 4038 sol.
883 4001 938 4050 111,
952 3991 1027 4042 Lsol.
1042 3993 1082 4054 60,
1096 3995 1121 4046 0
1132 3995 1176 4046 sol.
1190 4007 1234 4059 91'
1245 3999 1287 4059 (ei.
1297 4016 1373 4065 supra
1384 4017 1408 4066 p.
1423 3999 1490 4064 318).
1566 4009 1581 4062 7
1593 3999 1646 4063 ille]

293 4082 343 4118 om.
357 4084 385 4136 χ.
457 4069 571 4130 mertile]
583 4076 613 4118 111
623 4069 666 4118 ille
678 4069 730 4120 FL.
802 4082 832 4132 14
843 4067 889 4122 τὸν
900 4070 1024 4141 περισσὸν
1036 4070 1119 4127 τόπον
1130 4071 1363 4146 λέγειῙοοᾱὼοιη.
1373 4099 1402 4150 χ.
1469 4083 1643 4152 10111011.χ.

292 4159 322 4197 21
336 4149 539 4211 necesse1necesn
553 4151 582 4200 F.
683 4153 715 4202 Si
725 4167 815 4202 neeesse
825 4156 870 4219 est]
880 4159 902 4204 11
913 4171 979 4206 neces
988 4164 1025 4206 est
1032 4159 1061 4208 F.
1163 4163 1388 4232 151111]οιῃ.χῐ..
1490 4171 1603 4230 27111111
1613 4165 1647 4228 1.]

287 4229 330 4278 sed
336 4245 356 4280 c.
369 4245 397 4298 χ.

331 4399 357 4456 6.
372 4397 522 4476 designare
536 4401 656 4482 Iudam]
670 4401 715 4462 Cf.
729 4419 816 4480 supra
829 4401 941 4461 noted
1036 4425 1081 4465 22.
1097 4427 1163 4479 ergo
1176 4411 1281 4487 absque
1292 4415 1375 4490 culleo
1397 4411 1458 4495 etc]
1475 4413 1599 4477 Hieron.
1614 4415 1645 4476 in

289 4495 316 4553 p.
336 4481 433 4556 1951.
455 4501 499 4540 12.
993 4486 1021 4545 h.
1052 4489 1069 4547 l.
1101 4491 1193 4549 ‘Non
1222 4494 1306 4568 quod
1335 4512 1457 4556 necesse
1481 4495 1518 4556 sit
1545 4497 1646 4557 venire

329 4578 354 4634 9.
368 4554 512 4642 gentibus]
531 4583 542 4622 1
562 4564 630 4625 Cor.
651 4583 675 4638 1,
692 4585 737 4640 ²3·
993 4569 1143 4640 scandala.
1159 4571 1290 4648 alioquin
1306 4573 1371 4636 sine
1380 4578 1469 4654 culpa
1483 4587 1581 4638 essent
1592 4576 1644 4654 qui

332 4655 375 4716 17.
390 4641 528 4724 mdes]
545 4645 588 4712 lo.
609 4647 653 4716 18,
670 4649 716 4721 36.
992 4650 1165 4712 scandalum
1181 4653 1292 4716 iaciunt
1306 4658 1314 4686 ’
1328 4669 1383 4718 etc.

390 4723 425 4782 de
438 4723 557 4807 mundo]
573 4726 618 4786 Io.
637 4744 681 4804 15,
701 4747 743 4804 19.
1036 4734 1081 4791 26.
1092 4743 1183 4811 porra
1196 4735 1350 4820 caelestem]
1360 4741 1406 4802 Ci.
1423 4759 1434 4798 1
1449 4741 1519 4802 Cor.
1535 4759 1579 4818 15,
1596 4762 1643 4820 49.
