4112 5496
790 429 1079 496 rnnarnrro.
1562 393 1612 498 iii

246 653 351 760 tius
372 657 661 780 omnibus',
698 669 784 763 ut‘
813 699 977 794 neque
1016 655 1065 761 in
1093 655 1326 762 ultimum
1357 660 1614 766 amandari

250 821 453 903 tomum
473 840 565 936 pro
591 841 668 905 sur
657 798 889 937 digni
859 821 1111 935 epatra
1117 840 1210 903 ur
1188 799 1417 904 Huius
1434 801 1615 907 drscre
1669 815 1676 835 '

253 936 409 1043 tionis
436 981 641 1046 causam
669 982 813 1046 scrscr
819 962 926 1046 tant
930 981 943 1044 1
932 940 1238 1076 responde
1220 939 1397 1045 tidem
1422 942 1615 1047 Vallar-

254 1077 362 1184 sius
403 1080 453 1185 in
494 1081 870 1240 Admonitione
897 1123 1047 1239 quam
1084 1123 1133 1185 rn
1173 1082 1333 1187 lronte
1377 1083 1614 1188 Breviarii

255 1223 580 1376 praeposuit:
624 1223 861 1328 universo
902 1263 1040 1360 operr
1085 1222 1356 1358 ‘aliquam
1398 1223 1616 1330 subinde

257 1399 424 1467 messe
475 1363 866 1502 Hieronymiani
895 1363 1080 1468 laboris
1118 1387 1309 1500 partem
1356 1363 1454 1469 huc
1482 1363 1616 1470 illuc-

254 1543 358 1637 que
392 1503 687 1640 dispersam,
715 1546 845 1641 quae
883 1546 1061 1610 suase
1096 1505 1467 1641 propemodum
1507 1506 1617 1613 luce

256 1642 487 1779 prodat'

336 1785 399 1890 ln
426 1828 527 1923 qua
546 1810 745 1893 sentent
748 1789 795 1893 ia
814 1828 929 1893 curn
949 1828 1044 1925 ego
1061 1828 1265 1924 quoque
1286 1785 1371 1890 diu
1394 1787 1614 1912 fuissem,

257 1927 358 2030 hoc
408 1928 676 2035 tandem
666 1971 733 2034 rn
768 1950 936 2035 mente
984 1950 1087 2086 agit
1090 1969 1182 2050 avr,
1236 1969 1357 2033 num
1409 1955 1617 2066 possent

257 2067 431 2173 labore
474 2094 522 2175 et
572 2071 753 2229 sollert
722 2094 789 2175 tra
838 2094 946 2175 tuto
987 2069 1350 2228 internoscit
1302 2094 1350 2175 et
1398 2072 1463 2176 ab
1508 2072 1615 2178 aliis

255 2209 437 2346 seponi
463 2212 686 2350 genuina
712 2213 928 2318 clemen
910 2235 972 2334 a
1000 2253 1130 2349 quae
1161 2212 1210 2316 in
1244 2211 1494 2318 laciniosis
1522 2215 1616 2320 illis

253 2352 631 2458 commentariis
651 2354 894 2459 contineri
916 2353 1249 2491 peritissimus
1268 2354 1482 2491 quisque
1500 2397 1614 2460 con-

253 2491 402 2598 cedit
434 2495 541 2599 Res
562 2496 768 2632 quidem
788 2494 934 2601 valde
955 2495 1078 2599 mibi
1098 2495 1259 2601 arride
1263 2497 1366 2601 bat:
1331 2518 1498 2656 tnam
1523 2497 1613 2603 etsi

253 2633 572 2771 saepiuscule
616 2678 815 2742 ammus
861 2636 1101 2774 simplicis
1139 2636 1355 2776 diligens
1393 2639 1517 2744 verit
1519 2640 1613 2745 atis

253 2774 455 2883 fallaces
489 2801 538 2884 e
520 2779 761 2884 tlucos'as
806 2819 997 2884 merces
1035 2820 1062 2881 3
1099 2778 1373 2936 maioribus
1409 2781 1557 2886 tradit
1539 2803 1613 2920 tas

252 2915 422 3054 palam
450 2960 657 3058 arguere
684 2943 733 3024 et
758 2960 992 3057 respuere
1018 2919 1152 3057 cogit
1156 2960 1227 3042 ur,
1256 2942 1424 3078 tamen
1446 2913 1612 3058 partes

253 3057 381 3162 milri
398 3083 509 3196 part
491 3061 624 3166 tibus
644 3083 970 3198 comparantr,
922 3061 1224 3166 traedilicat
1207 3062 1326 3166 toris
1353 3063 1610 3199 opificium

250 3199 575 3307 demolientis
596 3224 671 3307 art
672 3245 699 3307 e
718 3243 833 3307 curn
855 3201 1131 3322 honestius
1151 3224 1258 3307 tum
1280 3203 1439 3308 multo
1460 3227 1508 3309 e
1514 3245 1609 3310 ram

250 3341 443 3480 gratius
468 3341 677 3448 videtur.

332 3481 576 3588 Libenter
623 3483 773 3621 igitur
822 3522 950 3619 opus
1004 3523 1285 3620 aggressus,
1338 3507 1606 3622 postquam

254 3622 414 3728 multa
457 3665 571 3729 cum
601 3623 841 3729 ementito
889 3622 1212 3761 Hieronymo
1243 3627 1609 3733 consuetudine

252 3764 573 3869 coniunctus
605 3805 730 3884 sum,
785 3765 835 3868 id
881 3764 1002 3868 milri
1054 3765 1259 3868 demum
1314 3807 1606 3902 persuasum

253 3903 421 4026 habui,
451 3905 658 4063 triplicis
700 3905 899 4043 generis
926 3905 1222 4010 elementa
1212 3948 1260 4010 rn
1296 3908 1605 4015 Breuiarium

249 4047 319 4154 ab
346 4087 407 4151 eo
427 4071 829 4152 consarcinatum
858 4046 1196 4204 confluxisse:

326 4197 375 4308 (a
380 4193 394 4314 )
445 4187 798 4326 Longissimas
843 4211 1007 4325 partes
1052 4189 1334 4294 orationum
1380 4234 1505 4327 quas
1550 4195 1602 4298 S

255 4327 611 4468 Hieronymus
638 4329 925 4466 repentinas
952 4329 1128 4434 habuit
1132 4331 1283 4450 ‚dum
1309 4333 1446 4437 Psalt
1429 4335 1607 4440 terium

244 4493 391 4579 iuxta
420 4470 757 4608 Septuaginta
801 4471 1039 4608 interpret
1043 4513 1110 4592 35,
1155 4472 1281 4577 sicut
1263 4475 1377 4578 trle
1404 4515 1457 4579 se
1502 4476 1608 4633 ipse

241 4610 404 4720 tradit
431 4611 647 4740 (Contra
687 4612 952 4717 Rullinum
986 4613 1039 4716 ll
1077 4653 1154 4746 24
1189 4653 1243 4717 2
1227 4627 1318 4744 )‚‘
1348 4638 1427 4719 cot
1411 4616 1568 4721 tidie
1557 4659 1607 4722 rn

238 4775 503 4864 conventu
531 4753 734 4860 fratrum
762 4754 1102 4861 edisserebat'
1108 4840 1116 4859 .
