4062 5504
500 374 578 480 196
929 389 1172 448 EMENDATA
1194 388 1249 447 ET
1270 388 1388 450 AUCT
1389 390 1425 448 A.

494 569 527 632 in
544 569 674 632 laevam
685 585 791 649 aeque
808 568 977 632 modicum
990 589 1120 633 rursum
1133 589 1218 650 pene
1235 569 1389 648 flectitur,
1401 579 1438 634 ut
1450 571 1493 634 sit
1506 571 1636 634 numeri
1653 580 1744 646 nota,
1756 573 1852 636 cuius

493 690 615 736 nomen
644 669 818 751 episimon.
838 672 875 734 ln
903 673 972 736 duo
998 682 1110 738 autem
1135 692 1237 756 opera
1261 674 1342 736 baec
1365 675 1438 738 sola
1461 683 1512 737 est
1535 676 1568 738 in
1594 685 1683 753 nota,
1698 675 1734 738 id
1750 686 1802 738 est
1817 677 1850 738 in

493 774 622 840 numeri
639 782 753 837 uotam
766 785 801 838 et
835 811 841 824 ·
859 797 884 842 x
901 808 908 820 ·
941 777 1053 858 graeci
1064 775 1252 841 dimidium.
1263 775 1458 842 Secundum
1469 779 1530 844 has
1546 778 1729 860 qualitates
1739 797 1853 861 supra·

493 880 620 945 dictum
637 879 790 943 describe
812 901 1077 965 monogramma.
1093 881 1174 948 Scio
1197 883 1363 965 quosdam
1387 883 1421 946 in
1445 883 1509 949 hoc
1526 883 1574 950 ita
1590 884 1701 967 posito
1717 885 1855 949 nomine

494 984 738 1049 nominativum
762 985 974 1063 contendere,
992 997 1025 1051 et
1047 1006 1168 1068 negare
1191 986 1377 1067 genitivum
1402 1007 1483 1062 esse,
1499 996 1536 1052 ut
1560 1008 1627 1053 non
1651 987 1779 1052 Christi
1795 989 1852 1051 sed
1887 995 1899 1045 5

494 1087 648 1154 Christus
664 1088 716 1165 sit,
732 1088 765 1152 id
783 1098 843 1166 est,
860 1109 983 1154 nomen
1002 1090 1125 1155 Christi
1142 1109 1307 1174 usurpans
1321 1111 1329 1168 ;
1352 1101 1385 1154 et
1401 1090 1570 1156 incassum
1587 1092 1753 1169 laborant,
1768 1101 1806 1157 ut
1821 1091 1852 1155 in

492 1193 621 1275 graecis
638 1191 757 1255 litteris
773 1194 918 1258 absurda
934 1194 1145 1277 permixtura
1168 1195 1306 1258 latinam
1331 1192 1476 1259 litteram
1495 1196 1666 1260 misceant.
1685 1195 1734 1260 Ut
1757 1197 1854 1260 iuxta

492 1315 550 1360 eos
574 1297 696 1375 dicam,
726 1297 803 1361 ideo
828 1298 892 1362 ista
920 1308 1000 1363 nota
1024 1299 1057 1362 in
1087 1317 1343 1380 monogramma
1369 1300 1476 1365 electa
1505 1309 1566 1378 est,
1599 1309 1635 1364 ut
1659 1309 1694 1365 et
1716 1319 1856 1364 numero

493 1411 526 1464 et
554 1401 681 1466 nomini
706 1401 910 1466 satisfaciat:
933 1423 1074 1467 numero
1104 1401 1276 1485 qualitate,
1302 1403 1430 1467 nomini
1455 1402 1568 1486 figura.
1594 1405 1695 1488 Quod
1727 1404 1856 1468 assimi-

493 1504 564 1570 lant
596 1504 763 1569 librariam
799 1502 881 1584 ·S·
917 1507 1067 1572 latinam.
1099 1507 1145 1570 Et
1176 1505 1220 1571 ob
1243 1507 1305 1570 hoc
1336 1505 1513 1585 affirmant,
1544 1518 1579 1573 ut
1612 1507 1856 1574 nominativum
1877 1532 1904 1567 10

492 1609 711 1686 contendant,
723 1609 802 1672 utin
820 1611 886 1673 isto
903 1629 1159 1693 monogramma
1176 1610 1305 1676 dicatur
1318 1610 1481 1690 Christus,
1497 1613 1530 1676 in
1548 1611 1732 1677 novissimo
1748 1614 1856 1676 nomi·

493 1712 545 1775 nis
562 1713 683 1775 simma
699 1723 851 1791 sonante,
866 1734 908 1777 eo
930 1714 1021 1799 quod
1046 1715 1158 1778 evenit
1182 1733 1268 1796 pene
1291 1714 1410 1778 similis
1426 1736 1498 1780 esse
1513 1718 1596 1780 haec
1613 1715 1743 1780 numeri
1768 1726 1856 1792 nota,

492 1826 527 1880 et
543 1814 656 1880 littera
676 1854 682 1867 ·
700 1813 733 1895 S
751 1849 757 1861 ·
777 1815 912 1881 libraria
928 1817 1056 1898 latina;
1079 1837 1157 1882 narn
1175 1817 1281 1883 altera
1297 1819 1486 1903 epistolaris
1501 1830 1560 1884 est.
1577 1819 1646 1886 Sed
1662 1819 1725 1884 hoc
1741 1821 1854 1885 dicen·

492 1930 543 1985 tes
559 1930 594 1984 et
611 1930 748 1986 sanctae
764 1923 949 2004 scripturae
965 1933 999 1987 et
1014 1942 1156 2006 graecae
1172 1933 1205 1987 et
1221 1922 1346 1988 latinae
1359 1924 1495 2005 linguae
1511 1926 1577 1988 vim
1595 1923 1721 1989 faciunt
1736 1947 1745 2004 ;
1769 1925 1856 2010 quia,

493 2024 556 2088 nisi
580 2023 685 2102 fallor,
709 2025 741 2089 in
766 2026 829 2090 hoc
853 2028 930 2092 loco
952 2037 1069 2093 sancta
1092 2028 1257 2110 scriptura
1281 2047 1421 2092 numero
1443 2029 1639 2112 nominique
1662 2037 1799 2094 tantum
1822 2041 1855 2094 et
1876 2053 1901 2104 ¹5

493 2129 604 2192 sensui
627 2129 830 2206 satisfacere,
846 2151 912 2195 non
935 2131 1077 2210 casibus,
1101 2140 1266 2215 procurat.
1292 2131 1387 2195 Haec
1411 2152 1491 2215 ergo
1507 2144 1588 2198 uota
1614 2142 1674 2211 est,
1698 2153 1766 2216 qua
1792 2132 1854 2197 sibi

493 2232 635 2297 inuicem
660 2235 872 2318 supradictae
895 2235 1043 2318 virgulae
1066 2236 1278 2320 copulantur,
1301 2245 1337 2300 ut
1360 2246 1394 2301 et
1417 2225 1593 2302 numerum
1617 2236 1809 2321 suppleant,
1822 2250 1854 2301 et

493 2356 607 2402 earum
624 2358 708 2402 crux
725 2347 860 2405 nostrae
876 2360 944 2404 non
962 2349 1049 2407 esset
1067 2339 1196 2405 similis.
1562 2321 1566 2339 ’
1713 2425 1715 2430 Ι

540 2441 631 2506 Dum
655 2444 698 2508 de
721 2445 857 2508 nomine
879 2452 913 2509 et
934 2454 1016 2509 nota
1031 2455 1214 2529 utcumque
1236 2444 1396 2524 diximus,
1412 2465 1500 2511 nunc
1516 2447 1560 2511 de
1575 2464 1725 2522 numero,
1741 2446 1770 2510 si
1787 2445 1852 2529 pla-

496 2555 559 2624 cet,
575 2547 719 2611 nominis
735 2547 896 2627 dicamus,
912 2558 949 2612 ut
971 2549 1014 2612 ad
1036 2567 1170 2613 sensum
1195 2557 1312 2633 postea
1336 2550 1421 2613 duce
1437 2548 1573 2614 Christo
1589 2569 1668 2614 vero
1683 2551 1852 2632 peruenia-
1871 2575 1899 2609 κο

497 2669 578 2715 mus.
596 2652 658 2714 Per
676 2688 684 2704 ·
701 2670 726 2716 κ
743 2685 750 2698 ·
769 2672 936 2735 graecum,
946 2654 1089 2737 primam
1107 2653 1206 2717 buius
1223 2653 1367 2717 nominis
1383 2652 1539 2732 litteram,
1549 2654 1701 2719 sexcenti
1715 2673 1850 2737 compu-

494 2763 618 2832 tantur,
634 2775 693 2837 per
711 2781 718 2797 ·
735 2755 749 2816 1
766 2777 772 2790 ·
792 2758 919 2836 decern,
935 2778 993 2841 per
1008 2768 1124 2823 notam
1141 2777 1298 2841 graecam
1326 2757 1491 2840 episimon
1507 2778 1579 2824 sex.
1597 2759 1642 2822 Et
1666 2768 1703 2824 ut
1727 2759 1852 2824 facilius

494 2879 533 2922 ac
545 2859 690 2925 breviter
699 2861 844 2943 accipias
854 2860 973 2927 harum
988 2860 1119 2981 figurqs,
1130 2872 1165 2928 et
1174 2862 1405 2944 superpositos
1416 2863 1557 2944 singulis
1570 2883 1727 2930 numeros
1739 2884 1849 2929 coram

494 2996 529 3052 te
555 2987 734 3071 inscriptos
761 2990 891 3054 videbis
933 2991 1033 3054 -chi·
1082 3010 1108 3053 x
1157 2990 1250 3055 -iota
1271 3021 1278 3034 ·
1299 3014 1307 3049 ι
1327 3027 1335 3040 ·
1357 2990 1547 3071 episimon·
1597 2991 1685 3089 qn
1709 3005 1852 3080 suntque

513 3106 678 3156 ·1)CXV1·

540 3980 737 4072 Victorinus
753 4019 867 4073 autem
880 4029 924 4072 ex
938 4007 1043 4073 altero
1057 3952 1244 4095 exenlplari
1258 4014 1347 4078 alind
1362 4013 1487 4096 profert
1502 4035 1635 4092 nomen,
1651 4019 1744 4100 quod
1758 4019 1851 4084 iuxta

531 4200 552 4237 1.
568 4189 643 4252 pene]
656 4189 776 4255 M3plenl
789 4191 824 4239 H.
926 4201 950 4253 3.
969 4197 993 4239 et
1009 4215 1015 4226 ·
1034 4191 1064 4239 X
1079 4221 1084 4233 ·
1098 4195 1194 4256 graeci]
1215 4203 1239 4243 et
1254 4220 1264 4236 ·
1281 4211 1299 4258 ς
1316 4225 1324 4240 ·
1336 4197 1459 4258 graecr'M
1472 4197 1604 4247 mendose.
1705 4208 1728 4258 7.
1748 4199 1855 4248 absurda

493 4271 668 4334 permixtum]
685 4273 760 4322 Conf.
777 4271 884 4323 Hieron.
905 4271 987 4337 Epist.
1001 4281 1042 4336 73,
1062 4289 1086 4322 n.
1102 4283 1133 4335 7:
1153 4278 1236 4340 ‘quod
1249 4279 1387 4328 absurdum
1399 4294 1464 4339 esse,
1477 4277 1625 4343 peregrinae
1637 4278 1855 4343 linguaemisture

496 4353 684 4404 demonstrat’
782 4368 805 4415 9.
828 4355 1064 4418 Quodasstmitanr]
1074 4357 1241 4417 MH,vereor
1251 4367 1277 4409 ut
1287 4367 1363 4409 recte.
1443 4373 1478 4409 ιο.
1494 4356 1806 4423 Efoblroc1M;thocob
1818 4365 1850 4412 ff.

500 4449 535 4496 ¹4·
555 4435 734 4500 vinrsacr'unt]
750 4437 859 4488 Dicendi
877 4437 976 4498 modus,
988 4453 1039 4502 quo
1059 4438 1263 4504 frequentissime
1281 4441 1385 4502 Noster,
1408 4442 1542 4506 praecipue
1558 4458 1618 4492 vero
1638 4442 1664 4492 in
1684 4443 1851 4502 Tractatibns,

495 4518 583 4568 utitur.
686 4520 722 4569 16.
732 4521 955 4582 sensuilfflsensu
966 4521 1002 4568 M.
1103 4523 1426 4584 casibur]H;sensr‘burM.
1527 4532 1586 4574 nota
1596 4525 1642 4587 est]
1655 4525 1739 4583 Mure
1749 4527 1849 4576 natali.

498 4611 534 4660 ¹7·
553 4601 700 4664 nunurum]
713 4601 742 4650 r'd
750 4609 785 4650 est
798 4607 827 4644 V!
837 4603 896 4652 add.
914 4603 940 4652 H
952 4618 1006 4668 sup.
1021 4602 1067 4651 lin.
1169 4617 1207 4654 22.
1225 4613 1273 4669 per
1283 4606 1378 4668 notam]
1391 4607 1417 4656 H
1427 4621 1477 4656 om.
1488 4614 1541 4671 per.
1645 4619 1684 4670 24·
1704 4606 1738 4669 te]
1749 4623 1798 4658 om.
1815 4609 1848 4658 H.
