4060 5498
495 363 549 468 78
875 383 903 440 s
936 381 1190 441 utunouvnr
1221 381 1487 438 szssvvsxr

496 580 598 642 modo
613 580 646 643 in
666 581 827 647 foramine
854 583 983 665 positus
999 583 1123 647 vidisse
1138 582 1260 646 dicitur
1283 583 1467 664 posteriora
1494 581 1633 645 Domini
1657 579 1840 646 Salvatoris.

496 681 531 745 Si
550 692 644 763 petra
661 685 897 769 interpretatus
913 695 964 749 est
983 687 1149 750 Dominus
1173 697 1275 768 atque
1299 684 1498 750 Salvator...
1525 685 1700 751 ‘Christus
1727 696 1839 758 autern,

495 785 542 848 ait
558 789 740 869 apostolus,
753 800 824 854 erat
841 801 936 872 petra
946 791 962 854 '.
981 791 1126 872 Quando
1143 790 1231 853 enim
1250 792 1282 852 in
1301 788 1464 853 toramine
1481 799 1595 870 petrae
1612 789 1777 872 ponimur,
1789 809 1840 870 per

495 909 628 953 carnem
645 895 824 975 aspicimus
843 896 963 958 Deum.
994 895 1067 958 Hoc
1096 905 1204 957 totum
1229 913 1332 976 quare
1359 893 1457 956 dixi?
1484 892 1572 975 Quia
1596 904 1628 956 et
1652 903 1837 975 sequentem

496 993 695 1059 versiculum
721 998 838 1061 eadem
863 998 1077 1079 expositione
1102 996 1377 1078 complectimur:
1402 998 1538 1062 indutus
1562 1006 1613 1059 est
1630 995 1838 1077 pulchritudi·
1872 1017 1882 1066 3

496 1116 583 1173 nem,
598 1112 631 1162 et
648 1101 838 1180 praecinxit
853 1123 898 1165 se.
915 1101 1097 1183 Quomodo
1124 1121 1182 1184 per
1209 1101 1358 1165 foramen
1387 1113 1502 1182 petrae
1527 1102 1659 1166 videtur
1685 1103 1840 1166 Dominus

495 1211 596 1283 atque
612 1202 778 1282 Salvator,
793 1209 840 1268 ita
856 1215 890 1268 et
907 1225 965 1287 per
980 1207 1151 1287 cingulum
1170 1206 1327 1269 maiestas
1344 1205 1413 1267 eius
1429 1207 1643 1287 conspicitur.

538 1305 671 1369 Etenim
678 1308 838 1390 firmavit
852 1311 957 1373 orbem
974 1321 1079 1373 terrae
1093 1311 1153 1391 qui
1166 1331 1228 1372 non
1243 1309 1499 1373 commovebitur.
1521 1310 1557 1374 Si
1581 1311 1668 1373 hunc
1686 1311 1839 1372 mundum

495 1410 721 1494 intellegimus
747 1417 793 1478 ita
819 1435 839 1478 a
865 1415 940 1478 Deo
964 1435 1037 1477 esse
1065 1413 1243 1490 firmatum,
1268 1425 1302 1477 ut
1329 1416 1421 1477 nulla
1444 1434 1604 1496 umquam
1621 1415 1840 1478 commotione

495 1515 655 1591 turbetur,
670 1519 843 1600 quomodo
860 1519 938 1582 alibi
956 1519 1077 1582 dicitur
1103 1517 1261 1583 ‘Caelum
1291 1527 1323 1582 et
1347 1527 1435 1581 terra
1451 1517 1683 1582 transibunt’?
1703 1517 1800 1600 Quod
1816 1516 1839 1578 si
1859 1539 1882 1574 ιω

494 1619 623 1683 caelum
642 1631 674 1684 et
691 1632 777 1686 terra
794 1624 992 1701 transibunt,
1007 1624 1180 1706 quomodo
1197 1624 1250 1686 hic
1266 1624 1396 1701 dicitur,
1425 1622 1587 1686 Firmavit
1610 1621 1726 1686 orbem
1743 1633 1841 1684 terrae

494 1723 628 1804 quinon
642 1729 934 1791 commovebitur?
947 1725 1161 1816 Οἰκουμένηίη
1176 1729 1241 1791 isto
1254 1726 1337 1805 loco,
1348 1728 1438 1810 quod
1452 1729 1485 1790 in
1503 1728 1617 1810 lingua
1629 1737 1743 1790 nostra
1756 1727 1839 1789 habi-

496 1841 566 1894 tata
583 1833 827 1914 interpretatur,
845 1838 924 1898 mihi
942 1839 1082 1900 ecclesia
1098 1857 1170 1898 esse
1188 1837 1327 1912 videtur,
1340 1838 1458 1918 dequa
1469 1837 1589 1899 dicitur
1602 1836 1634 1898 in
1652 1834 1838 1916 evangelio:

494 1935 591 2017 ‘Ego
607 1947 639 2001 et
657 1940 756 2002 Pater
772 1961 865 2004 meus
882 1942 1061 2016 veniemus,
1078 1951 1111 2004 et
1129 1941 1337 2003 mansionem
1349 1941 1438 2023 apud
1451 1959 1526 2002 eum
1540 1939 1699 2002 iaciemus
1713 1941 1728 2002 ’.
1746 1941 1839 2001 Recte

496 2058 578 2119 ergo
603 2041 725 2105 dicitur
747 2045 920 2120 habitatio,
947 2065 1032 2127 quae
1060 2047 1161 2108 habet
1189 2045 1413 2108 habitatorem
1443 2047 1575 2108 Patrem
1603 2054 1637 2108 et
1664 2043 1784 2106 Filium
1810 2056 1839 2104 et
1859 2059 1880 2110 ¹3

497 2142 658 2224 Spiritum
676 2159 839 2215 sanctum.
856 2149 956 2232 Quod
974 2169 1055 2230 ergo
1071 2151 1113 2212 de
1129 2149 1290 2224 habitata,
1306 2150 1369 2211 hoc
1386 2160 1445 2224 est,
1471 2148 1513 2211 de
1538 2148 1618 2211 orbe
1635 2160 1794 2210 terrarum
1810 2149 1838 2208 in

495 2258 667 2312 aeternum
686 2250 819 2316 firmato
835 2255 1074 2332 intelleximus,
1091 2253 1324 2334 intellegamus
1341 2262 1373 2315 et
1388 2254 1431 2315 de
1447 2254 1560 2316 anima
1574 2261 1695 2315 nostra.
1710 2252 1746 2315 Si
1758 2253 1840 2314 enim

495 2350 658 2416 habemus
685 2354 907 2420 habitatorem
938 2359 1071 2420 Patrem
1100 2365 1133 2418 et
1161 2357 1282 2420 Filium
1312 2365 1344 2419 et
1372 2356 1535 2437 Spiritum
1563 2367 1730 2433 sanctum,
1763 2368 1842 2420 terra

496 2465 609 2518 nostra
626 2457 658 2520 in
676 2468 848 2523 aeternum
867 2479 932 2526 non
951 2461 1225 2526 commovebitur.

542 2561 678 2624 Dictum
696 2573 747 2626 est
762 2565 804 2628 de
821 2586 926 2647 regno
944 2567 1081 2630 Domini
1099 2565 1191 2629 etde
1213 2566 1333 2629 decore
1349 2565 1540 2628 vestimenti
1557 2565 1637 2644 eius,
1653 2569 1780 2632 dictum
1799 2575 1844 2628 est
1860 2587 1886 2621 2³

495 2665 537 2728 de
554 2663 759 2744 fortitudine,
776 2669 902 2733 dictum
920 2671 961 2732 de
977 2669 1058 2732 orbe
1074 2670 1130 2751 qui
1149 2689 1213 2733 non
1232 2668 1517 2732 commovebitur:
1552 2690 1641 2734 nunc
1668 2671 1844 2754 prophetae

495 2770 665 2854 adipsum
685 2773 868 2836 Dominum
897 2783 1092 2856 regnantem
1118 2782 1152 2835 ct
1179 2784 1352 2836 tonantem
1380 2793 1490 2836 sermo
1514 2773 1678 2855 dirigitur.
1702 2775 1747 2838 Et
1770 2773 1844 2856 quid

495 2875 602 2939 dicit?
618 2877 749 2939 Parata
764 2880 853 2942 sedes
870 2889 935 2954 tua,
951 2899 991 2939 ex
1004 2889 1081 2940 tum
1094 2899 1115 2940 a
1130 2878 1254 2941 saeculo
1273 2887 1308 2940 tu
1331 2899 1371 2940 es.
1391 2879 1466 2942 Hoc
1484 2878 1574 2959 quod
1592 2879 1691 2955 dixit,
1710 2880 1844 2942 lndutus

495 2990 546 3042 est
563 2979 793 3045 fortitudinem
810 2992 843 3046 et
861 2981 1050 3064 praecinxit
1072 3002 1116 3058 se,
1144 2983 1186 3045 de
1213 2982 1321 3044 carnis
1338 2983 1466 3046 vilitate
1484 2983 1679 3046 descendit:
1704 2994 1842 3046 ceterum

496 3105 635 3167 regnum
653 3097 748 3150 tuum
766 3106 900 3168 semper
918 3085 987 3149 tuit.
1006 3086 1125 3148 Parata
1142 3086 1238 3148 sedes
1255 3095 1332 3148 tna:
1359 3095 1475 3166 parata
1502 3106 1643 3166 semper,
1667 3105 1843 3168 numquam
1862 3111 1885 3159 25

495 3189 667 3272 incipiens.
687 3191 741 3252 Ex
759 3189 909 3253 tunc.Ex
922 3189 1077 3271 quando?
1090 3209 1133 3251 ex
1146 3209 1213 3270 quo
1226 3194 1395 3270 tempore?
1410 3189 1487 3253 Non
1500 3189 1602 3254 habet
1612 3188 1846 3264 definitionem,

529 3354 543 3404 3
550 3339 686 3407 partiretur]
693 3343 802 3406 porritur
814 3343 843 3400 Ε,
858 3341 883 3391 in
904 3359 954 3406 quo
974 3359 998 3390 m
1020 3350 1044 3391 et
1064 3350 1075 3389 t
1094 3341 1213 3392 conlundi
1234 3357 1285 3391 non
1303 3344 1382 3392 semel
1401 3342 1578 3395 animadverti.
1679 3343 1848 3409 exequentem]

497 3425 668 3488 insequentem
685 3425 722 3473 M.
823 3434 837 3487 5
852 3425 1083 3488 pericieitudinem]
1104 3423 1144 3471 Ita
1162 3432 1282 3486 quattuor
1301 3424 1377 3473 codd.
1478 3423 1494 3471 6
1502 3424 1684 3490 perforamen]
1705 3429 1786 3478 Vom.
1798 3435 1846 3492 per.

496 3506 725 3568 yerear'estas1corr.
741 3523 771 3555 ex
783 3507 922 3554 nraiestalis
934 3507 966 3556 O.
1052 3504 1176 3565 eires]om.
1192 3507 1229 3554 M.
1314 3504 1431 3565 9aDeo]
1450 3505 1471 3554 L
1488 3523 1537 3554 om.
1559 3523 1581 3556 a.
1667 3509 1751 3570 trulla]
1763 3509 1808 3558 ille
1821 3509 1846 3558 L.

499 3601 572 3653 losq.
580 3590 653 3650 Quod
657 3588 870 3648 rr'...transibunt]
878 3605 928 3638 orn.
941 3589 967 3636 M
978 3588 1096 3652 obrepet.
1109 3587 1262 3634 rransilunr.
1306 3600 1331 3635 11
1344 3583 1393 3644 hir]
1405 3587 1454 3635 LM
1465 3606 1472 3647 3
1483 3604 1551 3636 rrum
1560 3590 1616 3638 OV.
1655 3604 1684 3638 12
1697 3585 1848 3654 Oixoups'vn]

496 3670 584 3734 scripsi
597 3689 604 3729 ;
618 3671 833 3720 DlKOllMllNllN
846 3671 902 3719 cod.
920 3671 941 3717 L
953 3687 959 3727 ;
973 3669 1164 3719 llllOl'llEh'EN
1180 3669 1258 3716 Marc.
1275 3677 1298 3717 et
1312 3669 1394 3717 Vatic.
1495 3671 1524 3718 r're
1537 3671 1593 3732 isto]
1607 3672 1657 3720 LM
1671 3689 1678 3730 ;
1691 3673 1739 3721 OV
1751 3690 1799 3722 om.
1813 3675 1845 3719 ier.

498 3768 527 3815 14
540 3759 618 3821 viteres]
628 3755 680 3803 LM
693 3771 699 3813 ;
710 3771 759 3804 om.
772 3755 828 3804 OV.
898 3751 1062 3810 retentionem]
1075 3754 1204 3800 recensione
1217 3753 1272 3801 OV.
1345 3763 1373 3814 15
1385 3753 1516 3814 habitatio]
1528 3753 1660 3803 Llortasse
1669 3771 1716 3818 pro
1725 3755 1848 3809 haberem

496 3837 650 3886 e'rrleabr'tntr'o
663 3837 751 3886 MOV.
856 3849 884 3896 17
889 3834 1008 3900 firmato]
1011 3836 1121 3898 firmam
1136 3835 1164 3882 L.
1242 3848 1274 3882 20
1287 3830 1466 3892 Deretini]Der'
1478 3835 1507 3883 1..
1583 3836 1611 3884 de
1619 3835 1712 3897 decore]
1725 3837 1775 3886 LM
1787 3838 1849 3895 ;0t·

495 3935 545 3969 om.
559 3920 596 3968 de.
664 3916 818 3977 dictumest]
832 3920 858 3966 M
873 3935 923 3967 orn.
937 3927 980 3966 est.
1050 3929 1077 3966 21
1092 3916 1260 3976 dictrrm]LM
1275 3916 1340 3975 ;OV
1350 3917 1407 3965 add.
1420 3923 1462 3965 est.
1537 3918 1683 3982 prophelae]
1692 3922 1809 3984 propheta
1820 3921 1846 3974 L.

496 4015 527 4066 23
539 3999 611 4060 dicit]
623 4001 720 4050 dicitur
733 4002 770 4050 M.
871 3998 927 4058 tua]
948 4000 1018 4049 LOV
1038 4000 1098 4050 add.
1121 4000 1191 4048 Deus
1202 4016 1232 4048 ex
1246 3999 1320 4047 Rom.
1338 3999 1406 4048 Psalt
1418 4015 1424 4057 ;
1435 4015 1513 4062 quant
1526 4015 1612 4050 vocem
1625 4017 1708 4066 neque
1721 4003 1759 4063 M,
1772 4017 1848 4066 neque

495 4097 608 4146 graecus,
622 4098 703 4146 neque
723 4081 794 4131 hebr.
817 4089 968 4146 agnoscunt.
1068 4097 1098 4130 ex
1118 4087 1178 4130 tunc
1196 4095 1213 4127 a
1228 4078 1334 4139 saecuto]
1347 4081 1387 4128 lta
1398 4081 1517 4144 coniung.
1533 4081 1570 4130 L:
1584 4083 1615 4132 cl.
1630 4099 1688 4147 pag.
1702 4101 1756 4148 seq.
1771 4085 1812 4132 lin.
1825 4097 1846 4141 4.

495 4161 570 4230 quod]
581 4166 630 4213 LM
644 4165 780 4222 ;om.OV.
850 4178 881 4224 24
891 4161 999 4221 vilitate]
1010 4162 1238 4222 utilitateM,Oin
1249 4171 1329 4212 textu.
1400 4163 1430 4210 26
1440 4163 1484 4211 Ex
1495 4165 1692 4228 quande]L;et
1702 4167 1801 4231 quamie
1812 4167 1846 4223 M,

495 4255 518 4296 et
530 4255 619 4312 postea
631 4249 717 4298 deleto
729 4249 753 4298 Ο
763 4266 769 4308 5
781 4247 882 4313 quando
894 4247 925 4297 V.
994 4263 1025 4294 ex
1036 4243 1150 4311 quo]th
1165 4263 1172 4304 ;
1185 4254 1208 4293 et
1219 4261 1266 4310 qne
1278 4244 1334 4293 OV.
1402 4244 1584 4306 definitionem]
1594 4247 1675 4312 diffie.
1690 4249 1746 4297 OV.

539 4385 563 4440 3.
584 4363 682 4446 petra]
709 4386 720 4422 1
739 4367 807 4426 Cor.
829 4386 872 4438 10,
888 4386 914 4439 4.
1201 4366 1442 4441 Ps.XCV.138,2
1448 4384 1464 4440 3
1477 4370 1484 4397 ‘
1496 4367 1658 4435 Οἰκουμένην
1675 4365 1704 4424 in
1720 4385 1778 4442 qua
1788 4366 1847 4442 ipse

543 4468 583 4508 ιο.
610 4444 790 4527 transibunt]
808 4448 914 4506 Matth.
935 4468 979 4519 ²4·
999 4465 1043 4524 35.
1200 4444 1335 4520 habitat;
1349 4466 1517 4508 oecumene
1528 4448 1608 4508 enim
1625 4448 1732 4507 melius
1746 4465 1846 4525 graece

541 4551 585 4602 14.
601 4527 755 4610 faciemus]
774 4534 816 4589 Io.
834 4549 878 4602 14,
897 4550 943 4604 ²3·
1199 4529 1308 4588 dicitur
1330 4547 1420 4605 quam
1442 4530 1573 4590 latine...
1602 4529 1632 4588 in
1654 4549 1715 4606 qua
1737 4529 1846 4591 habitet

542 4615 585 4670 16.
608 4621 635 4669 et
651 4613 796 4686 Spr'ritum
817 4609 962 4692 sanctum]
985 4613 1083 4670 'l'ract
1108 4612 1147 4670 de
1201 4613 1286 4670 Pater
1302 4625 1330 4670 et
1349 4611 1439 4670 Fnius
1454 4624 1483 4672 et
1499 4611 1624 4689 Spiritus
1639 4612 1786 4672 sanctus'.
