<?xml version="1.0" encoding="UTF-8"?>
<!DOCTYPE html PUBLIC "-//W3C//DTD XHTML 1.0 Transitional//EN"
    "http://www.w3.org/TR/xhtml1/DTD/xhtml1-transitional.dtd">
<html xmlns="http://www.w3.org/1999/xhtml" xml:lang="en" lang="en">
 <head>
  <title>
</title>
<meta http-equiv="Content-Type" content="text/html;charset=utf-8" />
  <meta name='ocr-system' content='tesseract 3.04.00' />
  <meta name='ocr-capabilities' content='ocr_page ocr_carea ocr_par ocr_line ocrx_word'/>
</head>
<body>
  <div class='ocr_page' id='page_1' title='image "./commentarioliin00morigoog/commentarioliin00morigoog_0758.png"; bbox 0 0 4062 5504; ppageno 0'>
   <div class='ocr_carea' id='block_1_1' title="bbox 500 447 1581 536">
    <p class='ocr_par' dir='ltr' id='par_1_1' title="bbox 500 447 1581 536">
     <span class='ocr_line' id='line_1_1' title="bbox 500 447 1581 536; baseline 0.002 -28"><span class='ocrx_word' id='word_1_1' title='bbox 500 447 911 510; x_wconf 83' lang='lat' dir='ltr'>EXPOSITIUNCULAE</span> <span class='ocrx_word' id='word_1_2' title='bbox 936 451 981 509; x_wconf 95' lang='lat' dir='ltr'><em>1N</em></span> <span class='ocrx_word' id='word_1_3' title='bbox 1005 447 1304 508; x_wconf 84' lang='lat' dir='ltr'>EVANGELIUM.</span> <span class='ocrx_word' id='word_1_4' title='bbox 1508 453 1581 536; x_wconf 83' lang='lat'><em>147</em></span> 
     </span>
    </p>
   </div>
   <div class='ocr_carea' id='block_1_2' title="bbox 178 645 1585 1354">
    <p class='ocr_par' dir='ltr' id='par_1_2' title="bbox 218 645 1585 1040">
     <span class='ocr_line' id='line_1_2' title="bbox 221 645 1585 728; baseline -0.002 -18"><span class='ocrx_word' id='word_1_5' title='bbox 221 646 280 710; x_wconf 83' lang='lat' dir='ltr'><em>bat</em></span> <span class='ocrx_word' id='word_1_6' title='bbox 288 646 400 710; x_wconf 86' lang='lat' dir='ltr'><em>eadem</em></span> <span class='ocrx_word' id='word_1_7' title='bbox 416 647 482 722; x_wconf 83' lang='lat' dir='ltr'><em>ur&#39;er,</em></span> <span class='ocrx_word' id='word_1_8' title='bbox 496 655 614 709; x_wconf 90' lang='lat' dir='ltr'><em>etcum</em></span> <span class='ocrx_word' id='word_1_9' title='bbox 624 645 762 710; x_wconf 83' lang='lat' dir='ltr'><em>uidisset</em></span> <span class='ocrx_word' id='word_1_10' title='bbox 772 667 855 724; x_wconf 90' lang='lat' dir='ltr'><em>eum,</em></span> <span class='ocrx_word' id='word_1_11' title='bbox 862 645 1021 728; x_wconf 79' lang='lat' dir='ltr'><em>preteriit.</em></span> <span class='ocrx_word' id='word_1_12' title='bbox 1033 645 1062 710; x_wconf 87' lang='lat' dir='ltr'><em>S</em></span> <span class='ocrx_word' id='word_1_13' title='bbox 1062 647 1203 712; x_wconf 88' lang='lat' dir='ltr'><em>imiliter</em></span> <span class='ocrx_word' id='word_1_14' title='bbox 1208 659 1240 711; x_wconf 89' lang='lat' dir='ltr'><em>ct</em></span> <span class='ocrx_word' id='word_1_15' title='bbox 1249 647 1351 711; x_wconf 86' lang='lat' dir='ltr'><em>levita</em></span> <span class='ocrx_word' id='word_1_16' title='bbox 1365 667 1438 708; x_wconf 88' lang='lat' dir='ltr'><em>curn</em></span> <span class='ocrx_word' id='word_1_17' title='bbox 1449 645 1585 708; x_wconf 85' lang='lat' dir='ltr'><em>vidisset</em></span> 
     </span>
     <span class='ocr_line' id='line_1_3' title="bbox 221 749 1584 832; baseline -0.001 -20"><span class='ocrx_word' id='word_1_18' title='bbox 221 750 329 829; x_wconf 86' lang='lat' dir='ltr'><em>illum,</em></span> <span class='ocrx_word' id='word_1_19' title='bbox 352 749 558 831; x_wconf 80' lang='lat' dir='ltr'><em>pertransiit.</em></span> <span class='ocrx_word' id='word_1_20' title='bbox 585 749 825 816; x_wconf 84' lang='lat' dir='ltr'><em>Samaritanus</em></span> <span class='ocrx_word' id='word_1_21' title='bbox 851 761 961 813; x_wconf 90' lang='lat' dir='ltr'><em>autem</em></span> <span class='ocrx_word' id='word_1_22' title='bbox 987 751 1123 832; x_wconf 87' lang='lat' dir='ltr'><em>quidam</em></span> <span class='ocrx_word' id='word_1_23' title='bbox 1150 751 1359 831; x_wconf 86' lang='lat' dir='ltr'><em>iterfaciens</em></span> <span class='ocrx_word' id='word_1_24' title='bbox 1385 750 1474 812; x_wconf 85' lang='lat' dir='ltr'><em>uenit</em></span> <span class='ocrx_word' id='word_1_25' title='bbox 1495 770 1584 811; x_wconf 91' lang='lat' dir='ltr'><em>secus</em></span> 
     </span>
     <span class='ocr_line' id='line_1_4' title="bbox 220 851 1583 935; baseline -0.002 -18"><span class='ocrx_word' id='word_1_26' title='bbox 220 855 326 918; x_wconf 89' lang='lat' dir='ltr'><em>illum.</em></span> <span class='ocrx_word' id='word_1_27' title='bbox 347 853 449 932; x_wconf 85' lang='lat' dir='ltr'><em>Quem</em></span> <span class='ocrx_word' id='word_1_28' title='bbox 466 863 504 916; x_wconf 90' lang='lat' dir='ltr'><em>nt</em></span> <span class='ocrx_word' id='word_1_29' title='bbox 518 852 612 928; x_wconf 83' lang='lat' dir='ltr'><em>uidit,</em></span> <span class='ocrx_word' id='word_1_30' title='bbox 629 853 853 918; x_wconf 80' lang='lat' dir='ltr'><em>misericordia</em></span> <span class='ocrx_word' id='word_1_31' title='bbox 871 864 977 916; x_wconf 90' lang='lat' dir='ltr'><em>motus</em></span> <span class='ocrx_word' id='word_1_32' title='bbox 991 863 1046 930; x_wconf 79' lang='lat' dir='ltr'><em>est,</em></span> <span class='ocrx_word' id='word_1_33' title='bbox 1060 865 1092 917; x_wconf 92' lang='lat' dir='ltr'><em>et</em></span> <span class='ocrx_word' id='word_1_34' title='bbox 1106 855 1256 918; x_wconf 89' lang='lat' dir='ltr'><em>accedens</em></span> <span class='ocrx_word' id='word_1_35' title='bbox 1275 854 1432 935; x_wconf 78' lang='lat' dir='ltr'><em>alligauit</em></span> <span class='ocrx_word' id='word_1_36' title='bbox 1446 851 1583 915; x_wconf 84' lang='lat' dir='ltr'><em>uulnera</em></span> 
     </span>
     <span class='ocr_line' id='line_1_5' title="bbox 218 957 1583 1040; baseline -0.003 -18"><span class='ocrx_word' id='word_1_37' title='bbox 218 959 300 1031; x_wconf 83' lang='lat' dir='ltr'><em>eius,</em></span> <span class='ocrx_word' id='word_1_38' title='bbox 318 957 497 1040; x_wconf 86' lang='lat' dir='ltr'><em>infundens</em></span> <span class='ocrx_word' id='word_1_39' title='bbox 512 958 614 1020; x_wconf 88' lang='lat' dir='ltr'><em>oleum</em></span> <span class='ocrx_word' id='word_1_40' title='bbox 630 967 662 1020; x_wconf 87' lang='lat' dir='ltr'><em>et</em></span> <span class='ocrx_word' id='word_1_41' title='bbox 676 957 801 1021; x_wconf 85' lang='lat' dir='ltr'><em>virtum.</em></span> <span class='ocrx_word' id='word_1_42' title='bbox 817 957 865 1020; x_wconf 91' lang='lat' dir='ltr'><em>Et</em></span> <span class='ocrx_word' id='word_1_43' title='bbox 880 957 1022 1038; x_wconf 81' lang='lat' dir='ltr'><em>inposuit</em></span> <span class='ocrx_word' id='word_1_44' title='bbox 1042 959 1137 1021; x_wconf 91' lang='lat' dir='ltr'><em>illum</em></span> <span class='ocrx_word' id='word_1_45' title='bbox 1157 968 1256 1039; x_wconf 89' lang='lat' dir='ltr'><em>super</em></span> <span class='ocrx_word' id='word_1_46' title='bbox 1276 959 1455 1021; x_wconf 84' lang='lat' dir='ltr'><em>inruentum</em></span> <span class='ocrx_word' id='word_1_47' title='bbox 1476 978 1583 1032; x_wconf 85' lang='lat' dir='ltr'><em>srcurcr,</em></span> 
     </span>
    </p>

    <p class='ocr_par' dir='ltr' id='par_1_3' title="bbox 178 1060 1581 1354">
     <span class='ocr_line' id='line_1_6' title="bbox 178 1060 1581 1144; baseline -0.003 -18"><span class='ocrx_word' id='word_1_48' title='bbox 178 1090 195 1142; x_wconf 78' lang='grc' dir='ltr'><em>ς</em></span> <span class='ocrx_word' id='word_1_49' title='bbox 218 1074 252 1128; x_wconf 88' lang='lat' dir='ltr'><em>et</em></span> <span class='ocrx_word' id='word_1_50' title='bbox 266 1063 362 1126; x_wconf 80' lang='lat' dir='ltr'><em>duxit</em></span> <span class='ocrx_word' id='word_1_51' title='bbox 375 1062 424 1125; x_wconf 88' lang='lat' dir='ltr'><em>ad</em></span> <span class='ocrx_word' id='word_1_52' title='bbox 435 1061 609 1138; x_wconf 85' lang='lat' dir='ltr'><em>stabulum,</em></span> <span class='ocrx_word' id='word_1_53' title='bbox 625 1071 657 1124; x_wconf 91' lang='lat' dir='ltr'><em>ct</em></span> <span class='ocrx_word' id='word_1_54' title='bbox 669 1083 783 1126; x_wconf 90' lang='lat' dir='ltr'><em>curam</em></span> <span class='ocrx_word' id='word_1_55' title='bbox 793 1062 848 1125; x_wconf 89' lang='lat' dir='ltr'><em>illi</em></span> <span class='ocrx_word' id='word_1_56' title='bbox 861 1060 1020 1127; x_wconf 85' lang='lat' dir='ltr'><em>adlribuit.</em></span> <span class='ocrx_word' id='word_1_57' title='bbox 1037 1062 1085 1125; x_wconf 89' lang='lat' dir='ltr'><em>Et</em></span> <span class='ocrx_word' id='word_1_58' title='bbox 1094 1063 1164 1126; x_wconf 86' lang='lat' dir='ltr'><em>ulia</em></span> <span class='ocrx_word' id='word_1_59' title='bbox 1179 1063 1231 1126; x_wconf 90' lang='lat' dir='ltr'><em>die</em></span> <span class='ocrx_word' id='word_1_60' title='bbox 1235 1063 1379 1144; x_wconf 87' lang='lat' dir='ltr'><em>protulit</em></span> <span class='ocrx_word' id='word_1_61' title='bbox 1389 1062 1470 1124; x_wconf 85' lang='lat' dir='ltr'><em>dnos</em></span> <span class='ocrx_word' id='word_1_62' title='bbox 1484 1060 1581 1123; x_wconf 86' lang='lat' dir='ltr'><em>deua-</em></span> 
     </span>
     <span class='ocr_line' id='line_1_7' title="bbox 220 1164 1580 1248; baseline -0.003 -18"><span class='ocrx_word' id='word_1_63' title='bbox 220 1167 298 1244; x_wconf 90' lang='lat' dir='ltr'><em>rios,</em></span> <span class='ocrx_word' id='word_1_64' title='bbox 312 1176 344 1229; x_wconf 91' lang='lat' dir='ltr'><em>et</em></span> <span class='ocrx_word' id='word_1_65' title='bbox 356 1166 445 1229; x_wconf 59' lang='lat' dir='ltr'><em>drmit</em></span> <span class='ocrx_word' id='word_1_66' title='bbox 455 1164 644 1242; x_wconf 83' lang='lat' dir='ltr'><em>stabulario,</em></span> <span class='ocrx_word' id='word_1_67' title='bbox 662 1175 695 1228; x_wconf 92' lang='lat' dir='ltr'><em>et</em></span> <span class='ocrx_word' id='word_1_68' title='bbox 714 1166 785 1232; x_wconf 84' lang='lat' dir='ltr'><em>ait:</em></span> <span class='ocrx_word' id='word_1_69' title='bbox 804 1165 927 1232; x_wconf 89' lang='lat' dir='ltr'><em>Curam</em></span> <span class='ocrx_word' id='word_1_70' title='bbox 944 1166 1037 1230; x_wconf 89' lang='lat' dir='ltr'><em>illins</em></span> <span class='ocrx_word' id='word_1_71' title='bbox 1051 1166 1139 1244; x_wconf 78' lang='lat' dir='ltr'><em>liade,</em></span> <span class='ocrx_word' id='word_1_72' title='bbox 1150 1176 1183 1229; x_wconf 87' lang='lat' dir='ltr'><em>et</em></span> <span class='ocrx_word' id='word_1_73' title='bbox 1200 1167 1406 1248; x_wconf 86' lang='lat' dir='ltr'><em>quodcunque</em></span> <span class='ocrx_word' id='word_1_74' title='bbox 1419 1179 1580 1246; x_wconf 91' lang='lat' dir='ltr'><em>superero·</em></span> 
     </span>
     <span class='ocr_line' id='line_1_8' title="bbox 211 1267 839 1354; baseline 0 -20"><span class='ocrx_word' id='word_1_75' title='bbox 211 1269 352 1354; x_wconf 85' lang='lat' dir='ltr'><em>gaueris</em></span> <span class='ocrx_word' id='word_1_76' title='bbox 365 1291 422 1352; x_wconf 88' lang='lat' dir='ltr'><em>ego</em></span> <span class='ocrx_word' id='word_1_77' title='bbox 437 1279 601 1334; x_wconf 84' lang='lat' dir='ltr'><em>revertens</em></span> <span class='ocrx_word' id='word_1_78' title='bbox 617 1267 753 1336; x_wconf 85' lang='lat' dir='ltr'><em>reddam</em></span> <span class='ocrx_word' id='word_1_79' title='bbox 769 1269 839 1335; x_wconf 87' lang='lat' dir='ltr'><em>tibi.</em></span> 
     </span>
    </p>
   </div>
   <div class='ocr_carea' id='block_1_3' title="bbox 742 1403 1059 1456">
    <p class='ocr_par' dir='ltr' id='par_1_4' title="bbox 742 1403 1059 1456">
     <span class='ocr_line' id='line_1_9' title="bbox 742 1403 1059 1456; baseline 0.006 -2"><span class='ocrx_word' id='word_1_80' title='bbox 742 1403 1059 1456; x_wconf 82' lang='lat' dir='ltr'><strong>INTERPRETATIO.</strong></span> 
     </span>
    </p>
   </div>
   <div class='ocr_carea' id='block_1_4' title="bbox 157 1511 1580 2926">
    <p class='ocr_par' dir='ltr' id='par_1_5' title="bbox 157 1511 1580 2926">
     <span class='ocr_line' id='line_1_10' title="bbox 265 1511 1580 1594; baseline 0 -18"><span class='ocrx_word' id='word_1_81' title='bbox 265 1511 478 1576; x_wconf 82' lang='lat' dir='ltr'><em>Hierusalem</em></span> <span class='ocrx_word' id='word_1_82' title='bbox 495 1512 581 1576; x_wconf 89' lang='lat' dir='ltr'><em>visio</em></span> <span class='ocrx_word' id='word_1_83' title='bbox 597 1511 689 1592; x_wconf 83' lang='lat' dir='ltr'><em>pacis</em></span> <span class='ocrx_word' id='word_1_84' title='bbox 713 1512 972 1594; x_wconf 88' lang='lat' dir='ltr'><em>interpretatur;</em></span> <span class='ocrx_word' id='word_1_85' title='bbox 999 1513 1164 1576; x_wconf 83' lang='lat' dir='ltr'><em>Hiericho</em></span> <span class='ocrx_word' id='word_1_86' title='bbox 1186 1521 1299 1578; x_wconf 87' lang='lat' dir='ltr'><em>autem</em></span> <span class='ocrx_word' id='word_1_87' title='bbox 1325 1511 1496 1577; x_wconf 89' lang='lat' dir='ltr'><em>saeculum</em></span> <span class='ocrx_word' id='word_1_88' title='bbox 1520 1519 1580 1576; x_wconf 88' lang='lat' dir='ltr'><em>est.</em></span> 
     </span>
     <span class='ocr_line' id='line_1_11' title="bbox 157 1614 1579 1697; baseline -0.002 -15"><span class='ocrx_word' id='word_1_89' title='bbox 157 1645 195 1682; x_wconf 88' lang='lat' dir='ltr'><em>ro</em></span> <span class='ocrx_word' id='word_1_90' title='bbox 219 1617 336 1681; x_wconf 86' lang='lat' dir='ltr'><em>Homo</em></span> <span class='ocrx_word' id='word_1_91' title='bbox 352 1627 465 1680; x_wconf 91' lang='lat' dir='ltr'><em>autem</em></span> <span class='ocrx_word' id='word_1_92' title='bbox 494 1617 550 1697; x_wconf 91' lang='lat' dir='ltr'><em>qui</em></span> <span class='ocrx_word' id='word_1_93' title='bbox 576 1614 807 1685; x_wconf 85' lang='lat' dir='ltr'><em>descendebat</em></span> <span class='ocrx_word' id='word_1_94' title='bbox 828 1616 871 1680; x_wconf 81' lang='lat' dir='ltr'><em>ab</em></span> <span class='ocrx_word' id='word_1_95' title='bbox 895 1615 1076 1680; x_wconf 81' lang='lat' dir='ltr'><em>Ierusalem</em></span> <span class='ocrx_word' id='word_1_96' title='bbox 1103 1618 1135 1680; x_wconf 89' lang='lat' dir='ltr'><em>in</em></span> <span class='ocrx_word' id='word_1_97' title='bbox 1166 1617 1340 1695; x_wconf 86' lang='lat' dir='ltr'><em>Hiericho,</em></span> <span class='ocrx_word' id='word_1_98' title='bbox 1366 1616 1479 1680; x_wconf 90' lang='lat' dir='ltr'><em>Adam</em></span> <span class='ocrx_word' id='word_1_99' title='bbox 1505 1615 1579 1692; x_wconf 88' lang='lat' dir='ltr'><em>luit,</em></span> 
     </span>
     <span class='ocr_line' id='line_1_12' title="bbox 216 1719 1575 1805; baseline -0.003 -20"><span class='ocrx_word' id='word_1_100' title='bbox 216 1722 275 1804; x_wconf 91' lang='lat' dir='ltr'><em>qui</em></span> <span class='ocrx_word' id='word_1_101' title='bbox 292 1721 460 1802; x_wconf 89' lang='lat' dir='ltr'><em>proiectus</em></span> <span class='ocrx_word' id='word_1_102' title='bbox 474 1741 493 1783; x_wconf 93' lang='lat' dir='ltr'><em>a</em></span> <span class='ocrx_word' id='word_1_103' title='bbox 509 1719 593 1783; x_wconf 82' lang='lat' dir='ltr'><em>facie</em></span> <span class='ocrx_word' id='word_1_104' title='bbox 611 1720 676 1783; x_wconf 91' lang='lat' dir='ltr'><em>Dei</em></span> <span class='ocrx_word' id='word_1_105' title='bbox 694 1720 727 1782; x_wconf 89' lang='lat' dir='ltr'><em>in</em></span> <span class='ocrx_word' id='word_1_106' title='bbox 744 1719 880 1784; x_wconf 89' lang='lat' dir='ltr'><em>saeculo</em></span> <span class='ocrx_word' id='word_1_107' title='bbox 896 1720 998 1795; x_wconf 85' lang='lat' dir='ltr'><em>venit,</em></span> <span class='ocrx_word' id='word_1_108' title='bbox 1016 1721 1133 1805; x_wconf 90' lang='lat' dir='ltr'><em>inquit,</em></span> <span class='ocrx_word' id='word_1_109' title='bbox 1151 1721 1184 1783; x_wconf 89' lang='lat' dir='ltr'><em>in</em></span> <span class='ocrx_word' id='word_1_110' title='bbox 1201 1721 1367 1785; x_wconf 88' lang='lat' dir='ltr'><em>latrones:</em></span> <span class='ocrx_word' id='word_1_111' title='bbox 1383 1721 1446 1783; x_wconf 91' lang='lat' dir='ltr'><em>hoc</em></span> <span class='ocrx_word' id='word_1_112' title='bbox 1463 1729 1522 1795; x_wconf 90' lang='lat' dir='ltr'><em>est,</em></span> <span class='ocrx_word' id='word_1_113' title='bbox 1544 1719 1575 1781; x_wconf 90' lang='lat' dir='ltr'><em>in</em></span> 
     </span>
     <span class='ocr_line' id='line_1_13' title="bbox 216 1822 1574 1907; baseline -0.001 -21"><span class='ocrx_word' id='word_1_114' title='bbox 216 1822 362 1898; x_wconf 81' lang='lat' dir='ltr'><em>diabole,</em></span> <span class='ocrx_word' id='word_1_115' title='bbox 378 1826 435 1905; x_wconf 87' lang='lat' dir='ltr'><em>qui</em></span> <span class='ocrx_word' id='word_1_116' title='bbox 453 1844 528 1888; x_wconf 90' lang='lat' dir='ltr'><em>eum</em></span> <span class='ocrx_word' id='word_1_117' title='bbox 546 1823 758 1906; x_wconf 86' lang='lat' dir='ltr'><em>despoliavit,</em></span> <span class='ocrx_word' id='word_1_118' title='bbox 779 1831 812 1887; x_wconf 89' lang='lat' dir='ltr'><em>et</em></span> <span class='ocrx_word' id='word_1_119' title='bbox 839 1823 957 1906; x_wconf 82' lang='lat' dir='ltr'><em>plagas</em></span> <span class='ocrx_word' id='word_1_120' title='bbox 982 1823 1029 1886; x_wconf 90' lang='lat' dir='ltr'><em>illi</em></span> <span class='ocrx_word' id='word_1_121' title='bbox 1055 1823 1178 1902; x_wconf 86' lang='lat' dir='ltr'><em>infixit,</em></span> <span class='ocrx_word' id='word_1_122' title='bbox 1205 1823 1268 1888; x_wconf 92' lang='lat' dir='ltr'><em>hoc</em></span> <span class='ocrx_word' id='word_1_123' title='bbox 1296 1835 1356 1902; x_wconf 85' lang='lat' dir='ltr'><em>est,</em></span> <span class='ocrx_word' id='word_1_124' title='bbox 1372 1826 1461 1907; x_wconf 92' lang='lat' dir='ltr'><em>quod</em></span> <span class='ocrx_word' id='word_1_125' title='bbox 1479 1823 1574 1886; x_wconf 91' lang='lat' dir='ltr'><em>indu-</em></span> 
     </span>
     <span class='ocr_line' id='line_1_14' title="bbox 217 1926 1575 2010; baseline -0.001 -19"><span class='ocrx_word' id='word_1_126' title='bbox 217 1939 369 1992; x_wconf 88' lang='lat' dir='ltr'><em>mentum</em></span> <span class='ocrx_word' id='word_1_127' title='bbox 387 1928 640 1993; x_wconf 83' lang='lat' dir='ltr'><em>inmortalitatis</em></span> <span class='ocrx_word' id='word_1_128' title='bbox 664 1927 712 1990; x_wconf 91' lang='lat' dir='ltr'><em>illi</em></span> <span class='ocrx_word' id='word_1_129' title='bbox 733 1926 881 2003; x_wconf 87' lang='lat' dir='ltr'><em>abstulit,</em></span> <span class='ocrx_word' id='word_1_130' title='bbox 900 1937 934 1991; x_wconf 92' lang='lat' dir='ltr'><em>et</em></span> <span class='ocrx_word' id='word_1_131' title='bbox 961 1938 1099 2010; x_wconf 86' lang='lat' dir='ltr'><em>peccata</em></span> <span class='ocrx_word' id='word_1_132' title='bbox 1128 1930 1245 1993; x_wconf 90' lang='lat' dir='ltr'><em>mortis</em></span> <span class='ocrx_word' id='word_1_133' title='bbox 1272 1927 1392 1993; x_wconf 83' lang='lat' dir='ltr'><em>infixit.</em></span> <span class='ocrx_word' id='word_1_134' title='bbox 1411 1929 1575 1995; x_wconf 87' lang='lat' dir='ltr'><em>Sacerdos</em></span> 
     </span>
     <span class='ocr_line' id='line_1_15' title="bbox 215 2029 1576 2114; baseline 0.001 -18"><span class='ocrx_word' id='word_1_135' title='bbox 215 2043 330 2096; x_wconf 89' lang='lat' dir='ltr'><em>autem</em></span> <span class='ocrx_word' id='word_1_136' title='bbox 345 2042 379 2096; x_wconf 88' lang='lat' dir='ltr'><em>et</em></span> <span class='ocrx_word' id='word_1_137' title='bbox 396 2032 505 2108; x_wconf 87' lang='lat' dir='ltr'><em>levita,</em></span> <span class='ocrx_word' id='word_1_138' title='bbox 522 2033 658 2112; x_wconf 87' lang='lat' dir='ltr'><em>Moyses</em></span> <span class='ocrx_word' id='word_1_139' title='bbox 676 2040 708 2094; x_wconf 92' lang='lat' dir='ltr'><em>et</em></span> <span class='ocrx_word' id='word_1_140' title='bbox 725 2029 842 2098; x_wconf 85' lang='lat' dir='ltr'><em>Aaron</em></span> <span class='ocrx_word' id='word_1_141' title='bbox 860 2031 1115 2114; x_wconf 86' lang='lat' dir='ltr'><em>intelliguntur;</em></span> <span class='ocrx_word' id='word_1_142' title='bbox 1137 2033 1216 2114; x_wconf 87' lang='lat' dir='ltr'><em>quia</em></span> <span class='ocrx_word' id='word_1_143' title='bbox 1233 2032 1331 2096; x_wconf 86' lang='lat' dir='ltr'><em>Adae</em></span> <span class='ocrx_word' id='word_1_144' title='bbox 1348 2033 1493 2108; x_wconf 85' lang='lat' dir='ltr'><em>vulnera,</em></span> <span class='ocrx_word' id='word_1_145' title='bbox 1512 2033 1576 2097; x_wconf 86' lang='lat' dir='ltr'><em>hoc</em></span> 
     </span>
     <span class='ocr_line' id='line_1_16' title="bbox 157 2135 1574 2218; baseline -0.001 -16"><span class='ocrx_word' id='word_1_146' title='bbox 157 2146 268 2216; x_wconf 83' lang='lat' dir='ltr'><em>15est</em></span> <span class='ocrx_word' id='word_1_147' title='bbox 294 2135 471 2218; x_wconf 85' lang='lat' dir='ltr'><em>gentilium</em></span> <span class='ocrx_word' id='word_1_148' title='bbox 490 2144 636 2217; x_wconf 85' lang='lat' dir='ltr'><em>peccata,</em></span> <span class='ocrx_word' id='word_1_149' title='bbox 662 2151 728 2198; x_wconf 89' lang='lat' dir='ltr'><em>non</em></span> <span class='ocrx_word' id='word_1_150' title='bbox 755 2145 966 2200; x_wconf 88' lang='lat' dir='ltr'><em>curaverunt.</em></span> <span class='ocrx_word' id='word_1_151' title='bbox 990 2135 1239 2200; x_wconf 87' lang='lat' dir='ltr'><em>Samaritanum</em></span> <span class='ocrx_word' id='word_1_152' title='bbox 1264 2146 1377 2200; x_wconf 86' lang='lat' dir='ltr'><em>autem</em></span> <span class='ocrx_word' id='word_1_153' title='bbox 1403 2137 1574 2201; x_wconf 88' lang='lat' dir='ltr'><em>Christum</em></span> 
     </span>
     <span class='ocr_line' id='line_1_17' title="bbox 216 2238 1575 2322; baseline -0.001 -18"><span class='ocrx_word' id='word_1_154' title='bbox 216 2240 315 2316; x_wconf 86' lang='lat' dir='ltr'><em>dixit,</em></span> <span class='ocrx_word' id='word_1_155' title='bbox 331 2241 387 2322; x_wconf 91' lang='lat' dir='ltr'><em>qui</em></span> <span class='ocrx_word' id='word_1_156' title='bbox 404 2238 639 2303; x_wconf 86' lang='lat' dir='ltr'><em>Samaritanus</em></span> <span class='ocrx_word' id='word_1_157' title='bbox 654 2238 764 2304; x_wconf 87' lang='lat' dir='ltr'><em>dictus</em></span> <span class='ocrx_word' id='word_1_158' title='bbox 782 2248 839 2304; x_wconf 81' lang='lat' dir='ltr'><em>est.</em></span> <span class='ocrx_word' id='word_1_159' title='bbox 858 2238 945 2320; x_wconf 88' lang='lat' dir='ltr'><em>Ipse,</em></span> <span class='ocrx_word' id='word_1_160' title='bbox 961 2239 1078 2321; x_wconf 86' lang='lat' dir='ltr'><em>inquit,</em></span> <span class='ocrx_word' id='word_1_161' title='bbox 1103 2238 1221 2321; x_wconf 84' lang='lat' dir='ltr'><em>plagas</em></span> <span class='ocrx_word' id='word_1_162' title='bbox 1243 2240 1313 2303; x_wconf 89' lang='lat' dir='ltr'><em>eius</em></span> <span class='ocrx_word' id='word_1_163' title='bbox 1338 2240 1489 2304; x_wconf 88' lang='lat' dir='ltr'><em>curavit:</em></span> <span class='ocrx_word' id='word_1_164' title='bbox 1512 2242 1575 2303; x_wconf 93' lang='lat' dir='ltr'><em>hoc</em></span> 
     </span>
     <span class='ocr_line' id='line_1_18' title="bbox 216 2341 1576 2426; baseline -0.001 -20"><span class='ocrx_word' id='word_1_165' title='bbox 216 2353 276 2420; x_wconf 88' lang='lat' dir='ltr'><em>est,</em></span> <span class='ocrx_word' id='word_1_166' title='bbox 293 2344 429 2407; x_wconf 89' lang='lat' dir='ltr'><em>vulnera</em></span> <span class='ocrx_word' id='word_1_167' title='bbox 445 2352 560 2405; x_wconf 89' lang='lat' dir='ltr'><em>nostra</em></span> <span class='ocrx_word' id='word_1_168' title='bbox 575 2343 717 2419; x_wconf 87' lang='lat' dir='ltr'><em>sanavit,</em></span> <span class='ocrx_word' id='word_1_169' title='bbox 734 2341 847 2410; x_wconf 83' lang='lat' dir='ltr'><em>vinum</em></span> <span class='ocrx_word' id='word_1_170' title='bbox 870 2353 903 2406; x_wconf 88' lang='lat' dir='ltr'><em>et</em></span> <span class='ocrx_word' id='word_1_171' title='bbox 928 2343 1038 2405; x_wconf 89' lang='lat' dir='ltr'><em>oleum</em></span> <span class='ocrx_word' id='word_1_172' title='bbox 1056 2341 1186 2426; x_wconf 83' lang='lat' dir='ltr'><em>inlun[l.</em></span> <span class='ocrx_word' id='word_1_173' title='bbox 1208 2343 1420 2426; x_wconf 71' lang='lat' dir='ltr'><em>134v]dend0,</em></span> <span class='ocrx_word' id='word_1_174' title='bbox 1436 2343 1499 2407; x_wconf 93' lang='lat' dir='ltr'><em>hoc</em></span> <span class='ocrx_word' id='word_1_175' title='bbox 1516 2354 1576 2422; x_wconf 85' lang='lat' dir='ltr'><em>est,</em></span> 
     </span>
     <span class='ocr_line' id='line_1_19' title="bbox 216 2445 1575 2531; baseline 0.001 -22"><span class='ocrx_word' id='word_1_176' title='bbox 216 2447 390 2531; x_wconf 85' lang='lat' dir='ltr'><em>sanguinis</em></span> <span class='ocrx_word' id='word_1_177' title='bbox 406 2448 457 2509; x_wconf 90' lang='lat' dir='ltr'><em>sui</em></span> <span class='ocrx_word' id='word_1_178' title='bbox 473 2455 507 2510; x_wconf 88' lang='lat' dir='ltr'><em>et</em></span> <span class='ocrx_word' id='word_1_179' title='bbox 523 2445 688 2510; x_wconf 88' lang='lat' dir='ltr'><em>crismatis</em></span> <span class='ocrx_word' id='word_1_180' title='bbox 705 2457 977 2525; x_wconf 66' lang='lat' dir='ltr'><em>sacramentum</em></span> <span class='ocrx_word' id='word_1_181' title='bbox 1003 2456 1036 2510; x_wconf 91' lang='lat' dir='ltr'><em>et</em></span> <span class='ocrx_word' id='word_1_182' title='bbox 1064 2448 1105 2510; x_wconf 91' lang='lat' dir='ltr'><em>ad</em></span> <span class='ocrx_word' id='word_1_183' title='bbox 1127 2447 1297 2512; x_wconf 88' lang='lat' dir='ltr'><em>stabulum</em></span> <span class='ocrx_word' id='word_1_184' title='bbox 1322 2447 1489 2530; x_wconf 86' lang='lat' dir='ltr'><em>perduxit,</em></span> <span class='ocrx_word' id='word_1_185' title='bbox 1512 2448 1575 2512; x_wconf 94' lang='lat' dir='ltr'><em>hoc</em></span> 
     </span>
     <span class='ocr_line' id='line_1_20' title="bbox 215 2547 1577 2635; baseline -0.001 -19"><span class='ocrx_word' id='word_1_186' title='bbox 215 2561 279 2630; x_wconf 89' lang='lat' dir='ltr'><em>est,</em></span> <span class='ocrx_word' id='word_1_187' title='bbox 302 2553 344 2615; x_wconf 88' lang='lat' dir='ltr'><em>ad</em></span> <span class='ocrx_word' id='word_1_188' title='bbox 369 2550 554 2615; x_wconf 89' lang='lat' dir='ltr'><em>ecclesiam.</em></span> <span class='ocrx_word' id='word_1_189' title='bbox 578 2547 760 2616; x_wconf 82' lang='lat' dir='ltr'><em>Stabularii</em></span> <span class='ocrx_word' id='word_1_190' title='bbox 787 2560 899 2614; x_wconf 88' lang='lat' dir='ltr'><em>autem</em></span> <span class='ocrx_word' id='word_1_191' title='bbox 926 2551 1075 2632; x_wconf 89' lang='lat' dir='ltr'><em>episcopi</em></span> <span class='ocrx_word' id='word_1_192' title='bbox 1105 2560 1191 2614; x_wconf 90' lang='lat' dir='ltr'><em>sunt.</em></span> <span class='ocrx_word' id='word_1_193' title='bbox 1210 2551 1311 2635; x_wconf 87' lang='lat' dir='ltr'><em>Quod</em></span> <span class='ocrx_word' id='word_1_194' title='bbox 1338 2560 1449 2615; x_wconf 86' lang='lat' dir='ltr'><em>autern</em></span> <span class='ocrx_word' id='word_1_195' title='bbox 1479 2553 1577 2625; x_wconf 83' lang='lat' dir='ltr'><em>dixit,</em></span> 
     </span>
     <span class='ocr_line' id='line_1_21' title="bbox 158 2651 1576 2732; baseline -0.003 -10"><span class='ocrx_word' id='word_1_196' title='bbox 158 2685 197 2722; x_wconf 88' lang='lat'><em>20</em></span> <span class='ocrx_word' id='word_1_197' title='bbox 218 2657 403 2720; x_wconf 88' lang='lat' dir='ltr'><em>Revertens</em></span> <span class='ocrx_word' id='word_1_198' title='bbox 428 2655 566 2717; x_wconf 87' lang='lat' dir='ltr'><em>reddam</em></span> <span class='ocrx_word' id='word_1_199' title='bbox 593 2652 663 2730; x_wconf 89' lang='lat' dir='ltr'><em>tibi,</em></span> <span class='ocrx_word' id='word_1_200' title='bbox 680 2651 742 2715; x_wconf 93' lang='lat' dir='ltr'><em>hoc</em></span> <span class='ocrx_word' id='word_1_201' title='bbox 768 2664 829 2732; x_wconf 82' lang='lat' dir='ltr'><em>est,</em></span> <span class='ocrx_word' id='word_1_202' title='bbox 854 2655 887 2716; x_wconf 91' lang='lat' dir='ltr'><em>in</em></span> <span class='ocrx_word' id='word_1_203' title='bbox 912 2655 1061 2718; x_wconf 88' lang='lat' dir='ltr'><em>adventu</em></span> <span class='ocrx_word' id='word_1_204' title='bbox 1088 2674 1148 2717; x_wconf 91' lang='lat' dir='ltr'><em>suo</em></span> <span class='ocrx_word' id='word_1_205' title='bbox 1174 2657 1361 2718; x_wconf 89' lang='lat' dir='ltr'><em>mercedem</em></span> <span class='ocrx_word' id='word_1_206' title='bbox 1388 2655 1576 2718; x_wconf 88' lang='lat' dir='ltr'><em>medicinae</em></span> 
     </span>
     <span class='ocr_line' id='line_1_22' title="bbox 216 2759 547 2843; baseline -0.003 -20"><span class='ocrx_word' id='word_1_207' title='bbox 216 2759 384 2843; x_wconf 89' lang='lat' dir='ltr'><em>episcopis</em></span> <span class='ocrx_word' id='word_1_208' title='bbox 399 2759 547 2822; x_wconf 87' lang='lat' dir='ltr'><em>daturus.</em></span> 
     </span>
     <span class='ocr_line' id='line_1_23' title="bbox 829 2875 970 2926; baseline 0.021 -3"><span class='ocrx_word' id='word_1_209' title='bbox 829 2875 970 2926; x_wconf 70' lang='lat' dir='ltr'>CARVI.</span> 
     </span>
    </p>
   </div>
   <div class='ocr_carea' id='block_1_5' title="bbox 158 2981 1578 3798">
    <p class='ocr_par' dir='ltr' id='par_1_6' title="bbox 158 2981 1578 3798">
     <span class='ocr_line' id='line_1_24' title="bbox 261 2981 1577 3062; baseline 0.002 -17"><span class='ocrx_word' id='word_1_210' title='bbox 261 2982 362 3046; x_wconf 83' lang='lat' dir='ltr'><em>Dixit</em></span> <span class='ocrx_word' id='word_1_211' title='bbox 375 2991 484 3044; x_wconf 85' lang='lat' dir='ltr'><em>autern</em></span> <span class='ocrx_word' id='word_1_212' title='bbox 495 2981 543 3044; x_wconf 87' lang='lat' dir='ltr'><em>ad</em></span> <span class='ocrx_word' id='word_1_213' title='bbox 552 2981 625 3044; x_wconf 91' lang='lat' dir='ltr'><em>illos</em></span> <span class='ocrx_word' id='word_1_214' title='bbox 634 2981 828 3062; x_wconf 84' lang='lat' dir='ltr'><em>parabolam</em></span> <span class='ocrx_word' id='word_1_215' title='bbox 839 2981 946 3059; x_wconf 89' lang='lat' dir='ltr'><em>talem,</em></span> <span class='ocrx_word' id='word_1_216' title='bbox 961 2982 1069 3044; x_wconf 79' lang='lat' dir='ltr'><em>diceres</em></span> <span class='ocrx_word' id='word_1_217' title='bbox 1080 3005 1091 3046; x_wconf 95' lang='lat'><em>:</em></span> <span class='ocrx_word' id='word_1_218' title='bbox 1108 2981 1265 3045; x_wconf 89' lang='lat' dir='ltr'><em>Hominis</em></span> <span class='ocrx_word' id='word_1_219' title='bbox 1279 2983 1450 3047; x_wconf 88' lang='lat' dir='ltr'><em>cuiusdam</em></span> <span class='ocrx_word' id='word_1_220' title='bbox 1460 2984 1577 3048; x_wconf 81' lang='lat' dir='ltr'><em>clr&#39;oitis</em></span> 
     </span>
     <span class='ocr_line' id='line_1_25' title="bbox 208 3083 1576 3168; baseline 0.001 -18"><span class='ocrx_word' id='word_1_221' title='bbox 208 3086 368 3168; x_wconf 80' lang='lat' dir='ltr'><em>possessio</em></span> <span class='ocrx_word' id='word_1_222' title='bbox 383 3085 458 3150; x_wconf 85' lang='lat' dir='ltr'><em>lene</em></span> <span class='ocrx_word' id='word_1_223' title='bbox 473 3083 589 3148; x_wconf 89' lang='lat' dir='ltr'><em>attulit</em></span> <span class='ocrx_word' id='word_1_224' title='bbox 604 3085 766 3165; x_wconf 89' lang='lat' dir='ltr'><em>fructum.</em></span> <span class='ocrx_word' id='word_1_225' title='bbox 783 3084 830 3147; x_wconf 88' lang='lat' dir='ltr'><em>Et</em></span> <span class='ocrx_word' id='word_1_226' title='bbox 843 3085 1000 3167; x_wconf 87' lang='lat' dir='ltr'><em>cogitavit</em></span> <span class='ocrx_word' id='word_1_227' title='bbox 1023 3087 1113 3149; x_wconf 90' lang='lat' dir='ltr'><em>intra</em></span> <span class='ocrx_word' id='word_1_228' title='bbox 1129 3087 1318 3162; x_wconf 69' lang='lat' dir='ltr'><em>redicens:</em></span> <span class='ocrx_word' id='word_1_229' title='bbox 1337 3086 1429 3164; x_wconf 81' lang='lat' dir='ltr'><em>Quto</em></span> <span class='ocrx_word' id='word_1_230' title='bbox 1438 3089 1576 3168; x_wconf 78' lang='lat' dir='ltr'><em>faciam,</em></span> 
     </span>
     <span class='ocr_line' id='line_1_26' title="bbox 158 3187 1576 3277; baseline 0.001 -23"><span class='ocrx_word' id='word_1_231' title='bbox 158 3227 196 3277; x_wconf 85' lang='lat'><em>25</em></span> <span class='ocrx_word' id='word_1_232' title='bbox 214 3190 370 3274; x_wconf 87' lang='lat' dir='ltr'><em>quoniam</em></span> <span class='ocrx_word' id='word_1_233' title='bbox 397 3210 459 3252; x_wconf 94' lang='lat' dir='ltr'><em>non</em></span> <span class='ocrx_word' id='word_1_234' title='bbox 486 3188 585 3252; x_wconf 79' lang='lat' dir='ltr'><em>nabeo</em></span> <span class='ocrx_word' id='word_1_235' title='bbox 609 3187 667 3252; x_wconf 85' lang='lat' dir='ltr'><em>ubi</em></span> <span class='ocrx_word' id='word_1_236' title='bbox 690 3208 876 3270; x_wconf 80' lang='lat' dir='ltr'><em>congregem</em></span> <span class='ocrx_word' id='word_1_237' title='bbox 892 3189 1032 3267; x_wconf 86' lang='lat' dir='ltr'><em>fructus</em></span> <span class='ocrx_word' id='word_1_238' title='bbox 1057 3192 1172 3255; x_wconf 81' lang='lat' dir='ltr'><em>meos?</em></span> <span class='ocrx_word' id='word_1_239' title='bbox 1196 3191 1244 3253; x_wconf 89' lang='lat' dir='ltr'><em>Et</em></span> <span class='ocrx_word' id='word_1_240' title='bbox 1267 3189 1341 3255; x_wconf 89' lang='lat' dir='ltr'><em>ait:</em></span> <span class='ocrx_word' id='word_1_241' title='bbox 1357 3190 1576 3273; x_wconf 82' lang='lat' dir='ltr'><em>Hocfirciam,</em></span> 
     </span>
     <span class='ocr_line' id='line_1_27' title="bbox 213 3292 1578 3378; baseline 0 -19"><span class='ocrx_word' id='word_1_242' title='bbox 213 3296 383 3359; x_wconf 82' lang='lat' dir='ltr'><em>destruam</em></span> <span class='ocrx_word' id='word_1_243' title='bbox 398 3293 516 3356; x_wconf 86' lang='lat' dir='ltr'><em>ltorrea</em></span> <span class='ocrx_word' id='word_1_244' title='bbox 542 3313 622 3368; x_wconf 89' lang='lat' dir='ltr'><em>mea,</em></span> <span class='ocrx_word' id='word_1_245' title='bbox 638 3301 669 3355; x_wconf 89' lang='lat' dir='ltr'><em>et</em></span> <span class='ocrx_word' id='word_1_246' title='bbox 695 3292 824 3356; x_wconf 88' lang='lat' dir='ltr'><em>maiora</em></span> <span class='ocrx_word' id='word_1_247' title='bbox 850 3292 1034 3376; x_wconf 83' lang='lat' dir='ltr'><em>aedificabo,</em></span> <span class='ocrx_word' id='word_1_248' title='bbox 1059 3294 1117 3358; x_wconf 88' lang='lat' dir='ltr'><em>ubi</em></span> <span class='ocrx_word' id='word_1_249' title='bbox 1138 3295 1334 3378; x_wconf 85' lang='lat' dir='ltr'><em>congregabo</em></span> <span class='ocrx_word' id='word_1_250' title='bbox 1359 3297 1471 3360; x_wconf 89' lang='lat' dir='ltr'><em>omnia</em></span> <span class='ocrx_word' id='word_1_251' title='bbox 1496 3318 1578 3378; x_wconf 84' lang='lat' dir='ltr'><em>qecae</em></span> 
     </span>
     <span class='ocr_line' id='line_1_28' title="bbox 215 3396 1578 3480; baseline 0 -17"><span class='ocrx_word' id='word_1_252' title='bbox 215 3410 296 3464; x_wconf 91' lang='lat' dir='ltr'><em>nata</em></span> <span class='ocrx_word' id='word_1_253' title='bbox 309 3407 388 3461; x_wconf 89' lang='lat' dir='ltr'><em>sunt</em></span> <span class='ocrx_word' id='word_1_254' title='bbox 403 3397 488 3460; x_wconf 83' lang='lat' dir='ltr'><em>milri</em></span> <span class='ocrx_word' id='word_1_255' title='bbox 499 3419 513 3471; x_wconf 91' lang='lat'><em>,·</em></span> <span class='ocrx_word' id='word_1_256' title='bbox 529 3406 561 3460; x_wconf 89' lang='lat' dir='ltr'><em>et</em></span> <span class='ocrx_word' id='word_1_257' title='bbox 574 3396 682 3459; x_wconf 84' lang='lat' dir='ltr'><em>dicam</em></span> <span class='ocrx_word' id='word_1_258' title='bbox 698 3396 830 3459; x_wconf 88' lang='lat' dir='ltr'><em>animae</em></span> <span class='ocrx_word' id='word_1_259' title='bbox 846 3418 933 3459; x_wconf 88' lang='lat' dir='ltr'><em>meae</em></span> <span class='ocrx_word' id='word_1_260' title='bbox 943 3419 955 3460; x_wconf 91' lang='lat'><em>.·</em></span> <span class='ocrx_word' id='word_1_261' title='bbox 973 3397 1082 3460; x_wconf 88' lang='lat' dir='ltr'><em>Habes</em></span> <span class='ocrx_word' id='word_1_262' title='bbox 1098 3399 1204 3462; x_wconf 88' lang='lat' dir='ltr'><em>multa</em></span> <span class='ocrx_word' id='word_1_263' title='bbox 1220 3399 1310 3474; x_wconf 82' lang='lat' dir='ltr'><em>lona,</em></span> <span class='ocrx_word' id='word_1_264' title='bbox 1325 3401 1462 3480; x_wconf 85' lang='lat' dir='ltr'><em>epulare.</em></span> <span class='ocrx_word' id='word_1_265' title='bbox 1479 3401 1578 3464; x_wconf 66' lang='lat' dir='ltr'><em>Deerit</em></span> 
     </span>
     <span class='ocr_line' id='line_1_29' title="bbox 214 3499 1577 3585; baseline -0.001 -17"><span class='ocrx_word' id='word_1_266' title='bbox 214 3512 324 3568; x_wconf 76' lang='lat' dir='ltr'><em>ouum</em></span> <span class='ocrx_word' id='word_1_267' title='bbox 340 3501 394 3565; x_wconf 88' lang='lat' dir='ltr'><em>illi</em></span> <span class='ocrx_word' id='word_1_268' title='bbox 408 3501 499 3563; x_wconf 91' lang='lat' dir='ltr'><em>Deus</em></span> <span class='ocrx_word' id='word_1_269' title='bbox 510 3524 521 3560; x_wconf 89' lang='lat'><em>.·</em></span> <span class='ocrx_word' id='word_1_270' title='bbox 539 3500 656 3578; x_wconf 87' lang='lat' dir='ltr'><em>Stulte,</em></span> <span class='ocrx_word' id='word_1_271' title='bbox 676 3499 737 3563; x_wconf 88' lang='lat' dir='ltr'><em>ltac</em></span> <span class='ocrx_word' id='word_1_272' title='bbox 758 3509 843 3563; x_wconf 87' lang='lat' dir='ltr'><em>nocte</em></span> <span class='ocrx_word' id='word_1_273' title='bbox 858 3510 1005 3582; x_wconf 85' lang='lat' dir='ltr'><em>repetunt</em></span> <span class='ocrx_word' id='word_1_274' title='bbox 1024 3503 1173 3566; x_wconf 86' lang='lat' dir='ltr'><em>animane</em></span> <span class='ocrx_word' id='word_1_275' title='bbox 1189 3513 1281 3566; x_wconf 90' lang='lat' dir='ltr'><em>tuam</em></span> <span class='ocrx_word' id='word_1_276' title='bbox 1297 3524 1318 3566; x_wconf 90' lang='lat' dir='ltr'><em>a</em></span> <span class='ocrx_word' id='word_1_277' title='bbox 1335 3512 1371 3567; x_wconf 90' lang='lat' dir='ltr'><em>te.</em></span> <span class='ocrx_word' id='word_1_278' title='bbox 1390 3503 1481 3582; x_wconf 86' lang='lat' dir='ltr'><em>Quae</em></span> <span class='ocrx_word' id='word_1_279' title='bbox 1502 3526 1577 3585; x_wconf 89' lang='lat' dir='ltr'><em>ergo</em></span> 
     </span>
     <span class='ocr_line' id='line_1_30' title="bbox 211 3605 681 3688; baseline -0.006 -17"><span class='ocrx_word' id='word_1_280' title='bbox 211 3606 430 3688; x_wconf 86' lang='lat' dir='ltr'><em>praeparasti,</em></span> <span class='ocrx_word' id='word_1_281' title='bbox 445 3605 538 3668; x_wconf 88' lang='lat' dir='ltr'><em>cuius</em></span> <span class='ocrx_word' id='word_1_282' title='bbox 553 3605 681 3668; x_wconf 80' lang='lat' dir='ltr'><em>erunt?</em></span> 
     </span>
     <span class='ocr_line' id='line_1_31' title="bbox 158 3722 1056 3798; baseline 0.007 -29"><span class='ocrx_word' id='word_1_283' title='bbox 158 3746 198 3798; x_wconf 82' lang='lat'><em>3⁰</em></span> <span class='ocrx_word' id='word_1_284' title='bbox 737 3722 1056 3774; x_wconf 86' lang='lat' dir='ltr'>INTERPRETATIO.</span> 
     </span>
    </p>
   </div>
   <div class='ocr_carea' id='block_1_6' title="bbox 260 3829 1575 3915">
    <p class='ocr_par' dir='ltr' id='par_1_7' title="bbox 260 3829 1575 3915">
     <span class='ocr_line' id='line_1_32' title="bbox 260 3829 1575 3915; baseline 0.002 -20"><span class='ocrx_word' id='word_1_285' title='bbox 260 3832 408 3895; x_wconf 91' lang='lat' dir='ltr'><em>Divitem</em></span> <span class='ocrx_word' id='word_1_286' title='bbox 425 3830 566 3895; x_wconf 91' lang='lat' dir='ltr'><em>stultum</em></span> <span class='ocrx_word' id='word_1_287' title='bbox 582 3829 673 3906; x_wconf 91' lang='lat' dir='ltr'><em>dicit,</em></span> <span class='ocrx_word' id='word_1_288' title='bbox 689 3830 752 3892; x_wconf 92' lang='lat' dir='ltr'><em>hoc</em></span> <span class='ocrx_word' id='word_1_289' title='bbox 766 3839 826 3907; x_wconf 89' lang='lat' dir='ltr'><em>est,</em></span> <span class='ocrx_word' id='word_1_290' title='bbox 841 3829 1009 3894; x_wconf 90' lang='lat' dir='ltr'><em>carnalem</em></span> <span class='ocrx_word' id='word_1_291' title='bbox 1020 3831 1160 3895; x_wconf 85' lang='lat' dir='ltr'><em>divitem</em></span> <span class='ocrx_word' id='word_1_292' title='bbox 1174 3842 1207 3897; x_wconf 90' lang='lat' dir='ltr'><em>et</em></span> <span class='ocrx_word' id='word_1_293' title='bbox 1220 3831 1401 3896; x_wconf 89' lang='lat' dir='ltr'><em>honustum</em></span> <span class='ocrx_word' id='word_1_294' title='bbox 1419 3835 1575 3915; x_wconf 86' lang='lat' dir='ltr'><em>peccatis,</em></span> 
     </span>
    </p>
   </div>
   <div class='ocr_carea' id='block_1_7' title="bbox 246 4032 1135 4097">
    <p class='ocr_par' dir='ltr' id='par_1_8' title="bbox 246 4032 1135 4097">
     <span class='ocr_line' id='line_1_33' title="bbox 246 4032 1135 4097; baseline 0.001 -15"><span class='ocrx_word' id='word_1_295' title='bbox 246 4033 352 4095; x_wconf 64' lang='lat' dir='ltr'><em>aaran]</em></span> <span class='ocrx_word' id='word_1_296' title='bbox 365 4033 397 4093; x_wconf 88' lang='lat' dir='ltr'><em>G,</em></span> <span class='ocrx_word' id='word_1_297' title='bbox 412 4048 459 4096; x_wconf 90' lang='lat' dir='ltr'><em>pro</em></span> <span class='ocrx_word' id='word_1_298' title='bbox 469 4032 557 4082; x_wconf 80' lang='lat' dir='ltr'><em>dedit?</em></span> <span class='ocrx_word' id='word_1_299' title='bbox 658 4043 687 4092; x_wconf 77' lang='lat'><em>14</em></span> <span class='ocrx_word' id='word_1_300' title='bbox 700 4032 827 4091; x_wconf 87' lang='lat' dir='ltr'><em>vuluera]‚</em></span> <span class='ocrx_word' id='word_1_301' title='bbox 837 4038 937 4095; x_wconf 84' lang='lat' dir='ltr'><em>peccato</em></span> <span class='ocrx_word' id='word_1_302' title='bbox 950 4039 1088 4097; x_wconf 85' lang='lat' dir='ltr'><em>expuncto,</em></span> <span class='ocrx_word' id='word_1_303' title='bbox 1102 4033 1135 4083; x_wconf 91' lang='lat' dir='ltr'><em>G.</em></span> 
     </span>
    </p>
   </div>
   <div class='ocr_carea' id='block_1_8' title="bbox 212 4195 1575 4768">
    <p class='ocr_par' dir='ltr' id='par_1_9' title="bbox 257 4195 1572 4278">
     <span class='ocr_line' id='line_1_34' title="bbox 257 4195 1572 4278; baseline 0.005 -22"><span class='ocrx_word' id='word_1_304' title='bbox 257 4219 281 4274; x_wconf 87' lang='lat'><em>7.</em></span> <span class='ocrx_word' id='word_1_305' title='bbox 298 4195 363 4278; x_wconf 74' lang='lat' dir='ltr'><em>tibi]</em></span> <span class='ocrx_word' id='word_1_306' title='bbox 381 4199 431 4257; x_wconf 85' lang='lat' dir='ltr'><em>Lc.</em></span> <span class='ocrx_word' id='word_1_307' title='bbox 452 4217 496 4271; x_wconf 88' lang='lat'><em>10,</em></span> <span class='ocrx_word' id='word_1_308' title='bbox 514 4216 612 4274; x_wconf 86' lang='lat'>30-35.</span> <span class='ocrx_word' id='word_1_309' title='bbox 922 4201 986 4269; x_wconf 83' lang='lat'><em>148,</em></span> <span class='ocrx_word' id='word_1_310' title='bbox 1007 4218 1018 4256; x_wconf 91' lang='lat' dir='ltr'><em>r</em></span> <span class='ocrx_word' id='word_1_311' title='bbox 1026 4219 1041 4274; x_wconf 83' lang='lat'>3</span> <span class='ocrx_word' id='word_1_312' title='bbox 1057 4201 1159 4271; x_wconf 88' lang='lat' dir='ltr'><em>oleum,</em></span> <span class='ocrx_word' id='word_1_313' title='bbox 1175 4199 1228 4258; x_wconf 84' lang='lat' dir='ltr'><em>lroe</em></span> <span class='ocrx_word' id='word_1_314' title='bbox 1240 4207 1288 4271; x_wconf 88' lang='lat' dir='ltr'><em>est,</em></span> <span class='ocrx_word' id='word_1_315' title='bbox 1304 4201 1450 4259; x_wconf 88' lang='lat' dir='ltr'><em>crismatis</em></span> <span class='ocrx_word' id='word_1_316' title='bbox 1461 4203 1572 4276; x_wconf 86' lang='lat' dir='ltr'><em>gratia.</em></span> 
     </span>
    </p>

    <p class='ocr_par' dir='ltr' id='par_1_10' title="bbox 212 4273 1575 4677">
     <span class='ocr_line' id='line_1_35' title="bbox 254 4273 1573 4357; baseline 0 -17"><span class='ocrx_word' id='word_1_317' title='bbox 254 4301 281 4356; x_wconf 88' lang='lat'><em>9.</em></span> <span class='ocrx_word' id='word_1_318' title='bbox 297 4281 486 4340; x_wconf 86' lang='lat' dir='ltr'><em>Hierusalem</em></span> <span class='ocrx_word' id='word_1_319' title='bbox 510 4280 583 4340; x_wconf 87' lang='lat' dir='ltr'><em>ur&#39;sio</em></span> <span class='ocrx_word' id='word_1_320' title='bbox 603 4279 683 4356; x_wconf 86' lang='lat' dir='ltr'><em>pacis</em></span> <span class='ocrx_word' id='word_1_321' title='bbox 705 4273 778 4357; x_wconf 77' lang='lat' dir='ltr'><em>etc]</em></span> <span class='ocrx_word' id='word_1_322' title='bbox 805 4277 867 4337; x_wconf 88' lang='lat' dir='ltr'><em>Ista</em></span> <span class='ocrx_word' id='word_1_323' title='bbox 919 4280 1008 4340; x_wconf 86' lang='lat' dir='ltr'><em>Coni.</em></span> <span class='ocrx_word' id='word_1_324' title='bbox 1026 4281 1139 4340; x_wconf 89' lang='lat' dir='ltr'><em>Arnoh.</em></span> <span class='ocrx_word' id='word_1_325' title='bbox 1167 4279 1197 4339; x_wconf 89' lang='lat' dir='ltr'><em>in</em></span> <span class='ocrx_word' id='word_1_326' title='bbox 1225 4283 1299 4340; x_wconf 88' lang='lat' dir='ltr'><em>Psal.</em></span> <span class='ocrx_word' id='word_1_327' title='bbox 1328 4282 1373 4340; x_wconf 93' lang='lat' dir='ltr'><em>1V</em></span> <span class='ocrx_word' id='word_1_328' title='bbox 1400 4281 1519 4341; x_wconf 87' lang='lat' dir='ltr'><em>‘vinum</em></span> <span class='ocrx_word' id='word_1_329' title='bbox 1543 4283 1573 4342; x_wconf 89' lang='lat' dir='ltr'><em>in</em></span> 
     </span>
     <span class='ocr_line' id='line_1_36' title="bbox 212 4358 1441 4439; baseline 0.002 -18"><span class='ocrx_word' id='word_1_330' title='bbox 212 4380 337 4439; x_wconf 88' lang='lat' dir='ltr'><em>quoque</em></span> <span class='ocrx_word' id='word_1_331' title='bbox 351 4362 382 4420; x_wconf 92' lang='lat' dir='ltr'><em>in</em></span> <span class='ocrx_word' id='word_1_332' title='bbox 397 4379 459 4422; x_wconf 91' lang='lat' dir='ltr'><em>rem</em></span> <span class='ocrx_word' id='word_1_333' title='bbox 475 4380 558 4419; x_wconf 83' lang='lat' dir='ltr'><em>suam</em></span> <span class='ocrx_word' id='word_1_334' title='bbox 573 4361 722 4420; x_wconf 85' lang='lat' dir='ltr'><em>convertit</em></span> <span class='ocrx_word' id='word_1_335' title='bbox 735 4358 868 4418; x_wconf 89' lang='lat' dir='ltr'><em>Pseudo·</em></span> <span class='ocrx_word' id='word_1_336' title='bbox 921 4360 1075 4438; x_wconf 88' lang='lat' dir='ltr'><em>sanguine,</em></span> <span class='ocrx_word' id='word_1_337' title='bbox 1092 4363 1193 4422; x_wconf 89' lang='lat' dir='ltr'><em>oleum</em></span> <span class='ocrx_word' id='word_1_338' title='bbox 1209 4361 1240 4420; x_wconf 92' lang='lat' dir='ltr'><em>in</em></span> <span class='ocrx_word' id='word_1_339' title='bbox 1255 4362 1415 4422; x_wconf 86' lang='lat' dir='ltr'><em>chrismate</em></span> <span class='ocrx_word' id='word_1_340' title='bbox 1427 4365 1441 4422; x_wconf 92' lang='grc'><em>’.</em></span> 
     </span>
     <span class='ocr_line' id='line_1_37' title="bbox 212 4439 1574 4524; baseline 0.002 -22"><span class='ocrx_word' id='word_1_341' title='bbox 212 4441 401 4520; x_wconf 89' lang='lat' dir='ltr'><em>Theophilus</em></span> <span class='ocrx_word' id='word_1_342' title='bbox 413 4465 419 4502; x_wconf 93' lang='lat'>:</span> <span class='ocrx_word' id='word_1_343' title='bbox 430 4461 464 4500; x_wconf 89' lang='lat' dir='ltr'><em>ex</em></span> <span class='ocrx_word' id='word_1_344' title='bbox 474 4461 536 4519; x_wconf 91' lang='lat' dir='ltr'><em>quo</em></span> <span class='ocrx_word' id='word_1_345' title='bbox 546 4441 654 4502; x_wconf 83' lang='lat' dir='ltr'><em>certius</em></span> <span class='ocrx_word' id='word_1_346' title='bbox 666 4439 871 4517; x_wconf 87' lang='lat' dir='ltr'><em>comperimus</em></span> <span class='ocrx_word' id='word_1_347' title='bbox 956 4462 1010 4518; x_wconf 75' lang='lat' dir='ltr'><em>m.</em></span> <span class='ocrx_word' id='word_1_348' title='bbox 1029 4443 1235 4502; x_wconf 86' lang='lat' dir='ltr'><em>Stabulorr&#39;io.</em></span> <span class='ocrx_word' id='word_1_349' title='bbox 1251 4445 1373 4521; x_wconf 85' lang='lat' dir='ltr'><em>episcopi</em></span> <span class='ocrx_word' id='word_1_350' title='bbox 1384 4441 1467 4524; x_wconf 87' lang='lat' dir='ltr'><em>sunt]</em></span> <span class='ocrx_word' id='word_1_351' title='bbox 1486 4445 1574 4506; x_wconf 90' lang='lat' dir='ltr'><em>Conl.</em></span> 
     </span>
     <span class='ocr_line' id='line_1_38' title="bbox 214 4522 1575 4602; baseline 0.001 -17"><span class='ocrx_word' id='word_1_352' title='bbox 214 4525 334 4585; x_wconf 83' lang='lat' dir='ltr'><em>ultimas</em></span> <span class='ocrx_word' id='word_1_353' title='bbox 349 4525 402 4582; x_wconf 87' lang='lat' dir='ltr'><em>has</em></span> <span class='ocrx_word' id='word_1_354' title='bbox 418 4524 683 4584; x_wconf 82' lang='lat' dir='ltr'><em>adnotatiunculae</em></span> <span class='ocrx_word' id='word_1_355' title='bbox 701 4522 866 4599; x_wconf 86' lang='lat' dir='ltr'><em>genuinum</em></span> <span class='ocrx_word' id='word_1_356' title='bbox 924 4523 1050 4584; x_wconf 87' lang='lat' dir='ltr'><em>Hieron.</em></span> <span class='ocrx_word' id='word_1_357' title='bbox 1062 4525 1311 4585; x_wconf 82' lang='lat' dir='ltr'><em>Commentariol.</em></span> <span class='ocrx_word' id='word_1_358' title='bbox 1324 4527 1427 4602; x_wconf 89' lang='lat' dir='ltr'><em>psalm.</em></span> <span class='ocrx_word' id='word_1_359' title='bbox 1446 4528 1575 4598; x_wconf 88' lang='lat'><em>146111¹</em></span> 
     </span>
     <span class='ocr_line' id='line_1_39' title="bbox 217 4604 1068 4677; baseline -0.005 -11"><span class='ocrx_word' id='word_1_360' title='bbox 217 4604 341 4667; x_wconf 82' lang='lat' dir='ltr'><em>Arnobii</em></span> <span class='ocrx_word' id='word_1_361' title='bbox 359 4606 452 4665; x_wconf 88' lang='lat' dir='ltr'><em>letum</em></span> <span class='ocrx_word' id='word_1_362' title='bbox 468 4625 543 4665; x_wconf 87' lang='lat' dir='ltr'><em>esse.</em></span> <span class='ocrx_word' id='word_1_363' title='bbox 927 4625 993 4674; x_wconf 86' lang='lat'><em>100,</em></span> <span class='ocrx_word' id='word_1_364' title='bbox 1013 4624 1068 4677; x_wconf 90' lang='lat'>1·4.</span> 
     </span>
    </p>

    <p class='ocr_par' dir='ltr' id='par_1_11' title="bbox 261 4683 1445 4768">
     <span class='ocr_line' id='line_1_40' title="bbox 261 4683 1445 4768; baseline 0 -21"><span class='ocrx_word' id='word_1_365' title='bbox 261 4690 305 4747; x_wconf 88' lang='lat'><em>18.</em></span> <span class='ocrx_word' id='word_1_366' title='bbox 322 4687 468 4748; x_wconf 87' lang='lat' dir='ltr'><em>crismatis</em></span> <span class='ocrx_word' id='word_1_367' title='bbox 491 4685 716 4768; x_wconf 84' lang='lat' dir='ltr'><em>socromentum]</em></span> <span class='ocrx_word' id='word_1_368' title='bbox 741 4697 770 4748; x_wconf 89' lang='lat' dir='ltr'><em>et</em></span> <span class='ocrx_word' id='word_1_369' title='bbox 797 4686 871 4747; x_wconf 85' lang='lat' dir='ltr'><em>inira</em></span> <span class='ocrx_word' id='word_1_370' title='bbox 967 4708 1011 4763; x_wconf 89' lang='lat'><em>29.</em></span> <span class='ocrx_word' id='word_1_371' title='bbox 1029 4695 1116 4746; x_wconf 90' lang='lat' dir='ltr'><em>erunt</em></span> <span class='ocrx_word' id='word_1_372' title='bbox 1124 4683 1149 4766; x_wconf 82' lang='lat' dir='ltr'><em>t]</em></span> <span class='ocrx_word' id='word_1_373' title='bbox 1166 4689 1217 4747; x_wconf 91' lang='lat' dir='ltr'><em>Lc.</em></span> <span class='ocrx_word' id='word_1_374' title='bbox 1238 4690 1395 4760; x_wconf 80' lang='lat'><em>12,16-20.</em></span> <span class='ocrx_word' id='word_1_375' title='bbox 1442 4717 1445 4724; x_wconf 91' lang='lat'>.</span> 
     </span>
    </p>
   </div>
   <div class='ocr_carea' id='block_1_9' title="bbox 0 0 2042 5504">
    <p class='ocr_par' dir='ltr' id='par_1_12' title="bbox 0 0 2042 5504">
     <span class='ocr_line' id='line_1_41' title="bbox 0 0 2042 5504; baseline 0 0"><span class='ocrx_word' id='word_1_376' title='bbox 0 0 2042 5504; x_wconf 95' lang='lat' dir='ltr'><em> </em></span> 
     </span>
    </p>
   </div>
  </div>
 </body>
</html>
