4092 5502
455 414 537 498 286
822 444 848 503 s.
877 445 1129 507 nmaouvnr
1153 433 1418 506 ransev'rnnl

454 655 602 733 transire,
617 659 739 722 teneris
760 659 914 725 inclusus.
932 661 1009 726 Non
1027 670 1077 726 est
1094 663 1188 726 ruina
1205 664 1377 741 maceriae,
1393 645 1501 748 neque
1517 645 1685 728 transitus.
1707 660 1805 727 Cum·

455 777 520 839 que
536 760 580 823 ibi
597 770 630 826 te
656 765 822 828 tenuerint
844 768 940 848 quasi
961 768 1107 851 quodam
1135 788 1219 851 gyro
1245 767 1419 847 inclusum,
1435 779 1515 832 tunc
1542 788 1608 832 non
1625 769 1688 831 eris
1704 768 1737 831 in
1749 786 1806 830 an·

455 873 553 944 gusta
569 865 623 929 via
638 887 724 949 quae
748 863 898 934 ducit'ad
915 873 1028 948 vitam,
1044 873 1101 936 sed
1119 874 1152 936 in
1170 873 1238 938 lata
1258 893 1343 956 quae
1358 874 1451 937 ducit
1466 873 1508 936 ad
1526 881 1677 936 mortem.
1689 871 1808 954 Neque

455 966 580 1033 clamor
596 969 628 1034 in
648 972 767 1054 plateis
794 994 917 1039 eorum.
944 975 1104 1041 Clamitat
1130 978 1234 1056 Iesus,
1253 987 1286 1041 et
1311 987 1409 1043 vocat
1431 978 1473 1041 ad
1490 997 1535 1054 se,
1550 987 1584 1041 et
1599 976 1702 1040 dicit:
1717 979 1724 1008 ‘
1740 974 1808 1057 Qui

457 1071 535 1149 sitit,
551 1074 663 1138 veniat
678 1087 711 1139 et
733 1077 827 1140 bibat
842 1079 857 1142 '.
875 1079 1010 1144 Clamor
1028 1080 1151 1145 lesuin
1169 1081 1222 1146 via
1238 1091 1380 1164 angusta
1396 1089 1457 1158 est,
1475 1082 1508 1144 in
1534 1079 1653 1163 plateis
1668 1078 1808 1143 haereti·
1848 1085 1863 1142 5

457 1194 569 1240 corum
587 1198 653 1244 non
670 1190 729 1245 est.
1528 1265 1531 1270 1

501 1279 640 1345 Beatum
655 1281 971 1368 dtireruntpopulum
994 1289 1048 1351 cui
1070 1287 1245 1352 kaecsunt.
1271 1288 1370 1352 Multi
1387 1288 1572 1353 nescientes
1588 1285 1704 1352 beatos
1727 1283 1811 1348 tales

458 1395 588 1465 putant.
604 1387 760 1453 Ceterum
779 1391 874 1455 nobis
890 1391 1087 1474 simplicitas
1113 1393 1285 1475 xpistiana
1300 1415 1307 1456 :
1323 1392 1480 1456 nolumus
1489 1390 1719 1478 'eloquentiam
1737 1387 1812 1452 Pla·

459 1489 615 1567 tonicam,
631 1492 689 1554 sed
715 1493 869 1558 volumus
895 1497 1144 1579 simplicitatem
1172 1495 1390 1578 apostolicam
1418 1497 1630 1578 piscatorum.
1648 1493 1717 1560 lste
1742 1503 1812 1561 rete

460 1601 561 1670 tenet,
577 1592 700 1660 lutatos
727 1597 828 1661 habet
854 1601 956 1681 pedes
973 1610 1006 1664 et
1023 1620 1141 1664 manus
1165 1621 1211 1664 ex
1227 1619 1349 1683 opere;
1366 1601 1428 1664 iste
1454 1621 1499 1664 ex
1525 1618 1626 1681 opere
1651 1597 1812 1662 callosam
1836 1613 1866 1649 ¹⁰

461 1715 596 1760 manum
613 1698 722 1764 habet.
746 1705 869 1766 Beatus
882 1705 1024 1787 populus
1048 1703 1140 1769 cuius
1164 1715 1212 1769 est
1226 1703 1391 1768 Dominus
1416 1704 1508 1768 Deus
1521 1703 1597 1767 eries.
1615 1703 1739 1767 Beatus
1761 1711 1814 1765 est

460 1799 612 1879 populus,
629 1804 684 1884 qui
710 1824 770 1887 pro
796 1809 951 1872 omnibus
975 1807 1101 1874 divitiis
1128 1809 1286 1892 Xpistum
1311 1808 1420 1872 habet.
1440 1808 1491 1872 llll
1515 1808 1639 1872 habent
1667 1805 1752 1870 filios
1778 1815 1813 1869 et

461 1901 555 1981 filias,
570 1914 604 1969 et
619 1907 759 1988 cellaria,
775 1931 854 1975 oves
882 1897 1035 1989 foetosae,
1051 1913 1153 1978 boves
1179 1933 1307 1978 crassos
1322 1922 1356 1978 et
1372 1911 1496 1978 nitidos
1523 1921 1624 1994 atque
1640 1909 1815 1974 formosos.

463 2007 619 2073 Ceterum
646 2032 707 2076 nos
733 2034 798 2078 non
824 2017 986 2081 habemus
1012 2017 1272 2092 multitudinem,
1289 2019 1347 2082 sed
1375 2018 1500 2081 scimus
1527 2015 1608 2080 illud
1634 2014 1761 2078 dictum
1779 2013 1813 2075 in

462 2117 636 2198 evangelio
649 2123 678 2181 :‘
697 2119 910 2204 Ubicumque
937 2121 1059 2187 luerint
1073 2123 1142 2187 duo
1158 2132 1216 2186 aut
1232 2131 1298 2186 tres
1314 2119 1508 2204 congregati
1526 2121 1558 2184 in
1577 2119 1713 2184 nomine
1730 2137 1816 2192 meo,
1840 2131 1868 2184 ¹5
2029 2102 2030 2192 i

463 2217 507 2282 ibi
525 2220 557 2282 in
576 2222 688 2287 medio
702 2243 776 2286 sum
794 2224 810 2288 '.
829 2226 881 2289 Ne
897 2226 1026 2303 timeas,
1041 2247 1125 2307 grex
1142 2225 1277 2309 parvule
1293 2249 1300 2289 :
1315 2225 1394 2308 quia
1409 2223 1601 2307 conplacuit
1629 2223 1703 2286 Deo
1718 2221 1814 2285 habi·

463 2331 532 2385 tare
549 2323 580 2384 in
599 2333 639 2388 te.
658 2325 710 2388 Ne
726 2327 840 2392 dicant
858 2329 1012 2394 monachi
1028 2330 1135 2394 :Ecce
1150 2339 1265 2393 tantae
1281 2323 1522 2405 multitudines,
1531 2328 1684 2392 civitates
1697 2325 1818 2408 plenae

462 2435 548 2502 sunt,
564 2431 674 2492 omnis
693 2431 803 2514 orbis:
821 2453 920 2496 nemo
936 2453 1015 2516 ergo
1031 2433 1186 2510 salvatur,
1203 2432 1266 2496 nisi
1293 2433 1350 2515 qui
1367 2433 1400 2518 ip
1417 2432 1621 2496 monasterio
1636 2435 1710 2494 est?
1727 2429 1818 2493 Ecce

462 2538 577 2595 tantae
593 2533 845 2600 multitudines:
862 2557 922 2601 nos
947 2557 1027 2620 ergo
1053 2536 1115 2601 soli
1142 2537 1333 2600 salvamur?
1349 2533 1496 2618 Quando
1523 2533 1585 2596 hoc
1609 2531 1820 2616 cogitaveris

463 2635 541 2698 audi
557 2659 563 2700 :
580 2635 634 2700 Ne
649 2639 778 2718 timeas,
794 2659 878 2723 grex
906 2642 1052 2724 parvule,
1067 2642 1145 2724 quia
1172 2640 1363 2723 conplacuit
1381 2638 1469 2704 Patri
1495 2637 1646 2702 habitare
1661 2637 1695 2699 in
1712 2646 1754 2700 te.
1771 2635 1820 2700 Et
1841 2655 1873 2692 20

464 2757 551 2802 nunc
568 2740 690 2805 lectum
717 2747 826 2809 estin
852 2746 1035 2830 evangelie,
1051 2725 1139 2828 quod
1167 2765 1233 2808 una
1259 2744 1371 2807 anima
1397 2741 1555 2819 salvatur,
1571 2749 1607 2804 ut
1634 2741 1703 2804 duo
1726 2739 1821 2804 milia

462 2862 637 2924 porcorum
655 2848 881 2928 pereantHoc
898 2857 1006 2912 totum
1035 2868 1137 2932 quare
1152 2849 1252 2913 dico?
1269 2847 1439 2930 Quoniam
1455 2844 1632 2927 pretiosior
1654 2851 1705 2906 est
1721 2843 1822 2906 unius

463 2947 568 3010 sancti
586 2951 706 3028 anima,
722 2973 821 3034 quam
847 2952 995 3016 infinitae
1013 2953 1244 3017 multitudines
1274 2959 1496 3034 peccatorum.
1515 2947 1568 3010 De
1596 2955 1668 3011 toto
1694 2947 1823 3010 mundo

463 3046 639 3116 duodecim
653 3053 754 3137 elegit
769 3057 941 3139 apostolos
956 3083 963 3122 :
979 3058 1022 3122 de
1037 3057 1214 3122 duodecim
1244 3076 1328 3120 unus
1354 3053 1497 3129 recessit,
1514 3059 1744 3115 remanserunt
1757 3069 1820 3114 un-

463 3151 579 3218 decim.
608 3156 711 3221 Venit
737 3179 829 3237 crux,
845 3161 961 3224 decem
992 3161 1167 3244 sugerunt:
1183 3159 1343 3223 remansit
1370 3175 1455 3222 unus
1485 3156 1611 3233 Petrus,
1627 3175 1713 3219 unus
1739 3174 1819 3220 cum
1842 3174 1871 3226 25

464 3273 539 3320 uno.
557 3257 601 3321 Et
617 3260 688 3341 ipse
705 3281 791 3325 unus
807 3263 900 3346 sugit,
914 3280 1016 3349 atque
1043 3267 1169 3328 utinam
1199 3262 1356 3345 fugisset:
1372 3269 1406 3323 et
1422 3270 1532 3343 negat.
1549 3260 1642 3343 Ergo
1658 3261 1822 3337 dicamus,

447 3360 651 3426 universum
667 3384 773 3446 genus
789 3367 973 3432 humanum
990 3369 1095 3450 periit.
1109 3365 1278 3450 Quoniam
1295 3364 1445 3446 perierat,
1462 3371 1637 3445 propterea
1650 3361 1821 3426 Dominus

461 3463 639 3530 crucifixus
651 3469 714 3534 ait:
729 3477 736 3503 ‘
753 3471 914 3536 Torcular
926 3471 1051 3536 calcavi
1064 3473 1163 3548 solus,
1173 3479 1207 3534 et
1220 3471 1262 3533 de
1272 3467 1427 3551 gentibus
1441 3467 1490 3531 vir
1503 3486 1569 3531 non
1583 3466 1644 3531 suit
1657 3485 1788 3530 mecum
1804 3466 1822 3522 '-

461 3566 513 3631 Eo
529 3577 680 3654 tempore
695 3575 871 3658 conpletus
887 3587 938 3640 est
955 3577 1126 3660 psalmus:
1142 3581 1149 3608 ‘
1168 3573 1308 3640 Salvum
1327 3591 1380 3636 me
1404 3570 1455 3637 sac
1484 3571 1640 3648 Domine,
1655 3570 1819 3654 quoniam

491 3783 652 3853 aelamitae]
664 3787 727 3846 CG;
746 3789 869 3838 clamatu
881 3810 888 3850 ;
908 3791 1001 3840 clamor
1013 3788 1037 3856 β.
1068 3845 1071 3852 ,
1138 3787 1250 3849 clvocat]
1270 3794 1364 3836 revocat
1382 3782 1407 3850 β.
1507 3781 1585 3831 enon
1602 3781 1648 3844 est]
1669 3781 1819 3832 1om.mn.

460 3861 626 3927 sxplifl'anss]
639 3866 655 3934 β
667 3869 725 3919 add.
739 3877 782 3921 erl.
850 3884 867 3933 9
872 3874 1036 3936 pr'scalorum.
1050 3872 1109 3932 lste]
1122 3871 1214 3920 ABCG
1227 3887 1234 3928 3
1253 3877 1278 3932 p.
1292 3869 1343 3918 Ista·
1354 3867 1365 3915 1
1377 3884 1386 3928 5
1401 3866 1514 3916 Piscator
1524 3865 1569 3914 istc
1582 3862 1606 3924 β.
1677 3876 1707 3914 to
1717 3859 1821 3926 tutatos]

461 3944 549 3996 lutosos
563 3947 586 4013 β
672 3950 909 4017 isteexoperelom.
925 3951 949 4020 β.
992 4009 995 4018 x
1038 3967 1066 4013 14
1077 3951 1178 4014 scincus]
1189 3951 1309 3999 discimus
1321 3949 1354 3997 G.
1446 3944 1474 3994 16
1486 3944 1574 4006 nudie]
1587 3941 1626 4011 βΕ
1638 3943 1711 3994 inser.
1721 3959 1819 3994 mni.

466 4036 493 4086 17
506 4029 693 4093 multitudr'ms]
706 4035 879 4084 rrrultiiudim's
891 4037 921 4086 C.
1021 4036 1143 4096 civitates]
1160 4033 1271 4083 civitatis
1292 4033 1319 4079 B.
1424 4026 1452 4076 18
1471 4025 1553 4076 ovinis
1571 4022 1646 4084 orbis]
1667 4023 1717 4091 βΙ;
1736 4040 1822 4074 omnes

461 4109 531 4158 urbes
544 4111 595 4161 BC.
700 4129 728 4179 ¹9
743 4117 857 4179 Quando]
870 4116 909 4184 βΒ
920 4117 993 4168 inser.
1007 4133 1070 4180 ergo.
1172 4125 1203 4179 25
1215 4114 1282 4174 cunc]
1293 4110 1451 4161 cochorr.
1553 4106 1584 4156 26
1595 4115 1618 4157 et
1629 4106 1763 4170 negat133
1780 4107 1825 4158 red

460 4195 534 4250 Μαί
541 4191 565 4240 Α
578 4193 694 4251 (sedadd.
704 4213 758 4261 sup.
769 4200 825 4260 lin.)
838 4217 844 4260 ς
857 4199 1006 4262 negatC;ct
1013 4215 1063 4247 non
1072 4205 1181 4262 turpasset
1193 4194 1233 4263 βΙ.
1328 4202 1359 4254 27
1367 4189 1457 4255 periit]
1464 4191 1545 4254 periet
1554 4190 1585 4239 G.
1681 4187 1822 4250 Dominus]

459 4270 481 4320 C
493 4287 548 4337 sup.
563 4273 606 4325 lin.
621 4277 679 4327 add.
693 4279 769 4331 dixit.
872 4281 903 4332 28
913 4282 1050 4346 cruciſsm
1060 4277 1108 4339 ait]
1118 4279 1255 4345 crucifixus
1267 4285 1301 4328 cst
1314 4275 1358 4325 BG
1370 4293 1377 4334 ;
1389 4271 1526 4337 crucifi-tus
1539 4297 1573 4318 m
1586 4270 1616 4320 C.
1717 4269 1761 4318 vir
1770 4285 1822 4319 non

451 4351 520 4417 suit]
532 4371 582 4404 '¹011
592 4366 629 4407 es!
640 4361 683 4408 vir
695 4359 756 4428 β.
822 4377 853 4425 ²9
864 4363 979 4428 tempore]
991 4365 1014 4414 G
1027 4363 1101 4414 inser.
1112 4364 1167 4427 qui.

502 4557 528 4614 3.
544 4540 587 4596 ad
599 4541 728 4624 rnortcm]
746 4547 852 4605 Matth.
872 4565 896 4621 7,
917 4566 951 4622 ¹3
967 4565 1009 4624 sq.
1207 4563 1252 4603 ²1·
1271 4539 1582 4622 1‘uevangels'o]Marc.
1600 4558 1626 4616 52
1645 4557 1736 4614 ²⁵qq·

502 4637 527 4694 5.
545 4620 635 4701 bibat]
649 4625 691 4682 Io.
711 4645 735 4699 7,
754 4645 799 4700 37.
1207 4628 1254 4684 28·
1271 4618 1389 4703 mecum]
1407 4626 1444 4684 1⁸·
1463 4625 1510 4698 ⁶32
1527 4643 1554 4697 3·

507 4707 549 4762 16.
566 4701 642 4783 sum]
659 4707 766 4766 Matth.
788 4713 831 4780 18,
851 4728 896 4768 ao.
