4092 5502
478 423 560 505 290
856 421 884 481 S.
910 419 1163 480 HIERONYMI
1191 418 1454 478 PRESBYTERI

521 631 589 712 Qui
601 633 741 698 custodit
755 634 926 697 veritatem
951 632 985 696 in
1010 633 1181 698 sacacium.
1199 633 1235 699 Si
1263 652 1325 697 nos
1340 631 1508 715 obpremit
1525 631 1746 708 mendacium,
1760 649 1827 694 non

474 737 729 802 contristemur:
745 737 893 803 custodit
909 739 1075 802 Dominus
1088 721 1262 803 veritatem
1279 737 1312 800 in
1329 734 1508 800 saeculum.
1526 735 1650 798 Nescio
1658 734 1733 818 quis
1748 753 1828 798 con·

475 849 525 905 tra
541 859 602 904 nos
619 842 778 905 mentitus
793 851 853 917 est,
869 849 902 905 et
919 841 1025 924 magis
1049 841 1096 906 illi
1123 842 1267 907 creditur
1283 840 1468 916 mentienti,
1482 859 1584 922 quam
1602 837 1699 902 nobis
1714 855 1828 902 verum

475 944 671 1009 dicentibus.
696 944 775 1009 Non
802 945 963 1010 debemus
993 946 1191 1028 desperare:
1217 944 1364 1010 custodit
1389 943 1557 1007 Dominus
1595 942 1768 1006 veritatem
1796 939 1829 1003 in

476 1048 655 1114 saeculum.
671 1048 812 1114 Pulchre
838 1049 935 1127 dixit,
950 1051 1105 1116 custodit.
1122 1049 1280 1115 Custodit
1304 1047 1405 1125 illam,
1427 1057 1461 1111 et
1485 1047 1587 1112 habet
1615 1045 1648 1108 in
1674 1045 1831 1109 thesauro
1865 1063 1877 1116 ς

476 1174 556 1218 suo:
571 1154 689 1218 reddet
716 1154 812 1218 nobis
839 1155 929 1238 quod
957 1155 1107 1220 servavit.
1125 1154 1192 1238 Qui
1215 1153 1361 1218 custodit
1387 1151 1562 1215 veritatem
1589 1149 1622 1212 in
1653 1147 1831 1212 saeculum.

477 1258 618 1340 Xpistus
634 1259 755 1323 veritas
767 1269 818 1324 est
833 1283 840 1322 ε
856 1256 1030 1323 veritatem
1048 1257 1232 1339 loquamur,
1242 1265 1276 1320 et
1288 1254 1409 1320 veritas
1420 1252 1515 1317 nobis
1525 1262 1636 1316 servat
1648 1253 1832 1316 veritatem.

477 1361 571 1426 Facit
586 1361 745 1425 iudicium
761 1361 921 1426 iniuriam
943 1361 1155 1442 patientibus.
1172 1360 1314 1425 Etiamsi
1342 1359 1436 1422 tarde
1454 1356 1555 1432 venit,
1570 1375 1637 1419 non
1653 1357 1833 1439 desperes:

477 1468 612 1530 veniens
622 1465 741 1544 veniet,
753 1473 786 1530 et
798 1465 948 1530 salvabit.
963 1464 1058 1530 Facit
1070 1465 1227 1530 iudicium
1241 1463 1395 1527 iniuriam
1407 1459 1621 1542 patientibus.
1636 1459 1712 1522 Hoc
1723 1459 1831 1524 solum

477 1570 519 1634 sit
535 1569 568 1635 in
585 1581 699 1635 nostra
714 1559 927 1648 conscientia,
937 1570 1015 1652 quia
1031 1569 1152 1634 iniuste
1164 1569 1318 1651 patimur.
1331 1567 1406 1630 Hoc
1418 1564 1602 1629 habeamus
1616 1565 1648 1628 in
1661 1567 1830 1630 conscien-
1853 1587 1880 1624 ro

477 1675 533 1751 tia,
548 1674 626 1758 quia
642 1693 708 1737 non
726 1681 862 1755 propter
876 1683 1014 1755 peccata
1041 1681 1154 1738 nostra
1171 1671 1325 1755 patimur,
1341 1681 1374 1734 et
1390 1688 1457 1732 non
1488 1667 1627 1732 iacimus
1643 1667 1724 1732 illud
1741 1671 1831 1752 quod

477 1777 652 1860 arguimur.
671 1775 857 1839 Datescam
880 1774 1102 1839 esurientibus.
1122 1776 1166 1839 Et
1191 1776 1375 1838 seeundum
1391 1773 1535 1838 litteram
1561 1774 1715 1839 aedificat
1733 1795 1740 1852 ;
1755 1786 1790 1840 et
1805 1777 1831 1838 si

477 1879 671 1964 simpliciter
698 1878 918 1961 intellegatur,
941 1877 1096 1943 aedificat
1123 1879 1324 1942 audientem.
1340 1881 1346 1908 ‘
1365 1877 1536 1958 Respicite
1561 1877 1711 1941 volatilia
1740 1877 1833 1956 caeli,

478 1985 638 2069 quianon
656 1993 769 2047 serunt
785 2003 893 2066 neque
911 1991 1049 2060 metunt,
1066 1992 1099 2046 et
1116 1982 1214 2046 Pater
1230 1991 1339 2045 vester
1354 1979 1506 2045 caelestis
1523 1982 1630 2064 pascit
1646 1981 1703 2046 illa
1719 1984 1735 2048 ¹.
1764 1983 1833 2048 Dat

479 2105 589 2151 escam
615 2085 844 2150 esurientibus.
873 2086 1105 2150 Esurientibus
1132 2085 1200 2162 dat,
1224 2103 1290 2148 non
1320 2084 1536 2148 ructantibus.
1564 2083 1631 2166 Qui
1658 2104 1738 2168 ergo
1766 2105 1879 2158 non15

478 2187 580 2252 habet
604 2187 796 2266 monachus,
822 2187 1028 2252 confidenter
1054 2187 1217 2270 accipiat:
1245 2186 1302 2268 qui
1327 2185 1429 2250 habet
1455 2197 1488 2252 et
1516 2197 1650 2250 ructans
1677 2196 1737 2266 est,
1765 2206 1830 2250 non

477 2291 628 2375 accipiat.
645 2289 717 2356 Seis
733 2292 812 2374 quia
828 2293 941 2370 esuris,
957 2293 1021 2355 scis
1048 2293 1126 2374 quia
1153 2312 1218 2355 non
1235 2290 1358 2355 habes:
1375 2292 1402 2354 si
1419 2292 1570 2355 esurieris
1586 2302 1619 2355 et
1636 2311 1702 2356 non
1720 2291 1832 2368 babes,

479 2397 585 2478 magis
601 2397 662 2460 das
678 2393 885 2472 beneficium,
901 2397 928 2459 si
945 2397 1097 2480 accipias,
1113 2414 1214 2479 quam
1239 2396 1394 2459 tribuitur
1410 2396 1477 2459 tibi.
1496 2394 1532 2460 Si
1549 2405 1661 2460 autem
1678 2393 1782 2460 habes
1797 2404 1831 2459 et

479 2517 545 2564 non
562 2496 675 2576 esuris,
691 2519 757 2562 non
775 2499 876 2562 debes
892 2501 1004 2564 cibum
1021 2499 1234 2564 esurientium
1253 2497 1378 2574 tollere,
1395 2507 1431 2563 ut
1447 2509 1482 2562 tu
1499 2499 1643 2582 accipias
1653 2508 1829 2562 saturatus.

479 2603 607 2685 Accipe
623 2603 712 2686 quod
730 2603 762 2666 in
780 2613 929 2669 ventrem
958 2605 1081 2682 mittas,
1097 2622 1163 2667 non
1179 2603 1269 2685 quod
1296 2604 1329 2665 in
1346 2603 1514 2667 sacculum
1529 2627 1536 2666 :
1554 2603 1665 2685 accipe
1682 2604 1829 2666 tunicam
1851 2629 1881 2664 ιο

479 2729 563 2792 quae
579 2727 699 2790 corpus
715 2717 816 2790 tegat,
833 2727 899 2771 non
926 2726 1012 2789 quae
1027 2725 1119 2770 arcas
1147 2705 1294 2787 impleat.
1312 2709 1382 2768 Dat
1395 2727 1498 2770 escam
1513 2705 1737 2772 esurrentibus.
1756 2707 1833 2771 Hoc

478 2811 661 2888 secundum
679 2810 832 2875 litteram.
849 2809 1010 2874 Dicamus
1027 2821 1060 2874 et
1076 2808 1179 2874 aliter.
1196 2808 1392 2872 Esuriamus
1408 2809 1579 2891 Xpistum,
1594 2819 1627 2874 et
1644 2809 1714 2891 ipse
1735 2808 1833 2872 nobis

477 2917 536 2980 dat
552 2913 728 2978 caelestem
746 2933 875 2996 panem.
892 2918 900 2945 ‘
917 2914 1042 2977 Panem
1055 2921 1205 2978 nostrum
1222 2909 1427 2975 cotidianum
1444 2913 1487 2976 da
1505 2913 1601 2978 nobis
1617 2913 1717 2976 hodie
1729 2912 1743 2976 ’.
1757 2913 1834 2976 Hoc

478 3017 534 3100 qui
561 3017 686 3096 dicunt,
702 3017 869 3082 esuriunt:
886 3017 942 3100 qui
969 3035 1089 3100 panem
1117 3014 1318 3092 desiderant,
1333 3015 1490 3079 esuriunt.
1506 3016 1573 3099 Qui
1601 3016 1691 3093 dicit,
1710 3016 1832 3080 Panem

479 3129 628 3186 nostrum
645 3119 851 3185 cotidianum
868 3120 912 3184 da
928 3118 1024 3183 nobis
1040 3117 1149 3195 hodie,
1166 3119 1280 3201 utique
1295 3118 1443 3183 esuriens
1460 3117 1614 3202 loquitur.
1631 3120 1701 3183 Dat
1721 3139 1832 3183 escam
1851 3147 1879 3200 25

477 3223 705 3292 esurientibus.
725 3225 824 3288 Putat
840 3223 959 3306 aliquis
976 3223 1065 3306 quod
1083 3241 1204 3304 panem
1229 3221 1405 3286 caelestem
1423 3224 1465 3286 de
1482 3225 1648 3308 mysteriis
1672 3225 1769 3288 dicat.
1789 3225 1834 3288 Et

477 3327 540 3394 hoc
557 3328 692 3411 quidem
710 3327 902 3410 accipimus,
916 3328 995 3409 quia
1020 3347 1095 3391 vere
1122 3346 1200 3389 caro
1217 3325 1330 3408 Xpisti
1348 3335 1407 3400 est,
1422 3338 1455 3390 et
1474 3348 1548 3391 vere
1564 3329 1700 3412 sanguis
1717 3327 1830 3410 Xpisti

478 3444 537 3499 est.
554 3431 709 3499 Ceterum
726 3431 877 3496 dicamus
902 3443 936 3496 et
963 3431 1067 3496 aliter.
1090 3431 1189 3494 Panis
1207 3430 1319 3512 Xpisti
1336 3441 1369 3494 et
1384 3451 1462 3495 caro
1479 3431 1549 3496 eius
1574 3452 1683 3498 sermo
1699 3433 1832 3498 divinus

512 3622 653 3688 calquis]
673 3637 699 3670 a.
713 3620 760 3686 qui
770 3620 801 3686 G.
905 3631 919 3682 3
938 3615 1037 3678 venum]
1055 3631 1114 3666 uera
1134 3617 1183 3666 G.'
1266 3615 1282 3665 6
1301 3617 1368 3681 quod
1384 3616 1505 3678 servavit]
1523 3617 1591 3682 quod
1604 3623 1696 3682 scripu
1707 3623 1791 3666 serata!
1802 3615 1830 3666 C.

479 3715 492 3765 7
505 3697 648 3767 loquamur]
660 3701 789 3766 loquimur
800 3702 831 3751 G.
917 3699 932 3748 8
944 3699 1013 3748 tarde
1026 3698 1104 3758 venit]
1119 3697 1161 3747 BC
1173 3716 1180 3758 ;
1192 3699 1262 3746 tarde
1273 3699 1344 3746 venis
1355 3697 1392 3747 Gl
1404 3716 1410 3756 ς
1422 3698 1563 3747 tardaverit
1575 3696 1600 3765 β.
1689 3710 1705 3759 9
1716 3697 1833 3758 salvabit]

479 3787 515 3836 (il
528 3787 586 3836 add.
601 3791 630 3834 te.
719 3785 821 3850 loquio
833 3779 936 3840 iniuste]
947 3799 969 3846 q.
981 3783 1046 3831 iuste
1057 3781 1077 3831 C
1088 3796 1143 3830 corr
1154 3798 1161 3839 ;
1173 3781 1236 3844 quia
1242 3787 1291 3845 pro
1302 3781 1432 3830 iniustitia
1444 3781 1456 3829 1
1469 3799 1476 3841 ς
1489 3781 1632 3830 c'ru'ustitr'ae
1644 3780 1667 3830 G
1680 3781 1739 3839 (oar.
1749 3781 1830 3844 quia).

481 3882 506 3920 ιι
520 3869 582 3934 arrio
594 3873 653 3934 uon]
665 3867 729 3918 codd
740 3885 746 3926 3
759 3867 820 3930 quia
832 3881 875 3914 nos
888 3863 910 3932 β.
987 3863 1054 3928 quat
1063 3861 1208 3926 arguimur]
1221 3863 1251 3924 C,
1264 3863 1331 3928 quod
1339 3879 1477 3927 urguemur
1488 3863 1508 3911 B
1519 3881 1526 3922 ;
1537 3871 1582 3928 pra
1593 3879 1641 3927 quo
1651 3862 1789 3925 arguimur
1801 3859 1815 3930 β
1826 3878 1832 3919 ;

478 3952 544 4018 quod
553 3951 674 4016 arguitur
686 3951 707 4011 1,
720 3949 787 4013 quat
795 3956 919 4012 argueretur
928 3947 959 3996 G.
1032 3958 1060 4008 14
1073 3945 1143 4010 quia]
1155 3961 1201 4010 pue
1213 3945 1244 3995 G.
1317 3958 1325 3993 ι
1331 3955 1344 4008 5
1357 3962 1407 3996 uon
1419 3942 1584 4003 ructantibus]
1596 3961 1646 3994 rum
1658 3944 1834 3993 ructuantibus

478 4035 646 4094 Ccorr3rtou
658 4031 846 4082 eructuautr'trus
859 4028 882 4096 β.
978 4029 1031 4089 Qui
1041 4024 1106 4091 crgo]
1117 4044 1180 4092 quae
1190 4043 1210 4077 e.
1226 4027 1253 4076 B.
1348 4025 1377 4076 16
1390 4025 1581 4088 morrackuslGI
1594 4027 1652 4076 add.
1665 4034 1707 4076 ert.
1799 4024 1833 4086 et]

479 4132 528 4166 om.
544 4115 613 4166 CGI.
693 4113 938 4173 rurtau51ructuaus
951 4111 971 4160 C
984 4126 1038 4160 corr
1050 4118 1202 4168 ;erurtuaus
1215 4107 1238 4176 β.
1327 4108 1587 4171 17csurieris]esuris
1600 4109 1620 4158 I.
1708 4105 1833 4172 {Spicum}

478 4197 638 4262 codd3qual
649 4197 674 4264 β.
773 4209 801 4258 19
814 4191 965 4251 norresuris]
978 4193 988 4242 l
1002 4208 1051 4242 om.
1067 4208 1124 4241 rrarr.
1218 4191 1415 4252 norrdcte51rcou
1428 4191 1498 4240 hadas
1511 4191 1542 4241 G.
1639 4197 1668 4238 ut
1678 4197 1707 4238 tu
1718 4187 1833 4253 accipiar]

479 4283 558 4340 C;ut
569 4289 598 4329 tu
609 4280 727 4343 acciperes
738 4277 838 4336 BG5et
849 4278 955 4340 arripere
968 4273 992 4342 β
1093 4273 1232 4334 saturatur]
1250 4280 1414 4322 saturaturus
1434 4274 1461 4323 B.
1562 4284 1591 4321 21
1606 4272 1686 4333 orcas]
1705 4287 1790 4320 arraru
1804 4270 1833 4328 13

478 4379 536 4412 aua
548 4363 580 4412 G.
661 4373 690 4423 27
703 4359 933 4420 verecaroloerac.
948 4357 1023 4415 BG„
1088 4363 1111 4405 et
1122 4371 1176 4404 vere
1186 4357 1291 4419 sanguis
1301 4355 1390 4420 Xpisti
1399 4356 1443 4416 est]
1456 4353 1535 4422 peel
1547 4371 1554 4414 ;
1567 4371 1616 4404 om.
1632 4355 1662 4404 Α.
1748 4353 1778 4402 28
1793 4351 1832 4401 Ce-

478 4439 570 4502 terum]
581 4459 634 4494 om.
646 4443 677 4493 G.

520 4623 546 4680 9.
563 4603 676 4662 venans
690 4599 792 4682 ueniet]
810 4600 926 4661 Habac.
945 4619 970 4672 2,
989 4620 1013 4675 3.
1160 4626 1164 4636 ·
1226 4618 1270 4674 23.
1288 4594 1381 4677 bodri]
1399 4597 1505 4658 Mattb.
1523 4599 1610 4668 6,1r.

524 4705 566 4756 ¹4·
584 4680 650 4764 tila]
667 4685 774 4744 Matth.
792 4685 818 4757 ό,
834 4683 882 4741 26.
