4154 5494
609 451 864 513 erimarus
885 443 943 510 ne
955 441 1133 511 mnino
1153 447 1313 512 cxxxn.
1559 442 1641 528 245

297 665 377 732 libri.
392 663 473 734 Ecce
497 662 689 736 audivimus
712 691 784 734 eam
808 670 842 736 in
858 669 1015 754 Epirota.
1034 652 1235 734 ln'hebraeo
1260 685 1326 734 non
1352 665 1453 732 habet
1477 687 1560 744 eum,
1584 664 1642 730 sed

296 771 395 837 habet
409 793 483 837 eum
497 798 505 837 :
520 774 583 839 hoc
596 785 656 852 est,
668 775 760 840 illum
777 775 833 858 qui
851 771 1036 840 nasciturus
1048 782 1099 839 est
1110 767 1153 839 de¹
1164 773 1291 838 semiue
1307 771 1427 838 David.
1439 767 1645 836 Audivimus

290 879 362 939 riam
381 877 416 942 in
433 875 585 961 Epirota
595 877 610 944 ε’
618 881 709 964 quod
726 879 768 944 de
785 877 894 944 Maria
908 885 1025 944 sensus
1040 879 1091 944 sit.
1109 875 1175 943 Sed
1192 887 1226 942 et
1242 876 1437 961 simpliciter
1452 869 1644 960 intellegere

295 981 480 1064 possumus,
494 985 653 1066 quoniam
680 984 831 1068 Ephrata
857 983 1029 1049 Bethleem
1054 982 1184 1058 dicitur,
1200 992 1233 1047 et
1249 977 1404 1066 Xpistus'
1418 981 1454 1045 in·
1468 981 1642 1045 Bethleem

256 1096 273 1151 5
298 1094 396 1149 uatus
410 1087 462 1153 sit.
479 1086 576 1154 Felix
600 1085 701 1171 igitu'r
716 1085 887 1171 locus,'qui
915 1083 1013 1153 tanto
1035 1097 1114 1151 ante
1140 1096 1292 1170 ternpore
1308 1079 1545 1170 prophetalem
1562 1103 1644 1148 uoce

297 1197 450 1254 cantatus
466 1201 525 1257 est.
541 1189 666 1257 Omnia
682 1191 817 1278 quidem
833 1189 907 1258 loca
921 1187 1038 1257 sancta
1052 1187 1254 1256 venerabilia
1265 1185 1464 1270 su'nt,e't'ubi
1474 1195 1644 1265 natusest,

296 1301 331 1356 et
345 1292 402 1358 ubi
418 1293 596 1359 crucifixus
611 1293 671 1372 esti
686 1306 720 1362 et
744 1295 800 1362 ubi
830 1293 1018 1374 resurrexit,
1034 1305 1067 1360 et
1094 1297 1149 1360 ubi
1166 1297 1208 1359 ad
1225 1291 1335 1361 c'aelos
1351 1297 1456 1361 victor
1470 1292 1644 1370 ascendit3

294 1395 351 1460 sed
372 1395 434 1462 is'te
451 1397 543 1464 locus
569 1400 702 1484 proprie
726 1401 945 1467 venerabilior
967 1411 1026 1467 est.
1041 1398 1167 1467 Videte
1181 1412 1308 1484 quanta
1324 1398 1548 1466 misericordia
1570 1397 1645 1462 Dei.

296 1497 361 1564 Hic
376 1512 475 1567 natus
491 1514 541 1569 est
556 1507 722 1588 parvulus,
737 1503 846 1572 inians
863 1507 895 1570 in
918 1526 1077 1590 praesepe
1093 1507 1247 1590 ponitur:
1262 1511 1270 1540 ‘
1286 1527 1352 1571 non
1369 1507 1458 1570 enim
1485 1513 1556 1569 erat
1580 1501 1645 1566 illis

239 1619 274 1660 ιο
297 1602 388 1669 locus
405 1608 437 1671 in
454 1605 635 1676 diuersorio
651 1611 715 1678 ’.Ο
742 1611 914 1687 monache,
930 1611 1098 1676 Dominus
1123 1611 1268 1676 nascitur
1293 1611 1327 1677 ln
1354 1621 1450 1689 terra,
1466 1619 1500 1674 et
1524 1607 1641 1673 cellam

292 1710 461 1792 propriam
479 1732 545 1776 non
574 1712 695 1780 habet:
711 1734 777 1780 uon
799 1724 869 1780 erat
885 1714 933 1778 illi
950 1714 1040 1780 locus
1055 1715 1088 1780 in
1105 1708 1296 1783 diversorio.
1316 1707 1521 1781 'universum
1538 1705 1644 1795 'genus

290 1812 473 1880 humanum
499 1817 645 1882 habebat
662 1818 771 1883 locum
787 1829 843 1886 :et
860 1815 1027 1885 Dominus
1054 1819 1238 1885 nasciturus
1255 1821 1288 1884 in
1305 1827 1391 1885 terra
1408 1839 1474 1883 non
1499 1819 1645 1884 habebat

288 1913 412 1982 locuni
430 1920 508 1984 Non
526 1921 653 1988 invenit
668 1917 777 1988 locu'm
805 1921 891 1990 inter
906 1923 1068 2000 homines,
1084 1943 1151 1988 non
1168 1924 1294 1989 invenit
1310 1923 1343 1989 in
1362 1924 1511 2002 Platone,
1526 1942 1593 1988 non
1611 1923 1644 1986 in

290 2019 475 2088 Aristotele
489 2045 498 2102 3
512 2025 571 2090 red
586 2023 621 2089 io
636 2045 808 2110 praesepe,
823 2028 908 2093 inter
923 2029 1072 2092 iumenta
1087 2037 1122 2092 et
1137 2023 1418 2103 bruta‘animalia,
1431 2035 1466 2090 et
1476 2019 1644 2108 simplices

238 2142 271 2198 ις
296 2141 447 2207 quosque
473 2135 506 2194 et
532 2126 732 2195 innocentes.
751 2129 852 2197 Unde
877 2131 958 2196 dicit
982 2140 1016 2196 et
1041 2130 1208 2196 Dominus
1223 2123 1257 2194 in
1274 2129 1468 2212 evangelio:
1491 2129 1643 2211 ‘Vulpes

292 2227 404 2293 foveas
428 2229 563 2310 habent,
586 2241 620 2298 et
646 2232 797 2300 volucres
822 2236 904 2302 caeli
937 2235 1033 2302 nidos
1058 2231 1113 2300 ubi
1140 2231 1374 2318 requiescant:
1401 2233 1503 2298 Filius
1528 2225 1641 2298 autem

292 2332 436 2399 hominis
452 2355 519 2401 non
535 2334 636 2402 habet
652 2338 708 2402 ubi
726 2349 827 2424 caput
843 2340 981 2405 reclinet
997 2334 1012 2405 ’ζ
1045 2387 1047 2392 -

681 2575 756 2650 ne
789 2575 1013 2652 Psalmo
1042 2545 1284 2654 cxxxii

293 2803 301 2902 J
331 2813 410 2880 Ecce
439 2837 537 2902 quum
560 2817 677 2883 bonum
692 2827 724 2881 et
744 2837 843 2900 quam
863 2818 1043 2896 iocundum,
1070 2818 1218 2883 habitare
1223 2821 1354 2902 fratres
1377 2821 1413 2887 in
1439 2845 1549 2890 unum.
1566 2825 1645 2888 Duo

234 2931 270 2970 20
289 2919 371 2986 dicit
386 2920 529 2988 :bonurn
546 2934 580 2988 et
596 2920 784 2988 iocundum.
799 2923 930 2988 Bonum
941 2933 991 2988 est
1002 2924 1214 3008 martyrium,
1225 2927 1283 2989 sed
1297 2946 1363 2990 non
1380 2936 1432 2992 est
1447 2925 1644 2996 iocundum:

290 3026 392 3095 habet
418 3029 507 3093 enim
533 3026 695 3112 supplicia
720 3013 754 3093 et
778 3047 912 3110 poenas,
935 3038 971 3104 et
1001 3048 1132 3111 semper
1148 3028 1181 3092 in
1207 3030 1409 3095 cruciatibus
1424 3031 1520 3096 dolor
1535 3044 1595 3110 est,
1610 3044 1644 3098 et

293 3132 407 3216 utique
423 3133 455 3196 in
473 3131 587 3198 dolore
603 3153 669 3197 non
686 3141 737 3198 est
753 3129 949 3197 iocunditas.
965 3131 1045 3196 Ecce
1059 3153 1158 3216 quam
1174 3133 1290 3198 bonum
1304 3144 1336 3198 et
1349 3156 1448 3218 quam
1464 3136 1643 3202 iucundum.

289 3237 434 3300 Rursum
451 3237 605 3320 voluptas
633 3237 776 3302 iocunda
792 3245 850 3301 est.
867 3235 969 3301 Verbi
991 3256 1100 3315 causa,
1115 3237 1207 3302 cibos
1222 3237 1337 3301 dulces
1352 3241 1536 3318 comedere,
1551 3241 1641 3306 vide-

287 3350 340 3405 tur
366 3342 546 3407 iocundum
563 3361 635 3406 esse
650 3365 657 3406 :
672 3339 830 3423 conpellit
857 3339 946 3405 enim
963 3341 1011 3404 ad·
1034 3340 1214 3406 libidinem.
1244 3341 1310 3406 Hic
1327 3363 1407 3426 ergo
1432 3345 1500 3410 duo
1523 3346 1645 3429 posuit,

231 3454 266 3509 ²⁵
287 3455 321 3510 et
337 3446 426 3530 quod
443 3446 506 3511 sibi
523 3444 697 3510 videbatur
713 3463 784 3507 esse
796 3443 997 3508 contrarium
1009 3445 1186 3510 -bonum
1203 3455 1253 3512 est
1273 3457 1307 3512 et
1330 3448 1509 3514 iocundum
1520 3471 1643 3515 -uno

286 3569 438 3614 sermone
462 3549 635 3614 coniunxit
652 3572 660 3613 ι
676 3549 764 3613 Ecce
787 3567 888 3630 quam
916 3547 1041 3613 bonum
1066 3558 1100 3613 et
1126 3569 1227 3632 quam
1256 3553 1445 3618 iocundum.
1465 3553 1642 3618 iocundum

285 3653 433 3720 habitare
437 3657 569 3738 fratres
578 3655 613 3718 in
626 3675 728 3719 unum
741 3677 753 3718 .·
763 3655 879 3719 iratres
892 3664 1013 3730 mente,
1026 3673 1090 3717 non
1108 3674 1254 3737 corpore.
1268 3655 1357 3719 Esau
1368 3666 1401 3718 et
1417 3655 1517 3718 Iacob
1528 3653 1644 3718 iratres

286 3759 419 3827 suerunt
432 3782 440 3840 ;
455 3769 489 3824 et
503 3759 583 3843 quia
598 3757 696 3824 simul
714 3757 919 3834 habitabant,
945 3756 1007 3820 luit
1034 3755 1082 3821 eis
1107 3777 1208 3820 causa
1235 3759 1427 3823 discordiae.
1445 3759 1536 3842 Ergo
1551 3760 1642 3842 quod

322 3931 404 3982 laud.
417 3930 553 3994 ramJaud.
567 3928 659 3979 eaSG.
760 3928 951 3994 2Davr'dJom.
967 3943 995 3990 μ.
1095 3926 1263 3989 Audivimus]
1274 3928 1410 3978 audiamus
1421 3929 1448 3980 S.
1550 3934 1643 3995 μνη]

284 4013 428 4074 ulmeam
442 4013 565 4078 pBCua
577 4011 609 4062 G.
686 4025 772 4059 smus
782 4009 828 4071 sit]
837 4009 967 4070 escuir
978 4009 1210 4068 semmurum
1225 4010 1374 4072 pli3nalur
1384 4012 1418 4060 sir
1431 4011 1452 4063 1.
1519 4013 1644 4077 osancta]

285 4093 431 4148 Simena.
531 4092 700 4158 9Hichr'nr
714 4092 756 4150 G;
774 4091 834 4140 huic
847 4090 874 4139 B.
970 4089 1088 4153 pontiur]
1103 4090 1200 4154 positus
1212 4091 1238 4140 S.
1342 4103 1413 4141 1o12
1432 4093 1502 4157 CGp
1521 4096 1644 4146 nonnulle
1723 4113 1726 4120 ·

284 4192 335 4228 om.
349 4178 383 4226 ob
393 4177 486 4242 duplex
498 4176 719 4227 homoeoteleuton
732 4175 761 4223 in
771 4179 840 4223 terra
888 4172 918 4221 in
929 4179 997 4222 ima
1008 4182 1033 4223 et
1042 4172 1229 4222 imbuturum
1278 4173 1378 4221 iubebas
1388 4175 1474 4224 locum.
1547 4187 1573 4224 11
1588 4177 1645 4240 illi]

284 4259 338 4310 ἰθὺ
350 4276 378 4323 μ,
392 4259 479 4310 lcorr.
565 4258 594 4306 16
605 4257 652 4306 ubi
661 4253 824 4321 requiescant]
835 4270 886 4304 om.
902 4254 943 4317 pl.
1032 4254 1061 4304 18
1073 4261 1119 4302 DE
1132 4261 1263 4303 PSALMO
1280 4257 1411 4318 CXXXII]
1424 4257 1497 4308 Brev.
1508 4258 1557 4308 col.
1571 4269 1645 4320 12905

284 4353 317 4404 23
329 4341 442 4408 mimda]
454 4339 590 4390 rotundum
603 4339 629 4390 S.
730 4336 802 4386 uerbi
811 4351 894 4396 causa,
907 4334 969 4384 cibos
978 4336 1069 4400 dulces]
1080 4353 1108 4386 uc
1118 4338 1143 4387 ri
1152 4338 1235 4388 dicut:
1245 4337 1327 4386 cibum
1336 4339 1432 4388 dulcem
1446 4336 1470 4406 β.
1556 4351 1570 4388 2
1573 4349 1586 4402 5
1598 4341 1644 4401 est]

284 4422 350 4474 codd
363 4439 371 4482 ὃ
380 4420 510 4490 scih-5913
612 4416 1141 4484 mammoniuxitcnoniugits.
1239 4418 1579 4483 mmuduer'ocumdqu
1593 4417 1643 4486 βεῑ

285 4503 362 4557 oeteri
374 4521 424 4556 uno
435 4505 459 4555 G
471 4511 578 4569 excepto
589 4517 640 4553 non
652 4509 730 4566 repet.
832 4509 862 4559 27
874 4495 980 4562 ΨΜ]
993 4495 1031 4564 iic
1042 4516 1049 4555 ἱ
1060 4500 1167 4564 mimi
1179 4499 1221 4549 SG
1235 4518 1241 4558 i
1253 4503 1387 4564 ‘offlam
1400 4501 1427 4551 B·

333 4658 358 4698 a.
381 4638 467 4699 habet
485 4633 569 4718 eum]
592 4637 639 4698 Ci.
658 4634 783 4694 Hieron.
807 4652 852 4710 ep.
874 4633 938 4704 108,
961 4615 964 4622 ¹
1036 4651 1079 4691 10.
1097 4633 1128 4691 in
1138 4629 1307 4713 deuersorio]
1321 4634 1391 4693 Luc.
1411 4654 1435 4706 2,
1454 4652 1478 4708 7.

289 4739 317 4782 u.
337 4737 380 4782 ιο.
1035 4729 1079 4788 17·
1097 4709 1223 4794 recliner]
1238 4715 1311 4774 Luc.
1328 4734 1356 4790 9,
1372 4717 1418 4792 58.
