4154 5494
621 375 876 440 Tnac'rarus
900 377 957 436 ue
981 375 1147 436 rsnuuo
1169 375 1250 437 cvl.
1524 371 1602 458 175

244 589 391 669 dimittit.
409 590 445 658 Si
458 600 570 658 autem
582 593 691 659 bonus
703 614 769 658 non
783 604 879 672 esset,
895 615 961 660 non
974 595 1069 659 vobis
1081 595 1215 672 diceret,
1230 593 1453 672 confitemini;
1468 600 1512 669 et,
1523 611 1603 657 con·

246 693 384 760 fitemini
400 697 430 760 ei
446 697 606 779 quoniam
623 697 656 762 in
672 698 842 764 saeculum
866 699 1091 764 misericordia
1107 699 1186 764 eius.
1212 700 1279 764 Hic
1295 709 1346 764 est
1362 697 1603 763 misericordia:

246 813 390 866 ceterum
407 823 507 886 supra
523 803 647 868 iustitia
664 812 723 868 est.
743 803 905 882 Quoniam
918 804 953 867 in
967 803 1130 868 sarmium
1147 804 1368 869 misericordia
1382 805 1461 868 eins.
1476 803 1604 886 Quam·

246 907 302 970 diu
319 906 399 970 estis
415 908 447 970 in
466 908 634 972 saeculum
651 905 866 974 confitemini.

216 1021 229 1075 5
289 1009 415 1074 Dicant
437 1011 497 1093 qni
517 1011 675 1094 redempti
696 1021 776 1076 sunt
799 1034 821 1076 a
844 1013 996 1092 Domino,
1018 1034 1097 1096 qnos
1124 1012 1258 1077 redemit
1276 1012 1317 1076 de
1341 1033 1442 1076 mann
1470 1011 1605 1078 inimici.

250 1114 382 1196 Proprie
398 1116 440 1179 de
456 1116 631 1180 vocatione
652 1118 801 1200 gentium
822 1117 981 1201 loquitur:
998 1119 1061 1183 iste
1084 1118 1171 1182 euim
1191 1117 1338 1201 psalmus
1357 1118 1420 1181 hoc
1436 1117 1538 1210 babet
1553 1137 1604 1182 sa-

249 1229 465 1284 cramentum.
484 1218 554 1298 Qui
566 1220 723 1304 redempti
736 1231 827 1286 sunt:
843 1221 876 1285 in
894 1222 1031 1286 Domini
1049 1222 1212 1304 passione.
1235 1221 1360 1285 Dicant
1373 1221 1432 1304 qni
1452 1220 1607 1304 redempti

203 1383 224 1402 ,
247 1332 340 1388 snnt:
355 1324 427 1406 ipse
442 1334 493 1394 est
508 1326 596 1391 enim
614 1326 759 1390 salvator
774 1334 807 1389 et
824 1327 1015 1409 redemptor
1030 1337 1064 1390 et
1081 1327 1232 1408 pretium.
1249 1326 1373 1390 Dicant
1383 1325 1442 1408 qni
1452 1325 1609 1407 redempti

248 1439 340 1493 snat:
356 1431 427 1513 ipse
444 1433 593 1509 redemit,
610 1433 681 1514 ipse
696 1434 754 1495 dat
767 1432 910 1514 pretium
927 1432 1124 1514 sauguinem
1139 1451 1245 1495 suum.
1259 1429 1372 1513 Quare
1387 1442 1499 1494 autem
1513 1429 1607 1494 dedit

203 1545 232 1584 ¹0
249 1535 391 1615 pretium
403 1536 598 1617 sanguinem
611 1541 731 1600 suum?
743 1535 790 1600 Ut
804 1537 978 1600 redimeret
993 1557 1053 1600 nos
1062 1537 1105 1599 de
1116 1555 1215 1598 manu
1228 1534 1361 1598 inimici.
1372 1533 1504 1617 Captivi
1516 1533 1605 1597 enim

251 1637 447 1702 tenebamur
463 1638 496 1702 in
516 1658 616 1703 mauu
633 1639 773 1704 diaboli:
786 1651 961 1722 propterea
977 1651 1088 1704 autem
1106 1639 1160 1702 ilie
1177 1639 1267 1702 venit
1283 1649 1316 1702 et
1332 1639 1473 1703 redemit
1489 1658 1559 1711 nos,
1570 1647 1607 1702 ut

252 1743 402 1807 liberaret
415 1744 458 1807 de
469 1744 593 1808 diaboli
608 1765 717 1808 manu.
737 1745 824 1822 Quos
836 1744 1019 1808 redemitde
1030 1765 1131 1808 rnann
1145 1743 1279 1808 inimici.
1295 1743 1362 1808 ‘Ut
1379 1744 1531 1806 destruas
1547 1742 1607 1805 ini·

253 1847 373 1910 micum
391 1855 425 1911 et
451 1847 658 1910 defensorem
671 1847 685 1912 '.
713 1845 801 1925 Qnos
816 1847 953 1912 redemit
969 1847 1009 1911 de
1029 1869 1129 1912 manu
1149 1847 1282 1910 inimici.
1302 1847 1484 1910 ‘Inimicus
1507 1847 1608 1910 homo

251 1950 528 2031 superseminavit
552 1951 678 2015 zizania
692 1951 708 2016 '.
732 1951 891 2014 iuimicus
914 1963 1025 2016 autern
1051 1951 1204 2015 diabolus
1232 1959 1281 2014 est
1305 1947 1393 2027 Quos
1411 1949 1549 2015 redemit
1570 1949 1609 2012 de

206 2066 233 2118 Ι5
253 2073 352 2118 monn
379 2054 513 2119 inimici.
541 2054 699 2118 Inimicus
718 2067 778 2133 est,
799 2067 832 2120 et
856 2056 927 2139 ipse
946 2075 1124 2139 possessor.
1145 2057 1324 2137 Propterea
1342 2075 1443 2118 manu
1465 2074 1525 2118 sua
1548 2073 1609 2117 nos

253 2168 360 2222 tenet:
382 2178 448 2222 non
472 2159 550 2241 quia
567 2159 686 2242 diligit,
707 2161 763 2223 sed
788 2162 866 2243 quia
889 2161 1003 2224 oderit.
1023 2158 1111 2237 Quos
1134 2159 1269 2224 redemit
1288 2159 1327 2222 de
1348 2179 1449 2222 manu
1475 2157 1609 2222 inimici.

251 2259 397 2325 Grandis
423 2263 579 2326 maiestas
610 2274 642 2326 et
667 2265 803 2346 grandis
835 2265 985 2346 potentia
1015 2264 1186 2346 sanguinis
1217 2264 1365 2340 Domini,
1394 2283 1481 2345 quae
1511 2261 1611 2326 solvit

253 2384 390 2428 manum
407 2365 541 2431 diaboii·
555 2366 738 2450 Quomodo
750 2368 839 2432 enim
857 2377 935 2432 sunt
947 2368 1059 2451 aliqua
1075 2367 1240 2444 animalia,
1256 2378 1290 2431 et
1302 2368 1468 2449 stringunt
1485 2365 1609 2448 aliquid

254 2467 339 2532 intra
356 2489 390 2531 se
407 2469 570 2532 inclusum
587 2471 663 2548 (hoc
679 2471 795 2534 dicunt
811 2482 845 2535 et
861 2472 980 2536 medici
996 2480 1030 2535 et
1043 2471 1196 2554 physici),
1212 2481 1248 2534 ut
1265 2472 1327 2534 nisi
1347 2471 1488 2535 tractum
1506 2470 1612 2546 tuerit,

206 2589 274 2634 eoa
298 2594 334 2637 se
362 2594 427 2639 non
454 2576 623 2650 dividitur,
647 2593 707 2638 nec
734 2573 873 2638 dimittit
896 2575 975 2639 illud
1002 2567 1090 2657 quod
1114 2575 1310 2639 intrinsecus
1330 2573 1479 2638 clausum
1505 2585 1612 2651 tenet;

256 2681 282 2744 si
300 2691 413 2744 autem
431 2681 568 2744 missum
587 2677 684 2742 suerit
700 2678 821 2756 oleum,
836 2679 950 2742 statim
968 2678 1168 2757 dissolvitur,
1184 2688 1217 2741 et
1234 2680 1321 2762 quod
1339 2680 1490 2742 strictum
1508 2677 1614 2740 fuerat

255 2783 436 2866 dissipatur
451 2794 485 2847 et
504 2783 664 2847 dividitur
680 2780 711 2842 in
735 2791 860 2862 partes:
876 2781 923 2844 sic
939 2792 972 2844 et
987 2801 1122 2846 manum
1147 2781 1358 2845 durissimam
1374 2781 1500 2845 diaboii
1517 2781 1616 2844 solvit

257 2889 392 2971 sanguis
412 2887 534 2970 Xpisti.
555 2884 702 2950 Nolebat
726 2904 786 2947 nos
808 2885 991 2950 dimittere:
1010 2885 1208 2968 sanguinem
1228 2904 1324 2948 suum
1343 2885 1428 2949 sudit
1450 2885 1618 2949 Dominus

254 2994 350 3074 quasi
366 2991 479 3058 oleum
496 2987 751 3064 misericordiae,
767 2997 800 3052 et
824 3010 882 3072 per
898 2991 1005 3073 ipsum
1026 3011 1088 3054 nos
1107 2990 1268 3054 liberavit.
1283 2989 1335 3053 De
1350 2989 1534 3072 regionibus
1548 3009 1617 3052 con·

208 3116 238 3168 25
252 3095 409 3178 gregavit
420 3115 478 3158 eos.
492 3094 580 3158 Vide
597 3112 696 3176 quam
711 3093 846 3174 grandis
859 3094 901 3158 sit
918 3114 1036 3157 manus
1047 3094 1180 3158 diaboli.
1198 3093 1292 3176 Quos
1310 3094 1450 3158 redemit
1462 3095 1505 3157 de
1518 3111 1617 3156 manu

259 3199 392 3264 inimici.
413 3198 487 3263 Hos
508 3208 620 3262 autern
642 3216 727 3278 quos
747 3196 888 3260 redemit
904 3198 946 3260 de
964 3216 1065 3261 manu
1082 3196 1215 3274 inimici,
1232 3195 1265 3260 in
1283 3193 1410 3260 cunctis
1426 3194 1619 3278 regionibus

259 3303 457 3366 tenebantur
476 3303 509 3366 in
533 3321 633 3366 mauu
655 3298 788 3364 inimici.
808 3299 860 3362 De
880 3300 1063 3381 regionibus
1080 3301 1289 3382 congregavit
1307 3321 1374 3366 eos:
1391 3302 1423 3366 in
1443 3310 1516 3366 toto
1540 3299 1619 3364 orbe

260 3423 377 3468 manus
394 3404 518 3469 diaboli
536 3406 729 3486 possidebat
747 3425 815 3469 nos.

302 3515 331 3572 Α
347 3507 425 3570 solis
445 3518 518 3571 ortn
539 3518 571 3570 et
590 3529 709 3586 occasu,
726 3510 766 3573 ab
786 3510 936 3592 aquilone
957 3521 988 3574 et
1012 3532 1110 3576 mare.
1133 3511 1278 3576 Videtur
1300 3512 1436 3595 quidem
1459 3516 1618 3592 quattuor

212 3631 244 3682 30
259 3611 387 3674 dixisse
402 3611 552 3674 climata:
568 3613 739 3690 orientem,
752 3613 970 3692 occidentem,
981 3615 1163 3694 meridiem,
1175 3626 1208 3678 et
1219 3615 1364 3692 boream,
1378 3616 1440 3678 hoc
1456 3623 1507 3677 est
1522 3620 1618 3695 quat-

261 3725 335 3776 tuor
350 3713 486 3776 climata
503 3716 626 3778 mundi.
638 3715 704 3779 Sed
717 3736 782 3778 non
795 3716 841 3778 ita
858 3715 1005 3798 psalmus
1022 3719 1179 3781 continet
1196 3718 1262 3781 Hic
1275 3719 1361 3781 euim
1376 3717 1477 3781 habet
1491 3740 1497 3780 :
1511 3737 1532 3779 a
1544 3711 1621 3778 solis

261 3827 332 3880 ortn
346 3831 377 3880 et
391 3838 509 3896 occasu,
523 3838 598 3881 ecce
615 3821 682 3882 duo
699 3819 834 3884 climata
847 3843 853 3884 :
873 3819 914 3884 ab
929 3821 1086 3902 aquilone,
1102 3821 1165 3886 hoc
1189 3833 1240 3886 est
1255 3843 1275 3886 a
1291 3821 1527 3905 septentrione,
1543 3837 1619 3884 ecce

293 4004 308 4050 4
320 3989 348 4037 in
360 3989 498 4050 saeculnm]
507 3989 572 4039 codd
584 4007 591 4048 ;
604 3991 738 4039 insaecula
751 3987 775 4056 β.
844 3987 860 4038 6
872 3989 924 4054 hoc]
936 3990 1001 4040 codd
1014 4009 1021 4050 ;
1033 4006 1119 4040 eorum
1130 3989 1153 4058 β.
1223 4002 1236 4052 7
1250 3992 1290 4057 in]
1301 4007 1350 4040 orn.
1364 3992 1390 4043 S.
1461 4004 1489 4042 12
1499 3992 1622 4054 destruas]

260 4070 372 4119 destruat
382 4069 408 4138 β.
514 4069 713 4134 13desensorern]
730 4073 833 4120 ultorem
847 4073 873 4121 S.
977 4069 1184 4130 tbodern‘t]BSG
1196 4091 1204 4134 3
1221 4072 1333 4140 oditdC.
1438 4085 1465 4134 17
1477 4071 1550 4140 qnae]
1563 4074 1619 4134 CG,

261 4169 307 4216 qne
319 4153 338 4202 P
349 4171 357 4212 ;
368 4154 417 4217 qni
428 4151 463 4219 βὸ
475 4171 483 4213 ;
495 4169 553 4218 qnos
565 4156 588 4202 A
601 4171 607 4212 ς
619 4170 678 4218 quo.
693 4154 721 4203 B.
802 4153 830 4202 18
843 4149 959 4211 neonem]
971 4171 1050 4204 manu
1062 4155 1079 4205 S
1090 4172 1097 4214 3
1110 4155 1138 4204 de
1149 4171 1229 4204 nrarne
1241 4157 1274 4208 Α,
1349 4163 1373 4205 et
1383 4157 1525 4220 stringunt]
1536 4156 1602 4206 codd
1614 4173 1622 4214 ;

261 4252 324 4302 qnae
333 4238 466 4302 stringunt
479 4234 503 4304 β.
602 4236 695 4298 19leoc]
705 4237 768 4286 ltoB
779 4239 865 4301 5qnod
877 4243 901 4304 p.
1002 4239 1041 4299 nt]
1056 4237 1072 4307 β
1085 4251 1109 4290 et
1122 4241 1197 4290 codd.
1290 4251 1319 4288 21
1333 4239 1577 4302 strr'ctnrre]sractnrn
1591 4239 1621 4288 C.

262 4331 293 4382 23
305 4315 442 4378 dimittere]
455 4317 470 4386 β
482 4317 555 4368 inser.
571 4319 690 4366 diabolus.
793 4320 825 4368 26
836 4321 900 4382 Hos]
913 4319 928 4388 β
940 4331 965 4370 et
977 4323 1051 4372 codd.
1153 4335 1186 4386 30
1197 4323 1239 4371 hor
1250 4322 1294 4384 est]
1305 4321 1370 4372 codd
1383 4321 1460 4382 3haec
1470 4328 1530 4370 sunt
1543 4319 1567 4388 β.

263 4479 378 4546 σταυροῦ
400 4471 557 4534 ἀποκτείνας
585 4475 633 4540 τὴν
662 4467 760 4545 ἔχθραν
789 4471 814 4528 ἐν
844 4473 917 4547 αὐτῷ
968 4472 1122 4533 codicibus
1138 4475 1271 4546 habetur,
1286 4474 1498 4553 t'ttsertretr'pso'.

264 4551 314 4611 ubi
324 4551 916 4630 ipseincommentariolatinelegendum
1013 4551 1317 4634 13.desensorem]Ps.
1335 4558 1362 4628 8,
1379 4577 1405 4632 3.

265 4646 348 4711 putat
362 4637 437 4694 e'nea
452 4632 470 4691 i.
481 4651 506 4692 e.
518 4650 615 4706 cruce,
633 4635 640 4663 ‘
656 4651 725 4706 nou,
737 4635 806 4692 utin
822 4633 919 4692 latinis
1016 4656 1058 4708 14.
1075 4632 1204 4716 neronio]
1221 4637 1328 4696 Matth.
1349 4657 1393 4714 13,
1411 4655 1446 4715 25
1463 4655 1527 4714 sqq.
