4112 5496
255 439 292 524 x]
608 446 980 508 couunnmnrom
1010 447 1058 505 nr
1088 446 1285 506 Psnnuos
1577 446 1631 526 23

263 659 436 742 iustum
460 659 676 771 siquidem
698 661 898 744 diabolus
920 690 1006 745 non
1041 663 1252 773 punietur.
1278 662 1431 745 Aliter:
1457 661 1632 772 quando

266 797 542 908 baptizamur
572 799 867 882 renuntiantes
889 799 1064 883 diabolo
1084 812 1126 883 et
1148 827 1330 910 pompae
1350 799 1455 900 eius
1479 798 1631 882 loedus

267 963 443 1047 quoque
469 963 566 1019 cum
588 964 639 1020 eo
664 937 857 1038 facimus,
880 949 922 1020 et
953 938 995 1019 in
1027 939 1260 1021 amicitiam
1292 938 1420 1019 talem
1451 938 1630 1038 coimus,

268 1088 320 1157 ut
342 1101 417 1158 nee
440 1075 510 1159 ille
532 1102 611 1158 nos
634 1087 793 1187 tangat,
817 1102 893 1159 nec
916 1103 996 1159 nos
1016 1076 1069 1158 de
1096 1075 1295 1186 hisquae
1320 1076 1412 1158 eius
1434 1087 1536 1158 sunt
1555 1076 1633 1158 ali·

233 1212 377 1322 squid
413 1212 728 1324 contingamus.
757 1215 978 1322 Quamdiu
1011 1227 1182 1325 pactum
1215 1215 1513 1298 huiuscemodi
1546 1244 1633 1300 ser-

266 1351 529 1450 vaverimus,
568 1378 653 1434 non
692 1353 817 1436 nobis
852 1352 1148 1436 dominabitur
1187 1331 1415 1436 diabolus:
1454 1353 1489 1435 si
1530 1381 1632 1437 vero

269 1488 406 1572 fracto
426 1489 595 1572 loedere
617 1491 812 1574 labamur
832 1492 886 1574 ad
908 1492 1025 1590 vitia,
1045 1491 1232 1574 inimicis
1254 1492 1379 1574 nobis
1400 1503 1442 1574 et
1459 1519 1632 1602 praeva-

268 1625 525 1710 ricatoribus
555 1627 852 1713 dominabitur
882 1631 1092 1714 diabolus
1117 1629 1246 1713 Sedet
1266 1629 1311 1711 in
1333 1629 1506 1712 insidiis
1534 1656 1631 1712 cum

265 1765 490 1849 divitibus.
514 1766 697 1849 Pulchre
717 1767 797 1850 hoc
817 1795 944 1850 versu
968 1768 1029 1850 uti
1054 1793 1299 1877 possumus,
1324 1768 1358 1848 si
1381 1768 1557 1876 quando
1577 1796 1630 1851 ex

213 1940 247 1976 10
266 1915 448 1986 senatus
488 1905 687 1986 consulto
719 1905 762 1986 in
799 1905 1072 1990 Christianos
1104 1905 1342 2016 persecutio
1381 1905 1628 1989 concitatur.

271 2040 374 2123 Tibi
401 2041 673 2151 relinquitur
704 2042 856 2126 iustus.
885 2045 982 2126 Hoc
1006 2057 1090 2126 est:
1110 2057 1185 2126 aut
1209 2043 1290 2125 Dei
1314 2043 1450 2126 solius
1469 2043 1633 2126 auxilio

260 2177 566 2262 sublevandus
595 2191 672 2280 est,
709 2193 785 2264 aut
813 2180 868 2264 ad
900 2181 1102 2264 iniuriam
1139 2194 1256 2265 tuam
1290 2181 1558 2292 relinquitur,
1593 2182 1630 2264 si

254 2318 444 2432 quando
464 2317 683 2430 angustiis
703 2319 982 2403 conflictatur.
1611 2305 1622 2338 ¹

923 2647 976 2728 X.

205 2957 263 3041 ις’
320 2947 623 3056 Transmigra
645 2947 690 3028 in
712 2953 876 3030 montes
903 2948 1018 3030 sicut
1034 2951 1205 3056 passer.
1240 2947 1348 3030 Vult
1379 2947 1543 3029 iustum
1573 2948 1627 3031 ad

258 3088 488 3171 desertum
510 3084 706 3195 migrare,
726 3098 773 3166 ut
790 3085 847 3167 ibi
865 3112 965 3167 eum
982 3084 1150 3167 facilius
1166 3084 1308 3167 elidat.
1338 3085 1401 3168 Ut
1414 3087 1631 3193 sagittent

263 3225 309 3306 in
330 3225 507 3308 obscuro
528 3228 662 3306 rectos
681 3222 811 3306 corde.
835 3221 1089 3332 Numquam
1106 3223 1222 3304 enim
1245 3223 1288 3304 in
1311 3223 1403 3306 luce
1420 3238 1627 3334 pugnant,

266 3362 342 3446 sed
365 3387 536 3472 semper
557 3361 601 3444 in
627 3360 825 3445 tenebris.
850 3361 1122 3469 Quapropter
1147 3359 1289 3442 iustus
1309 3360 1476 3444 aiebat:
1510 3369 1518 3400 ‘
1543 3363 1629 3444 Lu-

303 3574 676 3638 rriusruslltaomnescodd.
780 3584 808 3638 ις
826 3574 855 3621 in
873 3573 975 3634 montes]
992 3573 1079 3638 scripsi
1097 3565 1372 3641 (iniridanXX);
1407 3575 1436 3623 in
1454 3582 1534 3625 monte
1549 3573 1584 3636 E,
1602 3575 1629 3625 in

266 3659 411 3722 quosideo
422 3659 515 3708 omissa
530 3673 586 3709 esse
604 3657 710 3716 videtur,
728 3656 788 3722 quia
799 3656 832 3704 ab
848 3655 937 3706 eadem
955 3654 1039 3705 littera
1055 3655 1199 3706 coniunctio
1216 3671 1323 3720 sequens
1338 3655 1445 3722 incipit;
1480 3659 1509 3706 in
1521 3665 1626 3708 montem

268 3743 327 3794 CA·
429 3741 459 3791 16
470 3740 603 3800 desertum]
615 3739 705 3798 codd.;
738 3738 833 3788 deserta
844 3736 868 3805 β
972 3739 1041 3799 17r'n
1050 3739 1236 3803 lucepugrrant]
1247 3737 1326 3808 Εοβ;
1360 3741 1627 3804 inlucempugnatA.

313 3929 338 3968 2.
361 3917 389 3968 et
403 3917 525 3988 pompae
534 3907 602 3979 eius,
610 3906 715 3983 foedus
728 3925 837 3982 quoque
851 3902 922 3984 etc]
976 3907 1088 3967 Eccles
1113 3925 1159 3983 ap.
1187 3905 1292 3984 Migne
1317 3925 1362 3982 23,
1389 3926 1445 3982 109
1449 3927 1485 3982 3:
1510 3910 1631 3968 ‘utatur

269 3991 397 4051 Hieron.
423 4008 468 4068 ep
490 4009 555 4066 130,
579 4007 606 4048 n.
625 3988 835 4062 72‘secundo
857 3997 924 4063 post
976 3987 1033 4047 hoc
1056 3987 1227 4048 testimonio
1253 3987 1283 4046 in
1308 3988 1514 4065 persecutione
1539 3988 1631 4066 genti·

269 4072 450 4150 baptismum
479 4070 571 4146 gradu
599 4067 679 4129 inisti
708 4081 827 4145 pactum
853 4087 922 4127 cum
975 4066 1048 4127 lium
1063 4069 1103 4129 ad
1116 4070 1334 4130 consolandum
1359 4087 1429 4129 eum
1445 4069 1541 4146 quiin
1558 4089 1628 4130 mar·

266 4154 438 4215 adversario
451 4164 513 4224 tuo,
529 4149 633 4211 dicens
647 4149 684 4223 el,
701 4148 855 4210 Renuntio
870 4147 923 4208 tibi
975 4150 1050 4226 tyrio
1079 4153 1266 4226 perseverat'
1293 4171 1301 4224 3
1330 4149 1402 4210 ibid.
1432 4153 1488 4210 col.
1523 4154 1629 4210 1116:

267 4235 398 4308 diabole,
414 4245 443 4296 et
458 4233 560 4294 seculo
575 4243 635 4304 ruo,
652 4242 681 4292 et
695 4249 823 4309 pompae
845 4240 922 4302 tuae,
976 4232 1138 4292 ‘Utamur
1172 4232 1231 4292 hoc
1266 4231 1420 4302 versiculo,
1449 4233 1473 4292 si
1508 4234 1631 4310 quando

266 4329 298 4379 et
328 4316 469 4394 operibus
497 4313 575 4375 tuis:
600 4331 683 4374 serva
711 4313 817 4373 foedus
840 4311 923 4389 quod
975 4310 1085 4372 iustum
1101 4313 1194 4372 virum
1211 4324 1301 4391 atque
1316 4311 1481 4390 sapientem
1494 4313 1630 4374 videmus

266 4397 497 4480 pepigisti'etc
976 4394 1156 4454 calumniam
1185 4395 1330 4455 sustinere
1354 4395 1361 4422 '
1387 4415 1396 4468 3
1430 4397 1485 4454 col.
1520 4414 1594 4472 1¹3²
1623 4417 1630 4454 :

311 4499 337 4557 9.
353 4481 406 4539 hoc
420 4498 505 4539 versu
520 4477 567 4535 uri
569 4472 732 4555 possumus]
745 4474 842 4535 Etiam
854 4472 924 4534 alibi
978 4477 985 4506 ‘
1001 4477 1164 4535 Possumus
1177 4476 1236 4535 hoc
1251 4475 1421 4536 testimonio
1436 4475 1479 4536 uti
1490 4477 1630 4537 adversus

266 4564 382 4623 multus
395 4574 440 4621 est
451 4559 656 4636 Hieronymus
671 4569 772 4616 noster
782 4557 812 4615 in
824 4573 925 4634 sugge·
977 4555 1134 4633 episcopos
1148 4559 1156 4586 '
1169 4569 1224 4618 etc.

266 4645 373 4717 rendo,
388 4641 558 4719 Scripturae
571 4657 673 4700 sacrae
693 4636 862 4700 testimonia
876 4635 925 4696 cui
1021 4641 1065 4697 18.
1088 4635 1195 4718 aiebat]
1211 4639 1258 4698 Ps.
1278 4638 1343 4713 118,
1363 4654 1428 4715 ¹05·

266 4725 311 4788 rei
338 4723 514 4786 adhibenda
537 4720 604 4794 sint,
630 4741 656 4780 v.
682 4739 725 4798 gr.
749 4720 869 4781 Comm.
895 4717 924 4777 in
