4160 5500
504 424 585 504 422
1076 415 1302 480 nununnrx.

508 651 664 723 parentes
690 639 934 716 accusat‚sicut
961 640 1096 722 quidam
1125 640 1346 730 existimant?
1378 641 1414 707 Si
1435 642 1524 706 enim
1552 653 1687 726 propter
1712 643 1862 728 iniquam

506 748 770 829 conceptionem,
786 745 871 807 sicut
888 744 982 809 multi
1000 753 1129 828 putant,
1145 745 1314 810 continere
1329 767 1364 810 se
1387 747 1431 810 ab
1457 747 1572 829 iniqua
1594 748 1864 830 concupiscentia

507 871 573 913 non
593 852 712 933 potuit,
734 849 854 912 iniuste
876 851 1024 931 arguitur
1040 869 1058 912 a
1075 849 1247 933 propheta.
1272 851 1308 916 Si
1325 861 1437 916 autem
1454 851 1548 926 iuste,
1570 869 1635 914 non
1654 862 1789 932 propter
1806 872 1864 932 pa·

506 964 617 1017 rentes
634 954 746 1036 legem
760 953 823 1016 Dei
840 953 1091 1034 praevaricavit:
1103 974 1169 1017 non
1186 954 1273 1017 enim
1290 966 1426 1036 peccata
1437 964 1613 1037 parentum
1624 955 1864 1037 prohibuerant

506 1077 581 1119 curn
603 1065 675 1120 tota
699 1057 767 1120 vita
779 1077 838 1120 sua
855 1055 984 1138 placere
1002 1057 1083 1120 Deo.
1103 1057 1261 1138 ignorant
1280 1079 1359 1141 ergo
1372 1060 1448 1141 quia
1465 1059 1519 1142 qui
1538 1058 1650 1140 inique
1662 1059 1742 1140 agit,
1760 1059 1863 1141 ipsius
1899 1081 1909 1130 ς

508 1160 694 1245 iniquitatis
713 1160 798 1223 filius
815 1161 944 1237 dicitur,
961 1162 1045 1225 sicut
1062 1163 1132 1243 ipse
1160 1162 1270 1226 David
1287 1164 1390 1228 dicit:
1406 1169 1413 1193 ‘
1430 1165 1476 1227 Et
1492 1161 1577 1226 filius
1594 1163 1778 1245 iniquitatis
1796 1183 1862 1226 non

506 1275 654 1346 apponet
672 1285 789 1328 nocere
805 1285 881 1328 eum
892 1263 908 1328 '.
924 1264 1023 1327 Nunc
1039 1265 1126 1328 enim
1139 1276 1279 1330 matrem
1291 1267 1437 1350 iniquam
1454 1267 1759 1349 concupiscentiam
1777 1265 1863 1330 sicut

510 1368 650 1432 lacobus
663 1369 833 1450 apostolus
850 1369 951 1432 dicit:
967 1373 973 1400 ‘
988 1369 1267 1452 Concupiscentia
1278 1391 1352 1435 cum
1366 1375 1568 1455 conceperit,
1578 1373 1665 1456 parit
1677 1385 1864 1456 peccatum;

507 1481 682 1552 peccatum
700 1493 777 1535 vero
794 1492 869 1536 cum
894 1484 1163 1538 consummatum
1181 1475 1286 1551 suerit,
1303 1486 1439 1556 generat
1467 1487 1608 1540 mortem
1622 1479 1638 1543 ⁹.
1656 1477 1691 1542 Si
1708 1479 1863 1560 concupi·

507 1575 632 1639 scentia
647 1596 722 1638 cum
739 1576 927 1656 conceperit
946 1576 1059 1661 [parit]
1076 1586 1260 1659 peccatum,
1286 1577 1461 1642 manifeste
1476 1580 1533 1663 qui
1550 1591 1666 1662 peccat
1684 1579 1770 1642 filius
1786 1599 1863 1642 eon·
1884 1603 1910 1639 10

507 1681 732 1762 cupiscentiae
748 1689 804 1744 est.
824 1681 900 1744 Non
919 1681 1007 1744 enim
1025 1692 1095 1745 erat
1111 1681 1233 1745 stultus
1258 1682 1368 1746 David
1385 1703 1488 1766 agens
1505 1684 1755 1766 paenitentiam¹
1770 1684 1864 1746 darn·

508 1805 610 1865 pnare
627 1785 760 1867 nuptias
776 1794 810 1848 et
825 1805 903 1848 suos
919 1805 1075 1848 accusare
1090 1797 1251 1867 parentes.

551 1889 712 1971 Asperges
727 1909 775 1952 me
791 1887 904 1970 hysopo
925 1899 957 1953 et
974 1890 1161 1956 mundabor.
1179 1891 1268 1955 Usus
1285 1901 1335 1955 est
1351 1892 1509 1974 exemplo
1525 1892 1655 1975 hysopi.
1669 1891 1861 1957 Secundum

509 1993 615 2074 legem
629 1992 805 2056 fasciculus
822 1993 943 2076 hysopi
961 1993 1160 2059 mundabat:
1172 1996 1229 2078 qui
1247 2015 1304 2077 per
1315 1995 1422 2078 legem
1434 1995 1479 2060 illi
1498 1993 1757 2073 mundabantur,
1770 1995 1862 2060 fasci-

508 2098 583 2162 culo
607 2099 726 2183 hysopi
743 2099 1012 2182 aspergebantur.
1038 2098 1216 2161 Mundatio
1243 2108 1293 2164 est
1320 2110 1541 2182 peccatorum,
1557 2100 1642 2164 sicut
1669 2101 1739 2183 ipse
1756 2101 1864 2164 dixit:
1884 2123 1907 2174 ¹3

510 2203 716 2286 Sacrificium
736 2203 802 2266 Deo
821 2202 959 2284 spirr'tus
973 2201 1207 2265 contribulatus
1218 2226 1229 2265 :
1244 2225 1297 2265 cur
1306 2205 1478 2268 contritum
1501 2214 1532 2267 et
1549 2204 1763 2268 lirrrnilintnrn
1776 2205 1864 2267 Deus

508 2329 569 2371 non
582 2317 715 2389 spernet.

552 2410 661 2474 Redde
681 2409 766 2472 nrilri
784 2409 945 2472 laetitiam
961 2409 1120 2471 salutaris
1135 2409 1192 2472 tui.
1221 2409 1258 2472 In
1283 2410 1426 2474 hebraeo
1442 2411 1543 2477 habet
1558 2412 1653 2476 Ilresu
1668 2412 1720 2475 tui
1735 2435 1747 2475 :
1766 2412 1863 2474 ihesu

508 2517 595 2579 enim
620 2516 800 2597 quaerebat
816 2512 969 2590 salutare,
984 2514 1062 2596 quia
1078 2522 1235 2576 venturus
1263 2526 1332 2576 erat
1358 2516 1570 2580 credentibus
1593 2519 1625 2579 in
1643 2535 1679 2579 se
1695 2525 1862 2598 praestare

508 2619 611 2682 vitam
625 2631 804 2682 aeternam.
1881 2651 1908 2685 20

551 2721 672 2785 Docebo
688 2721 816 2802 iniquos
824 2721 897 2783 vias
909 2732 991 2785 tuns.
1009 2721 1103 2786 Sicut
1121 2742 1179 2783 rex
1197 2731 1229 2784 et
1241 2722 1405 2805 propheta
1421 2723 1518 2785 simul
1537 2725 1598 2786 hoc
1615 2723 1704 2786 dicit.

552 2826 669 2889 Libera
685 2846 733 2888 mc
748 2825 787 2888 de
801 2823 1027 2906 sanguinibus,
1039 2825 1127 2886 Dens
1139 2825 1230 2887 Dens
1238 2826 1357 2888 salutis
1370 2848 1462 2890 mene.
1484 2827 1662 2908 Propterea
1678 2825 1760 2889 hacc
1773 2823 1862 2896 dicit,

507 2933 583 3013 quia
600 2941 735 3013 propter
751 2931 963 3011 iniquitatem
980 2949 1074 2992 suam
1093 2940 1126 2992 et
1137 2929 1223 2992 filius
1239 2932 1318 3008 eius
1334 2932 1390 3013 qui
1403 2933 1445 2994 de
1456 2931 1620 2994 adulterio
1634 2939 1731 2993 uatus
1749 2928 1863 3002 luerat,

508 3045 656 3097 mortuus
678 3044 750 3097 cst:
774 3034 924 3097 similiter
940 3043 973 3096 et
987 3032 1185 3107 Abessalon,
1201 3043 1235 3097 et
1252 3034 1346 3098 multi
1363 3037 1419 3116 qui
1437 3055 1512 3098 curn
1530 3056 1569 3098 co
1597 3043 1701 3110 erant,
1725 3033 1757 3096 in
1775 3030 1862 3096 bello

508 3141 628 3203 mortui
652 3151 730 3202 sunt
747 3161 754 3218 ;
770 3150 802 3202 et
820 3159 879 3220 pro
907 3138 969 3200 hac
993 3157 1093 3200 causa
1114 3136 1246 3201 dicebat
1273 3137 1321 3200 Et
1345 3149 1508 3220 peccalum
1534 3159 1640 3201 merim
1656 3147 1732 3200 ante
1753 3157 1804 3199 me
1817 3143 1863 3198 est
1878 3157 1904 3208 ²5

505 3254 634 3324 satiarer.
661 3243 705 3306 Et
722 3241 826 3318 aliter,
841 3241 918 3321 quia
944 3241 1004 3303 etsi
1029 3241 1095 3301 iarn
1123 3240 1297 3302 dimissum
1325 3240 1431 3305 suerat
1458 3254 1641 3323 peccatum,
1665 3241 1790 3305 bonum
1812 3249 1862 3302 est

505 3365 637 3427 semper
649 3366 708 3426 pro
725 3365 765 3407 eo
782 3347 906 3426 precari
925 3344 1045 3419 Deum,
1061 3343 1146 3407 sicut
1163 3343 1281 3408 Esaias
1298 3345 1397 3408 dicit:
1414 3349 1421 3376 ‘
1440 3345 1514 3426 Ego
1531 3367 1614 3424 sum,
1627 3366 1690 3428 cgo
1706 3365 1791 3422 sum,
1806 3344 1859 3426 qui

505 3447 601 3511 deleo
617 3449 810 3530 iniquitates
827 3459 900 3512 tuas
918 3458 1053 3530 propter
1068 3467 1143 3512 me:
1166 3460 1201 3512 tu
1218 3457 1330 3511 autem
1346 3451 1554 3514 reminiscere
1565 3452 1579 3514 ¹.

548 3551 596 3614 Et
608 3553 820 3636 aedificentur
834 3552 924 3615 merri
937 3551 1157 3614 Hierusalem.
1176 3552 1252 3614 Huc
1269 3562 1320 3616 est
1336 3554 1423 3636 quod
1439 3553 1538 3617 dicit:
1554 3554 1581 3616 si
1591 3552 1735 3634 benigne
1748 3550 1861 3613 seceris

506 3667 541 3720 ut
557 3656 773 3721 aedificentur
788 3677 807 3720 a
825 3655 891 3718 filio
909 3675 984 3719 meo
1001 3656 1085 3718 muri
1100 3656 1310 3719 Hierusalem
1324 3668 1356 3721 et
1368 3658 1476 3739 ipsum
1490 3656 1663 3739 templum,
1674 3663 1860 3733 trincaccep·
1877 3677 1905 3727 30

505 3761 589 3823 tabis
603 3759 801 3842 sacraficium
818 3758 973 3836 institiae,
997 3759 1086 3842 quod
1105 3781 1163 3840 pro
1192 3761 1339 3842 peccatis
1356 3759 1557 3824 oflerebatur
1573 3780 1639 3824 non
1658 3757 1860 3822 mortalibus.

539 3961 551 4010 3
565 3949 597 3997 Si
606 3949 701 4010 auterre]
714 3948 800 4012 scripsi
812 3967 818 4007 ;
838 3949 862 3996 si
878 3948 947 3996 eninr
958 3947 1014 3996 eod.
1119 3959 1148 3994 1ο
1155 3948 1239 4011 purr't]
1259 3947 1346 3996 addidi
1366 3965 1396 3997 ex
1415 3948 1567 3998 coniectura.
1673 3959 1700 4009 13
1712 3945 1859 4010 exemplum]

503 4033 612 4096 exemplo
624 4031 680 4081 cod.
785 4044 813 4091 14
818 4029 1107 4095 fiiscirulus]sasciculos
1116 4031 1172 4078 cod.
1275 4031 1422 4092 rrrmnlabnr]
1435 4031 1592 4080 muniebant
1602 4031 1658 4080 cod.
1759 4041 1792 4092 23
1803 4027 1859 4093 qni]

502 4131 554 4179 qrra
565 4115 621 4164 eorl.
637 4127 646 4162 1
662 4130 685 4162 nr
696 4131 704 4173 ;
718 4115 729 4162 i
740 4125 828 4178 postea
839 4113 927 4162 additu
938 4121 983 4171 est,
997 4128 1013 4160 a
1026 4120 1110 4160 tamen
1123 4127 1173 4160 non
1186 4112 1278 4160 deleta.
1381 4113 1466 4174 aratur]
1479 4120 1541 4162 nara
1557 4113 1615 4163 cod.
1716 4109 1858 4174 25dr'crba1]

502 4197 614 4245 dicebant
625 4197 681 4246 cod.
784 4194 815 4243 26
827 4195 918 4243 bonum
930 4201 964 4243 est
974 4201 1070 4257 serrrper
1082 4201 1131 4256 pro
1141 4194 1176 4255 eo]
1196 4193 1286 4242 honum
1298 4194 1327 4242 r'rr
1339 4209 1364 4242 eo
1374 4194 1400 4241 si
1408 4201 1504 4257 semper
1514 4194 1571 4243 cod.
1588 4206 1596 4241 1
1612 4209 1695 4242 mauu.
1797 4204 1829 4255 3ο
1839 4195 1860 4238 et

503 4277 597 4340 r'p5um]
610 4285 633 4325 ct
644 4279 673 4326 in
685 4278 769 4341 ipsum
781 4277 838 4326 eod.

545 4447 569 4501 7.
583 4423 659 4506 cum]
673 4429 720 4486 Ps.
737 4429 784 4499 88,
798 4448 812 4485 2
817 4447 843 4502 3.
1250 4445 1295 4484 21.
1315 4445 1367 4482 rex
1386 4432 1413 4482 cl
1431 4425 1571 4501 propheta
1592 4421 1692 4504 sr'mul]
1718 4425 1756 4482 ci.
1774 4441 1857 4499 supra

544 4529 570 4584 9.
588 4505 789 4588 rnorlem]1ac.
806 4529 830 4580 1,
848 4525 891 4584 15.
1213 4511 1278 4582 198,
1293 4526 1319 4581 3.

548 4595 590 4650 18.
604 4590 687 4648 nube!
698 4586 796 4669 llresu]
809 4591 844 4648 ci.
868 4609 956 4666 supra
977 4609 1024 4666 32,
1040 4607 1075 4663 ¹9
1089 4591 1156 4663 366,
1252 4591 1296 4647 28.
1312 4585 1498 4668 reminiscere]
1512 4589 1551 4647 Is.
1569 4608 1617 4664 43,
1635 4608 1649 4644 2
1654 4605 1669 4664 5
1683 4607 1726 4664 sq.

506 4689 634 4750 243145,
655 4676 700 4744 18,
714 4675 779 4744 216,
796 4693 831 4751 ²3
848 4688 903 4731 etc.
