<?xml version="1.0" encoding="UTF-8"?>
<!DOCTYPE html PUBLIC "-//W3C//DTD XHTML 1.0 Transitional//EN"
    "http://www.w3.org/TR/xhtml1/DTD/xhtml1-transitional.dtd">
<html xmlns="http://www.w3.org/1999/xhtml" xml:lang="en" lang="en">
 <head>
  <title>
</title>
<meta http-equiv="Content-Type" content="text/html;charset=utf-8" />
  <meta name='ocr-system' content='tesseract 3.04.00' />
  <meta name='ocr-capabilities' content='ocr_page ocr_carea ocr_par ocr_line ocrx_word'/>
</head>
<body>
  <div class='ocr_page' id='page_1' title='image "./commentarioliin00morigoog/commentarioliin00morigoog_0574.png"; bbox 0 0 4160 5500; ppageno 0'>
   <div class='ocr_carea' id='block_1_1' title="bbox 634 433 1617 520">
    <p class='ocr_par' dir='ltr' id='par_1_1' title="bbox 634 433 1617 520">
     <span class='ocr_line' id='line_1_1' title="bbox 634 433 1617 520; baseline 0.005 -29"><span class='ocrx_word' id='word_1_1' title='bbox 634 433 679 492; x_wconf 91' lang='lat' dir='ltr'>IN</span> <span class='ocrx_word' id='word_1_2' title='bbox 704 435 778 494; x_wconf 87' lang='lat' dir='ltr'>DIE</span> <span class='ocrx_word' id='word_1_3' title='bbox 801 436 1022 499; x_wconf 89' lang='lat' dir='ltr'>DOMlNlCA</span> <span class='ocrx_word' id='word_1_4' title='bbox 1045 439 1250 500; x_wconf 86' lang='lat' dir='ltr'>PASCHAE.</span> <span class='ocrx_word' id='word_1_5' title='bbox 1536 434 1617 520; x_wconf 83' lang='grc'>417</span> 
     </span>
    </p>
   </div>
   <div class='ocr_carea' id='block_1_2' title="bbox 209 647 1625 3009">
    <p class='ocr_par' dir='ltr' id='par_1_2' title="bbox 257 647 1617 1046">
     <span class='ocr_line' id='line_1_2' title="bbox 304 647 1617 738; baseline 0.007 -30"><span class='ocrx_word' id='word_1_6' title='bbox 304 647 393 709; x_wconf 83' lang='lat' dir='ltr'>Haec</span> <span class='ocrx_word' id='word_1_7' title='bbox 401 657 501 728; x_wconf 83' lang='lat' dir='ltr'>porta</span> <span class='ocrx_word' id='word_1_8' title='bbox 517 647 662 728; x_wconf 82' lang='lat' dir='ltr'>Dossrini,</span> <span class='ocrx_word' id='word_1_9' title='bbox 676 650 758 714; x_wconf 86' lang='lat' dir='ltr'>iusti</span> <span class='ocrx_word' id='word_1_10' title='bbox 768 652 941 716; x_wconf 85' lang='lat' dir='ltr'>intrabunt</span> <span class='ocrx_word' id='word_1_11' title='bbox 948 665 1010 736; x_wconf 83' lang='lat' dir='ltr'>per</span> <span class='ocrx_word' id='word_1_12' title='bbox 1023 675 1103 719; x_wconf 88' lang='lat' dir='ltr'>eom.</span> <span class='ocrx_word' id='word_1_13' title='bbox 1121 655 1183 717; x_wconf 92' lang='lat' dir='ltr'>Per</span> <span class='ocrx_word' id='word_1_14' title='bbox 1199 655 1284 718; x_wconf 93' lang='lat' dir='ltr'>hanc</span> <span class='ocrx_word' id='word_1_15' title='bbox 1302 664 1431 736; x_wconf 91' lang='lat' dir='ltr'>portam</span> <span class='ocrx_word' id='word_1_16' title='bbox 1450 653 1617 738; x_wconf 83' lang='lat' dir='ltr'>ingressus</span> 
     </span>
     <span class='ocr_line' id='line_1_3' title="bbox 258 753 1616 842; baseline 0.004 -28"><span class='ocrx_word' id='word_1_17' title='bbox 258 763 308 815; x_wconf 90' lang='lat' dir='ltr'>est</span> <span class='ocrx_word' id='word_1_18' title='bbox 327 753 453 830; x_wconf 87' lang='lat' dir='ltr'>Petrus,</span> <span class='ocrx_word' id='word_1_19' title='bbox 471 755 637 836; x_wconf 87' lang='lat' dir='ltr'>ingressus</span> <span class='ocrx_word' id='word_1_20' title='bbox 665 757 865 835; x_wconf 78' lang='lat' dir='ltr'>est&#39;Paulus,</span> <span class='ocrx_word' id='word_1_21' title='bbox 888 757 1026 840; x_wconf 92' lang='lat' dir='ltr'>ingressi</span> <span class='ocrx_word' id='word_1_22' title='bbox 1054 769 1131 822; x_wconf 91' lang='lat' dir='ltr'>sunt</span> <span class='ocrx_word' id='word_1_23' title='bbox 1159 778 1276 822; x_wconf 90' lang='lat' dir='ltr'>omnes</span> <span class='ocrx_word' id='word_1_24' title='bbox 1299 759 1453 842; x_wconf 88' lang='lat' dir='ltr'>apostoli,</span> <span class='ocrx_word' id='word_1_25' title='bbox 1478 760 1616 841; x_wconf 90' lang='lat' dir='ltr'>ingressi</span> 
     </span>
     <span class='ocr_line' id='line_1_4' title="bbox 258 858 1617 943; baseline 0.006 -28"><span class='ocrx_word' id='word_1_26' title='bbox 258 866 335 917; x_wconf 89' lang='lat' dir='ltr'>sunt</span> <span class='ocrx_word' id='word_1_27' title='bbox 353 865 525 938; x_wconf 83' lang='lat' dir='ltr'>martyres,</span> <span class='ocrx_word' id='word_1_28' title='bbox 553 868 587 922; x_wconf 89' lang='lat' dir='ltr'>et</span> <span class='ocrx_word' id='word_1_29' title='bbox 603 859 726 924; x_wconf 86' lang='lat' dir='ltr'><strong>cotidie</strong></span> <span class='ocrx_word' id='word_1_30' title='bbox 742 861 848 924; x_wconf 89' lang='lat' dir='ltr'>sancti</span> <span class='ocrx_word' id='word_1_31' title='bbox 866 861 989 943; x_wconf 91' lang='lat' dir='ltr'>quique</span> <span class='ocrx_word' id='word_1_32' title='bbox 1013 861 1264 943; x_wconf 89' lang='lat' dir='ltr'>ingrediuntur:</span> <span class='ocrx_word' id='word_1_33' title='bbox 1293 879 1351 940; x_wconf 90' lang='lat' dir='ltr'>per</span> <span class='ocrx_word' id='word_1_34' title='bbox 1376 858 1461 921; x_wconf 90' lang='lat' dir='ltr'>hanc</span> <span class='ocrx_word' id='word_1_35' title='bbox 1485 869 1617 940; x_wconf 91' lang='lat' dir='ltr'>portam</span> 
     </span>
     <span class='ocr_line' id='line_1_5' title="bbox 257 960 1617 1046; baseline 0.003 -24"><span class='ocrx_word' id='word_1_36' title='bbox 257 960 384 1040; x_wconf 89' lang='lat' dir='ltr'>primus</span> <span class='ocrx_word' id='word_1_37' title='bbox 401 961 486 1026; x_wconf 93' lang='lat' dir='ltr'>latro</span> <span class='ocrx_word' id='word_1_38' title='bbox 503 982 578 1026; x_wconf 91' lang='lat' dir='ltr'>cum</span> <span class='ocrx_word' id='word_1_39' title='bbox 597 963 746 1027; x_wconf 90' lang='lat' dir='ltr'>Domino</span> <span class='ocrx_word' id='word_1_40' title='bbox 758 964 924 1046; x_wconf 87' lang='lat' dir='ltr'>ingressus</span> <span class='ocrx_word' id='word_1_41' title='bbox 937 974 995 1028; x_wconf 91' lang='lat' dir='ltr'>est.</span> <span class='ocrx_word' id='word_1_42' title='bbox 1011 964 1182 1029; x_wconf 90' lang='lat' dir='ltr'>Habetote</span> <span class='ocrx_word' id='word_1_43' title='bbox 1194 962 1359 1038; x_wconf 87' lang='lat' dir='ltr'>fiduciam,</span> <span class='ocrx_word' id='word_1_44' title='bbox 1372 970 1405 1025; x_wconf 88' lang='lat' dir='ltr'>et</span> <span class='ocrx_word' id='word_1_45' title='bbox 1416 983 1475 1025; x_wconf 91' lang='lat' dir='ltr'>vos</span> <span class='ocrx_word' id='word_1_46' title='bbox 1486 973 1617 1044; x_wconf 89' lang='lat' dir='ltr'>sperate</span> 
     </span>
    </p>

    <p class='ocr_par' dir='ltr' id='par_1_3' title="bbox 224 1059 1619 1559">
     <span class='ocr_line' id='line_1_6' title="bbox 224 1059 1614 1147; baseline 0.002 -23"><span class='ocrx_word' id='word_1_47' title='bbox 224 1073 238 1124; x_wconf 88' lang='grc'><strong><em>5</em></strong></span> <span class='ocrx_word' id='word_1_48' title='bbox 259 1059 386 1126; x_wconf 77' lang='lat' dir='ltr'>similia.</span> <span class='ocrx_word' id='word_1_49' title='bbox 402 1062 481 1125; x_wconf 93' lang='lat' dir='ltr'>Non</span> <span class='ocrx_word' id='word_1_50' title='bbox 498 1064 588 1140; x_wconf 89' lang='lat' dir='ltr'>dicit,</span> <span class='ocrx_word' id='word_1_51' title='bbox 607 1063 763 1147; x_wconf 86' lang='lat' dir='ltr'>Apostoli</span> <span class='ocrx_word' id='word_1_52' title='bbox 781 1075 814 1128; x_wconf 88' lang='lat' dir='ltr'>et</span> <span class='ocrx_word' id='word_1_53' title='bbox 832 1074 993 1146; x_wconf 87' lang='lat' dir='ltr'><strong>martyres</strong></span> <span class='ocrx_word' id='word_1_54' title='bbox 1010 1064 1181 1128; x_wconf 85' lang='lat' dir='ltr'>intrabunt</span> <span class='ocrx_word' id='word_1_55' title='bbox 1198 1086 1256 1147; x_wconf 88' lang='lat' dir='ltr'>per</span> <span class='ocrx_word' id='word_1_56' title='bbox 1280 1085 1353 1129; x_wconf 93' lang='lat' dir='ltr'>eam</span> <span class='ocrx_word' id='word_1_57' title='bbox 1368 1089 1376 1147; x_wconf 92' lang='lat'>;</span> <span class='ocrx_word' id='word_1_58' title='bbox 1393 1066 1449 1128; x_wconf 91' lang='lat' dir='ltr'>sed</span> <span class='ocrx_word' id='word_1_59' title='bbox 1469 1066 1552 1128; x_wconf 83' lang='lat' dir='ltr'>iusti</span> <span class='ocrx_word' id='word_1_60' title='bbox 1566 1065 1614 1127; x_wconf 84' lang='lat' dir='ltr'>iu-</span> 
     </span>
     <span class='ocr_line' id='line_1_7' title="bbox 258 1163 1618 1251; baseline 0.004 -26"><span class='ocrx_word' id='word_1_61' title='bbox 258 1163 394 1226; x_wconf 86' lang='lat' dir='ltr'>trobunt</span> <span class='ocrx_word' id='word_1_62' title='bbox 402 1177 461 1246; x_wconf 85' lang='lat' dir='ltr'>per</span> <span class='ocrx_word' id='word_1_63' title='bbox 472 1187 552 1229; x_wconf 88' lang='lat' dir='ltr'>eam.</span> <span class='ocrx_word' id='word_1_64' title='bbox 571 1166 782 1250; x_wconf 86' lang='lat' dir='ltr'>Quicumque</span> <span class='ocrx_word' id='word_1_65' title='bbox 809 1188 889 1251; x_wconf 89' lang='lat' dir='ltr'>ergo</span> <span class='ocrx_word' id='word_1_66' title='bbox 914 1169 1000 1230; x_wconf 92' lang='lat' dir='ltr'>iuste</span> <span class='ocrx_word' id='word_1_67' title='bbox 1020 1169 1099 1249; x_wconf 91' lang='lat' dir='ltr'>agit,</span> <span class='ocrx_word' id='word_1_68' title='bbox 1116 1177 1149 1231; x_wconf 90' lang='lat' dir='ltr'>et</span> <span class='ocrx_word' id='word_1_69' title='bbox 1166 1169 1251 1231; x_wconf 92' lang='lat' dir='ltr'>inter</span> <span class='ocrx_word' id='word_1_70' title='bbox 1269 1170 1372 1232; x_wconf 91' lang='lat' dir='ltr'>iustos</span> <span class='ocrx_word' id='word_1_71' title='bbox 1389 1169 1528 1232; x_wconf 89' lang='lat' dir='ltr'>Domini</span> <span class='ocrx_word' id='word_1_72' title='bbox 1545 1188 1618 1231; x_wconf 90' lang='lat' dir='ltr'>esse</span> 
     </span>
     <span class='ocr_line' id='line_1_8' title="bbox 258 1267 1619 1354; baseline 0.004 -24"><span class='ocrx_word' id='word_1_73' title='bbox 258 1267 423 1344; x_wconf 88' lang='lat' dir='ltr'>meruerit,</span> <span class='ocrx_word' id='word_1_74' title='bbox 436 1269 573 1332; x_wconf 91' lang='lat' dir='ltr'>intrabit</span> <span class='ocrx_word' id='word_1_75' title='bbox 583 1289 642 1352; x_wconf 90' lang='lat' dir='ltr'>per</span> <span class='ocrx_word' id='word_1_76' title='bbox 653 1270 740 1334; x_wconf 95' lang='lat' dir='ltr'>hanc</span> <span class='ocrx_word' id='word_1_77' title='bbox 755 1279 885 1352; x_wconf 86' lang='lat' dir='ltr'>portam</span> <span class='ocrx_word' id='word_1_78' title='bbox 902 1294 908 1333; x_wconf 94' lang='lat'><strong>:</strong></span> <span class='ocrx_word' id='word_1_79' title='bbox 925 1271 1003 1354; x_wconf 92' lang='lat' dir='ltr'>quia</span> <span class='ocrx_word' id='word_1_80' title='bbox 1017 1272 1183 1335; x_wconf 88' lang='lat' dir='ltr'>Dominus</span> <span class='ocrx_word' id='word_1_81' title='bbox 1197 1292 1265 1334; x_wconf 90' lang='lat' dir='ltr'>non</span> <span class='ocrx_word' id='word_1_82' title='bbox 1282 1272 1411 1354; x_wconf 90' lang='lat' dir='ltr'>quaerit</span> <span class='ocrx_word' id='word_1_83' title='bbox 1422 1271 1619 1354; x_wconf 89' lang='lat' dir='ltr'>sanguinem</span> 
     </span>
     <span class='ocr_line' id='line_1_9' title="bbox 258 1369 1618 1456; baseline 0.003 -23"><span class='ocrx_word' id='word_1_84' title='bbox 258 1369 498 1449; x_wconf 87' lang='lat' dir='ltr'>confitentium,</span> <span class='ocrx_word' id='word_1_85' title='bbox 508 1371 566 1436; x_wconf 91' lang='lat' dir='ltr'>sed</span> <span class='ocrx_word' id='word_1_86' title='bbox 579 1372 677 1437; x_wconf 86' lang='lat' dir='ltr'>fidem</span> <span class='ocrx_word' id='word_1_87' title='bbox 696 1393 865 1456; x_wconf 88' lang='lat' dir='ltr'>perquam</span> <span class='ocrx_word' id='word_1_88' title='bbox 876 1375 1012 1456; x_wconf 90' lang='lat' dir='ltr'>sanguis</span> <span class='ocrx_word' id='word_1_89' title='bbox 1029 1373 1218 1438; x_wconf 81' lang='lat' dir='ltr'>effunditur.</span> <span class='ocrx_word' id='word_1_90' title='bbox 1237 1375 1273 1440; x_wconf 91' lang='lat' dir='ltr'>Si</span> <span class='ocrx_word' id='word_1_91' title='bbox 1291 1374 1504 1438; x_wconf 84' lang='lat' dir='ltr'>habuerimus</span> <span class='ocrx_word' id='word_1_92' title='bbox 1518 1374 1618 1438; x_wconf 87' lang='lat' dir='ltr'>fidem</span> 
     </span>
     <span class='ocr_line' id='line_1_10' title="bbox 259 1475 1511 1559; baseline 0.004 -22"><span class='ocrx_word' id='word_1_93' title='bbox 259 1494 344 1558; x_wconf 90' lang='lat' dir='ltr'>quae</span> <span class='ocrx_word' id='word_1_94' title='bbox 360 1484 471 1558; x_wconf 89' lang='lat' dir='ltr'>potest</span> <span class='ocrx_word' id='word_1_95' title='bbox 483 1477 680 1559; x_wconf 88' lang='lat' dir='ltr'>sanguinem</span> <span class='ocrx_word' id='word_1_96' title='bbox 699 1475 847 1555; x_wconf 88' lang='lat' dir='ltr'>sundere,</span> <span class='ocrx_word' id='word_1_97' title='bbox 862 1477 1071 1559; x_wconf 85' lang='lat' dir='ltr'>inputabitur</span> <span class='ocrx_word' id='word_1_98' title='bbox 1084 1479 1180 1542; x_wconf 91' lang='lat' dir='ltr'>nobis</span> <span class='ocrx_word' id='word_1_99' title='bbox 1197 1489 1230 1542; x_wconf 88' lang='lat' dir='ltr'>et</span> <span class='ocrx_word' id='word_1_100' title='bbox 1244 1477 1369 1541; x_wconf 91' lang='lat' dir='ltr'>cruoris</span> <span class='ocrx_word' id='word_1_101' title='bbox 1385 1477 1511 1542; x_wconf 85' lang='lat' dir='ltr'>effusio.</span> 
     </span>
    </p>

    <p class='ocr_par' dir='ltr' id='par_1_4' title="bbox 209 1578 1625 3009">
     <span class='ocr_line' id='line_1_11' title="bbox 209 1578 1619 1664; baseline 0 -20"><span class='ocrx_word' id='word_1_102' title='bbox 209 1594 242 1630; x_wconf 88' lang='lat'>¹0</span> <span class='ocrx_word' id='word_1_103' title='bbox 303 1578 334 1644; x_wconf 95' lang='lat' dir='ltr'>O</span> <span class='ocrx_word' id='word_1_104' title='bbox 351 1599 427 1644; x_wconf 91' lang='lat' dir='ltr'>vere</span> <span class='ocrx_word' id='word_1_105' title='bbox 444 1580 592 1644; x_wconf 76' lang='lat' dir='ltr'>infelices</span> <span class='ocrx_word' id='word_1_106' title='bbox 612 1581 736 1658; x_wconf 91' lang='lat' dir='ltr'>ludaei,</span> <span class='ocrx_word' id='word_1_107' title='bbox 751 1601 773 1643; x_wconf 93' lang='lat' dir='ltr'>o</span> <span class='ocrx_word' id='word_1_108' title='bbox 789 1600 865 1643; x_wconf 89' lang='lat' dir='ltr'>vere</span> <span class='ocrx_word' id='word_1_109' title='bbox 882 1581 991 1643; x_wconf 88' lang='lat' dir='ltr'>miseri</span> <span class='ocrx_word' id='word_1_110' title='bbox 1008 1587 1112 1664; x_wconf 87' lang='lat' dir='ltr'>atque</span> <span class='ocrx_word' id='word_1_111' title='bbox 1127 1581 1341 1659; x_wconf 87' lang='lat' dir='ltr'>miserabiles,</span> <span class='ocrx_word' id='word_1_112' title='bbox 1356 1583 1412 1663; x_wconf 93' lang='lat' dir='ltr'>qui</span> <span class='ocrx_word' id='word_1_113' title='bbox 1432 1601 1497 1645; x_wconf 91' lang='lat' dir='ltr'>non</span> <span class='ocrx_word' id='word_1_114' title='bbox 1523 1581 1619 1645; x_wconf 88' lang='lat' dir='ltr'>intel-</span> 
     </span>
     <span class='ocr_line' id='line_1_12' title="bbox 261 1682 1621 1769; baseline 0.003 -25"><span class='ocrx_word' id='word_1_115' title='bbox 261 1682 389 1746; x_wconf 86' lang='lat' dir='ltr'>lexistis</span> <span class='ocrx_word' id='word_1_116' title='bbox 406 1683 561 1766; x_wconf 87' lang='lat' dir='ltr'>lapidem,</span> <span class='ocrx_word' id='word_1_117' title='bbox 578 1686 633 1768; x_wconf 91' lang='lat' dir='ltr'>qui</span> <span class='ocrx_word' id='word_1_118' title='bbox 651 1706 710 1767; x_wconf 91' lang='lat' dir='ltr'>per</span> <span class='ocrx_word' id='word_1_119' title='bbox 727 1685 865 1749; x_wconf 88' lang='lat' dir='ltr'>Esaiam</span> <span class='ocrx_word' id='word_1_120' title='bbox 882 1685 1101 1767; x_wconf 89' lang='lat' dir='ltr'>repromissus</span> <span class='ocrx_word' id='word_1_121' title='bbox 1118 1697 1168 1749; x_wconf 87' lang='lat' dir='ltr'>est</span> <span class='ocrx_word' id='word_1_122' title='bbox 1191 1687 1280 1769; x_wconf 92' lang='lat' dir='ltr'>quod</span> <span class='ocrx_word' id='word_1_123' title='bbox 1298 1694 1476 1769; x_wconf 87' lang='lat' dir='ltr'>poneretur</span> <span class='ocrx_word' id='word_1_124' title='bbox 1498 1685 1530 1748; x_wconf 93' lang='lat' dir='ltr'>in</span> <span class='ocrx_word' id='word_1_125' title='bbox 1549 1685 1621 1748; x_wconf 89' lang='lat' dir='ltr'>sun·</span> 
     </span>
     <span class='ocr_line' id='line_1_13' title="bbox 260 1786 1621 1872; baseline 0.003 -23"><span class='ocrx_word' id='word_1_126' title='bbox 260 1787 426 1850; x_wconf 90' lang='lat' dir='ltr'>damentis</span> <span class='ocrx_word' id='word_1_127' title='bbox 444 1786 536 1865; x_wconf 89' lang='lat' dir='ltr'>Sion,</span> <span class='ocrx_word' id='word_1_128' title='bbox 550 1799 583 1852; x_wconf 91' lang='lat' dir='ltr'>et</span> <span class='ocrx_word' id='word_1_129' title='bbox 600 1787 761 1870; x_wconf 89' lang='lat' dir='ltr'>populum</span> <span class='ocrx_word' id='word_1_130' title='bbox 775 1798 952 1871; x_wconf 90' lang='lat' dir='ltr'>utrumque</span> <span class='ocrx_word' id='word_1_131' title='bbox 969 1791 1195 1872; x_wconf 87' lang='lat' dir='ltr'>coniungeret,</span> <span class='ocrx_word' id='word_1_132' title='bbox 1211 1811 1283 1854; x_wconf 90' lang='lat' dir='ltr'>esse</span> <span class='ocrx_word' id='word_1_133' title='bbox 1301 1790 1486 1853; x_wconf 91' lang='lat' dir='ltr'>Dominum</span> <span class='ocrx_word' id='word_1_134' title='bbox 1505 1789 1621 1854; x_wconf 88' lang='lat' dir='ltr'>Salva-</span> 
     </span>
     <span class='ocr_line' id='line_1_14' title="bbox 261 1891 1621 1975; baseline 0 -21"><span class='ocrx_word' id='word_1_135' title='bbox 261 1900 377 1967; x_wconf 90' lang='lat' dir='ltr'>torem,</span> <span class='ocrx_word' id='word_1_136' title='bbox 391 1911 463 1954; x_wconf 91' lang='lat' dir='ltr'>esse</span> <span class='ocrx_word' id='word_1_137' title='bbox 480 1891 544 1954; x_wconf 89' lang='lat' dir='ltr'>Dei</span> <span class='ocrx_word' id='word_1_138' title='bbox 562 1891 693 1956; x_wconf 89' lang='lat' dir='ltr'>Filium.</span> <span class='ocrx_word' id='word_1_139' title='bbox 714 1892 816 1954; x_wconf 91' lang='lat' dir='ltr'>Hunc</span> <span class='ocrx_word' id='word_1_140' title='bbox 832 1913 891 1955; x_wconf 90' lang='lat' dir='ltr'>vos</span> <span class='ocrx_word' id='word_1_141' title='bbox 907 1893 1109 1975; x_wconf 90' lang='lat' dir='ltr'>reprobastis</span> <span class='ocrx_word' id='word_1_142' title='bbox 1125 1891 1340 1957; x_wconf 90' lang='lat' dir='ltr'>aedificantes</span> <span class='ocrx_word' id='word_1_143' title='bbox 1356 1892 1526 1972; x_wconf 91' lang='lat' dir='ltr'>quondam</span> <span class='ocrx_word' id='word_1_144' title='bbox 1544 1910 1621 1955; x_wconf 93' lang='lat' dir='ltr'>con-</span> 
     </span>
     <span class='ocr_line' id='line_1_15' title="bbox 261 1991 1621 2079; baseline -0.001 -23"><span class='ocrx_word' id='word_1_145' title='bbox 261 1994 489 2076; x_wconf 87' lang='lat' dir='ltr'>gregationem</span> <span class='ocrx_word' id='word_1_146' title='bbox 508 1994 645 2058; x_wconf 92' lang='lat' dir='ltr'>Domini</span> <span class='ocrx_word' id='word_1_147' title='bbox 659 2007 691 2058; x_wconf 91' lang='lat' dir='ltr'>et</span> <span class='ocrx_word' id='word_1_148' title='bbox 702 1996 820 2078; x_wconf 89' lang='lat' dir='ltr'>templi</span> <span class='ocrx_word' id='word_1_149' title='bbox 833 1997 904 2060; x_wconf 89' lang='lat' dir='ltr'>eius</span> <span class='ocrx_word' id='word_1_150' title='bbox 921 1997 1080 2079; x_wconf 86' lang='lat' dir='ltr'>mysteria</span> <span class='ocrx_word' id='word_1_151' title='bbox 1093 1995 1329 2061; x_wconf 88' lang='lat' dir='ltr'>custodientes.</span> <span class='ocrx_word' id='word_1_152' title='bbox 1344 1991 1410 2075; x_wconf 86' lang='lat' dir='ltr'>Qui</span> <span class='ocrx_word' id='word_1_153' title='bbox 1425 1993 1621 2074; x_wconf 90' lang='lat' dir='ltr'>reprobatus</span> 
     </span>
     <span class='ocr_line' id='line_1_16' title="bbox 211 2096 1619 2181; baseline -0.004 -15"><span class='ocrx_word' id='word_1_154' title='bbox 211 2112 243 2166; x_wconf 82' lang='lat'>¹5</span> <span class='ocrx_word' id='word_1_155' title='bbox 263 2097 401 2173; x_wconf 89' lang='lat' dir='ltr'>avobis,</span> <span class='ocrx_word' id='word_1_156' title='bbox 416 2097 523 2161; x_wconf 87' lang='lat' dir='ltr'>sactus</span> <span class='ocrx_word' id='word_1_157' title='bbox 539 2107 589 2162; x_wconf 88' lang='lat' dir='ltr'>est</span> <span class='ocrx_word' id='word_1_158' title='bbox 613 2099 646 2161; x_wconf 92' lang='lat' dir='ltr'>in</span> <span class='ocrx_word' id='word_1_159' title='bbox 674 2108 774 2180; x_wconf 90' lang='lat' dir='ltr'>caput</span> <span class='ocrx_word' id='word_1_160' title='bbox 799 2098 922 2180; x_wconf 89' lang='lat' dir='ltr'>anguli,</span> <span class='ocrx_word' id='word_1_161' title='bbox 938 2109 971 2161; x_wconf 90' lang='lat' dir='ltr'>et</span> <span class='ocrx_word' id='word_1_162' title='bbox 988 2100 1129 2181; x_wconf 89' lang='lat' dir='ltr'>primam</span> <span class='ocrx_word' id='word_1_163' title='bbox 1151 2096 1326 2162; x_wconf 88' lang='lat' dir='ltr'>ecclesiam</span> <span class='ocrx_word' id='word_1_164' title='bbox 1352 2096 1394 2158; x_wconf 89' lang='lat' dir='ltr'>de</span> <span class='ocrx_word' id='word_1_165' title='bbox 1420 2096 1619 2160; x_wconf 89' lang='lat' dir='ltr'>ludaeorum</span> 
     </span>
     <span class='ocr_line' id='line_1_17' title="bbox 262 2199 1619 2283; baseline -0.001 -20"><span class='ocrx_word' id='word_1_166' title='bbox 262 2199 387 2283; x_wconf 91' lang='lat' dir='ltr'>populo</span> <span class='ocrx_word' id='word_1_167' title='bbox 403 2211 643 2283; x_wconf 88' lang='lat' dir='ltr'>congregatam</span> <span class='ocrx_word' id='word_1_168' title='bbox 659 2211 693 2264; x_wconf 88' lang='lat' dir='ltr'>et</span> <span class='ocrx_word' id='word_1_169' title='bbox 709 2201 882 2264; x_wconf 88' lang='lat' dir='ltr'>credentes</span> <span class='ocrx_word' id='word_1_170' title='bbox 899 2221 942 2264; x_wconf 90' lang='lat' dir='ltr'>ex</span> <span class='ocrx_word' id='word_1_171' title='bbox 960 2203 1149 2265; x_wconf 91' lang='lat' dir='ltr'>nationibus</span> <span class='ocrx_word' id='word_1_172' title='bbox 1173 2203 1204 2263; x_wconf 92' lang='lat' dir='ltr'>in</span> <span class='ocrx_word' id='word_1_173' title='bbox 1226 2219 1329 2263; x_wconf 90' lang='lat' dir='ltr'>unum</span> <span class='ocrx_word' id='word_1_174' title='bbox 1347 2218 1483 2280; x_wconf 87' lang='lat' dir='ltr'>gregem</span> <span class='ocrx_word' id='word_1_175' title='bbox 1501 2209 1533 2262; x_wconf 91' lang='lat' dir='ltr'>et</span> <span class='ocrx_word' id='word_1_176' title='bbox 1548 2220 1619 2281; x_wconf 90' lang='lat' dir='ltr'>my·</span> 
     </span>
     <span class='ocr_line' id='line_1_18' title="bbox 262 2301 1624 2384; baseline -0.001 -18"><span class='ocrx_word' id='word_1_177' title='bbox 262 2305 399 2368; x_wconf 84' lang='lat' dir='ltr'>sterium</span> <span class='ocrx_word' id='word_1_178' title='bbox 416 2303 607 2370; x_wconf 83' lang='lat' dir='ltr'>faederavit.</span> <span class='ocrx_word' id='word_1_179' title='bbox 626 2307 654 2368; x_wconf 82' lang='lat' dir='ltr'><strong><em>A</em></strong></span> <span class='ocrx_word' id='word_1_180' title='bbox 674 2304 819 2368; x_wconf 84' lang='lat' dir='ltr'>Doriu&#39;uo</span> <span class='ocrx_word' id='word_1_181' title='bbox 835 2305 967 2384; x_wconf 83' lang='lat' dir='ltr'>sactum</span> <span class='ocrx_word' id='word_1_182' title='bbox 982 2316 1030 2369; x_wconf 87' lang='lat' dir='ltr'>est</span> <span class='ocrx_word' id='word_1_183' title='bbox 1045 2305 1142 2383; x_wconf 82' lang='lat' dir='ltr'>z&#39;stud,</span> <span class='ocrx_word' id='word_1_184' title='bbox 1162 2305 1218 2368; x_wconf 83' lang='lat' dir='ltr'>leoc</span> <span class='ocrx_word' id='word_1_185' title='bbox 1238 2313 1286 2367; x_wconf 87' lang='lat' dir='ltr'>est</span> <span class='ocrx_word' id='word_1_186' title='bbox 1300 2301 1450 2365; x_wconf 82' lang='lat' dir='ltr'>mirabile</span> <span class='ocrx_word' id='word_1_187' title='bbox 1475 2301 1508 2364; x_wconf 86' lang='lat' dir='ltr'>in</span> <span class='ocrx_word' id='word_1_188' title='bbox 1525 2303 1624 2365; x_wconf 78' lang='lat' dir='ltr'>oraclis</span> 
     </span>
     <span class='ocr_line' id='line_1_19' title="bbox 265 2407 1623 2494; baseline 0.001 -24"><span class='ocrx_word' id='word_1_189' title='bbox 265 2407 386 2472; x_wconf 81' lang='lat' dir='ltr'>nostris</span> <span class='ocrx_word' id='word_1_190' title='bbox 401 2433 407 2472; x_wconf 94' lang='lat'><strong>:</strong></span> <span class='ocrx_word' id='word_1_191' title='bbox 424 2418 460 2472; x_wconf 90' lang='lat' dir='ltr'>ut</span> <span class='ocrx_word' id='word_1_192' title='bbox 478 2429 537 2473; x_wconf 90' lang='lat' dir='ltr'>nos</span> <span class='ocrx_word' id='word_1_193' title='bbox 554 2411 610 2490; x_wconf 92' lang='lat' dir='ltr'>qui</span> <span class='ocrx_word' id='word_1_194' title='bbox 628 2417 705 2471; x_wconf 88' lang='lat' dir='ltr'>ante</span> <span class='ocrx_word' id='word_1_195' title='bbox 729 2411 918 2494; x_wconf 87' lang='lat' dir='ltr'>passionem</span> <span class='ocrx_word' id='word_1_196' title='bbox 945 2409 1082 2473; x_wconf 92' lang='lat' dir='ltr'>Domini</span> <span class='ocrx_word' id='word_1_197' title='bbox 1108 2411 1179 2473; x_wconf 90' lang='lat' dir='ltr'>sine</span> <span class='ocrx_word' id='word_1_198' title='bbox 1206 2416 1412 2472; x_wconf 88' lang='lat' dir='ltr'>testamento</span> <span class='ocrx_word' id='word_1_199' title='bbox 1434 2426 1566 2470; x_wconf 89' lang='lat' dir='ltr'>eramus</span> <span class='ocrx_word' id='word_1_200' title='bbox 1590 2417 1623 2471; x_wconf 88' lang='lat' dir='ltr'>et</span> 
     </span>
     <span class='ocr_line' id='line_1_20' title="bbox 266 2510 1619 2595; baseline 0.001 -23"><span class='ocrx_word' id='word_1_201' title='bbox 266 2510 348 2592; x_wconf 87' lang='lat' dir='ltr'>lege,</span> <span class='ocrx_word' id='word_1_202' title='bbox 364 2511 601 2592; x_wconf 89' lang='lat' dir='ltr'>adoptaremur</span> <span class='ocrx_word' id='word_1_203' title='bbox 618 2512 649 2574; x_wconf 93' lang='lat' dir='ltr'>in</span> <span class='ocrx_word' id='word_1_204' title='bbox 668 2511 752 2576; x_wconf 89' lang='lat' dir='ltr'>lilios</span> <span class='ocrx_word' id='word_1_205' title='bbox 777 2513 853 2588; x_wconf 88' lang='lat' dir='ltr'>Dei,</span> <span class='ocrx_word' id='word_1_206' title='bbox 877 2523 911 2577; x_wconf 90' lang='lat' dir='ltr'>et</span> <span class='ocrx_word' id='word_1_207' title='bbox 937 2515 1036 2595; x_wconf 91' lang='lat' dir='ltr'>priori</span> <span class='ocrx_word' id='word_1_208' title='bbox 1064 2513 1199 2595; x_wconf 86' lang='lat' dir='ltr'>cingulo</span> <span class='ocrx_word' id='word_1_209' title='bbox 1230 2521 1508 2593; x_wconf 90' lang='lat' dir='ltr'>conputrescente</span> <span class='ocrx_word' id='word_1_210' title='bbox 1531 2511 1619 2575; x_wconf 91' lang='lat' dir='ltr'>aliud</span> 
     </span>
     <span class='ocr_line' id='line_1_21' title="bbox 209 2613 1624 2699; baseline 0.003 -25"><span class='ocrx_word' id='word_1_211' title='bbox 209 2637 247 2674; x_wconf 70' lang='grc' dir='ltr'>ιο</span> <span class='ocrx_word' id='word_1_212' title='bbox 267 2613 328 2676; x_wconf 89' lang='lat' dir='ltr'>sibi</span> <span class='ocrx_word' id='word_1_213' title='bbox 346 2613 439 2676; x_wconf 91' lang='lat' dir='ltr'>Deus</span> <span class='ocrx_word' id='word_1_214' title='bbox 456 2613 606 2677; x_wconf 90' lang='lat' dir='ltr'>lumbare</span> <span class='ocrx_word' id='word_1_215' title='bbox 633 2624 838 2693; x_wconf 88' lang='lat' dir='ltr'>contexeret,</span> <span class='ocrx_word' id='word_1_216' title='bbox 865 2615 967 2680; x_wconf 91' lang='lat' dir='ltr'>alium</span> <span class='ocrx_word' id='word_1_217' title='bbox 984 2617 1146 2699; x_wconf 90' lang='lat' dir='ltr'>populum</span> <span class='ocrx_word' id='word_1_218' title='bbox 1163 2626 1389 2699; x_wconf 87' lang='lat' dir='ltr'>praepararet.</span> <span class='ocrx_word' id='word_1_219' title='bbox 1405 2615 1478 2679; x_wconf 93' lang='lat' dir='ltr'>Vos</span> <span class='ocrx_word' id='word_1_220' title='bbox 1494 2615 1624 2680; x_wconf 90' lang='lat' dir='ltr'>habetis</span> 
     </span>
     <span class='ocr_line' id='line_1_22' title="bbox 265 2717 1623 2804; baseline 0.002 -25"><span class='ocrx_word' id='word_1_221' title='bbox 265 2717 455 2798; x_wconf 89' lang='lat' dir='ltr'>scripturas,</span> <span class='ocrx_word' id='word_1_222' title='bbox 470 2727 503 2781; x_wconf 93' lang='lat' dir='ltr'>et</span> <span class='ocrx_word' id='word_1_223' title='bbox 520 2738 581 2780; x_wconf 93' lang='lat' dir='ltr'>nos</span> <span class='ocrx_word' id='word_1_224' title='bbox 594 2717 857 2800; x_wconf 86' lang='lat' dir='ltr'>intellegentiam</span> <span class='ocrx_word' id='word_1_225' title='bbox 875 2721 1111 2803; x_wconf 91' lang='lat' dir='ltr'>scripturarum</span> <span class='ocrx_word' id='word_1_226' title='bbox 1125 2741 1132 2783; x_wconf 92' lang='lat'>:</span> <span class='ocrx_word' id='word_1_227' title='bbox 1146 2741 1204 2784; x_wconf 90' lang='lat' dir='ltr'>vos</span> <span class='ocrx_word' id='word_1_228' title='bbox 1222 2721 1331 2804; x_wconf 90' lang='lat' dir='ltr'>legitis</span> <span class='ocrx_word' id='word_1_229' title='bbox 1349 2719 1461 2796; x_wconf 92' lang='lat' dir='ltr'>libros,</span> <span class='ocrx_word' id='word_1_230' title='bbox 1471 2729 1504 2783; x_wconf 90' lang='lat' dir='ltr'>et</span> <span class='ocrx_word' id='word_1_231' title='bbox 1518 2740 1578 2783; x_wconf 89' lang='lat' dir='ltr'>nos</span> <span class='ocrx_word' id='word_1_232' title='bbox 1591 2721 1623 2783; x_wconf 92' lang='lat' dir='ltr'>in</span> 
     </span>
     <span class='ocr_line' id='line_1_23' title="bbox 265 2820 1623 2907; baseline 0.004 -25"><span class='ocrx_word' id='word_1_233' title='bbox 265 2839 352 2896; x_wconf 88' lang='lat' dir='ltr'>eum,</span> <span class='ocrx_word' id='word_1_234' title='bbox 367 2821 424 2901; x_wconf 92' lang='lat' dir='ltr'>qui</span> <span class='ocrx_word' id='word_1_235' title='bbox 441 2821 475 2884; x_wconf 89' lang='lat' dir='ltr'>in</span> <span class='ocrx_word' id='word_1_236' title='bbox 492 2821 582 2884; x_wconf 91' lang='lat' dir='ltr'>libris</span> <span class='ocrx_word' id='word_1_237' title='bbox 598 2820 741 2903; x_wconf 90' lang='lat' dir='ltr'>scriptus</span> <span class='ocrx_word' id='word_1_238' title='bbox 757 2831 818 2902; x_wconf 92' lang='lat' dir='ltr'>est,</span> <span class='ocrx_word' id='word_1_239' title='bbox 831 2825 995 2888; x_wconf 91' lang='lat' dir='ltr'>credimus</span> <span class='ocrx_word' id='word_1_240' title='bbox 1009 2849 1016 2888; x_wconf 92' lang='lat'>:</span> <span class='ocrx_word' id='word_1_241' title='bbox 1031 2845 1091 2888; x_wconf 86' lang='lat' dir='ltr'>vos</span> <span class='ocrx_word' id='word_1_242' title='bbox 1107 2825 1228 2888; x_wconf 88' lang='lat' dir='ltr'>tenetis</span> <span class='ocrx_word' id='word_1_243' title='bbox 1250 2825 1401 2907; x_wconf 86' lang='lat' dir='ltr'>paginas,</span> <span class='ocrx_word' id='word_1_244' title='bbox 1413 2843 1473 2886; x_wconf 93' lang='lat' dir='ltr'>nos</span> <span class='ocrx_word' id='word_1_245' title='bbox 1490 2843 1623 2888; x_wconf 90' lang='lat' dir='ltr'>sensum</span> 
     </span>
     <span class='ocr_line' id='line_1_24' title="bbox 266 2926 1625 3009; baseline 0.004 -23"><span class='ocrx_word' id='word_1_246' title='bbox 266 2929 465 3006; x_wconf 87' lang='lat' dir='ltr'>paginarum</span> <span class='ocrx_word' id='word_1_247' title='bbox 482 2947 564 2989; x_wconf 90' lang='lat' dir='ltr'>:vos</span> <span class='ocrx_word' id='word_1_248' title='bbox 580 2926 777 3009; x_wconf 90' lang='lat' dir='ltr'>conplicatis</span> <span class='ocrx_word' id='word_1_249' title='bbox 795 2927 1006 2991; x_wconf 89' lang='lat' dir='ltr'>membranas</span> <span class='ocrx_word' id='word_1_250' title='bbox 1021 2927 1217 2991; x_wconf 89' lang='lat' dir='ltr'>animalium</span> <span class='ocrx_word' id='word_1_251' title='bbox 1236 2937 1454 3003; x_wconf 91' lang='lat' dir='ltr'>mortuorum,</span> <span class='ocrx_word' id='word_1_252' title='bbox 1472 2945 1532 2989; x_wconf 93' lang='lat' dir='ltr'>nos</span> <span class='ocrx_word' id='word_1_253' title='bbox 1549 2947 1625 3009; x_wconf 90' lang='lat' dir='ltr'>pos·</span> 
     </span>
    </p>
   </div>
   <div class='ocr_carea' id='block_1_3' title="bbox 182 3112 1630 4328">
    <p class='ocr_par' dir='ltr' id='par_1_5' title="bbox 182 3112 1630 4328">
     <span class='ocr_line' id='line_1_25' title="bbox 300 3112 1623 3178; baseline 0 -15"><span class='ocrx_word' id='word_1_254' title='bbox 300 3115 459 3178; x_wconf 82' lang='lat' dir='ltr'>3nrartyres]</span> <span class='ocrx_word' id='word_1_255' title='bbox 472 3115 514 3166; x_wconf 92' lang='lat' dir='ltr'>SB</span> <span class='ocrx_word' id='word_1_256' title='bbox 524 3133 532 3175; x_wconf 90' lang='lat'>;</span> <span class='ocrx_word' id='word_1_257' title='bbox 544 3121 654 3164; x_wconf 61' lang='lat' dir='ltr'>eumont.</span> <span class='ocrx_word' id='word_1_258' title='bbox 670 3113 742 3162; x_wconf 88' lang='lat' dir='ltr'>Hier.</span> <span class='ocrx_word' id='word_1_259' title='bbox 811 3114 1003 3176; x_wconf 79' lang='lat' dir='ltr'>ingrediuntur]</span> <span class='ocrx_word' id='word_1_260' title='bbox 1012 3115 1175 3177; x_wconf 75' lang='lat' dir='ltr'>gradiuntur</span> <span class='ocrx_word' id='word_1_261' title='bbox 1186 3113 1234 3163; x_wconf 91' lang='lat' dir='ltr'>SB.</span> <span class='ocrx_word' id='word_1_262' title='bbox 1304 3128 1320 3175; x_wconf 83' lang='grc'>4</span> <span class='ocrx_word' id='word_1_263' title='bbox 1332 3112 1459 3173; x_wconf 84' lang='lat' dir='ltr'>Habetote]</span> <span class='ocrx_word' id='word_1_264' title='bbox 1477 3112 1582 3162; x_wconf 77' lang='lat' dir='ltr'>habitote</span> <span class='ocrx_word' id='word_1_265' title='bbox 1595 3113 1623 3163; x_wconf 93' lang='grc' dir='ltr'>Β.</span> 
     </span>
     <span class='ocr_line' id='line_1_26' title="bbox 267 3193 1627 3262; baseline -0.003 -17"><span class='ocrx_word' id='word_1_266' title='bbox 267 3197 396 3258; x_wconf 71' lang='lat' dir='ltr'>fiduciam]</span> <span class='ocrx_word' id='word_1_267' title='bbox 409 3197 449 3247; x_wconf 90' lang='lat' dir='ltr'>SB</span> <span class='ocrx_word' id='word_1_268' title='bbox 461 3197 521 3246; x_wconf 88' lang='lat' dir='ltr'>add.</span> <span class='ocrx_word' id='word_1_269' title='bbox 526 3197 627 3262; x_wconf 85' lang='lat' dir='ltr'>fratres</span> <span class='ocrx_word' id='word_1_270' title='bbox 637 3196 771 3245; x_wconf 82' lang='lat' dir='ltr'>carissimi.</span> <span class='ocrx_word' id='word_1_271' title='bbox 874 3205 887 3258; x_wconf 82' lang='lat'>5</span> <span class='ocrx_word' id='word_1_272' title='bbox 900 3197 1007 3257; x_wconf 74' lang='lat' dir='ltr'>riutilio]</span> <span class='ocrx_word' id='word_1_273' title='bbox 1023 3195 1094 3245; x_wconf 86' lang='lat' dir='ltr'>Hier.</span> <span class='ocrx_word' id='word_1_274' title='bbox 1108 3195 1179 3244; x_wconf 89' lang='lat' dir='ltr'>addit</span> <span class='ocrx_word' id='word_1_275' title='bbox 1191 3213 1197 3244; x_wconf 91' lang='lat'>:</span> <span class='ocrx_word' id='word_1_276' title='bbox 1217 3194 1259 3242; x_wconf 89' lang='lat' dir='ltr'>Sic</span> <span class='ocrx_word' id='word_1_277' title='bbox 1269 3194 1338 3242; x_wconf 83' lang='lat' dir='ltr'>eninr</span> <span class='ocrx_word' id='word_1_278' title='bbox 1350 3194 1400 3256; x_wconf 87' lang='lat' dir='ltr'>ipse</span> <span class='ocrx_word' id='word_1_279' title='bbox 1411 3193 1532 3256; x_wconf 85' lang='lat' dir='ltr'>apostolus</span> <span class='ocrx_word' id='word_1_280' title='bbox 1542 3193 1612 3242; x_wconf 83' lang='lat' dir='ltr'>dixit</span> <span class='ocrx_word' id='word_1_281' title='bbox 1619 3208 1627 3241; x_wconf 89' lang='lat'><em>:</em></span> 
     </span>
     <span class='ocr_line' id='line_1_27' title="bbox 266 3276 1626 3342; baseline -0.002 -14"><span class='ocrx_word' id='word_1_282' title='bbox 266 3281 300 3329; x_wconf 90' lang='lat' dir='ltr'>Si</span> <span class='ocrx_word' id='word_1_283' title='bbox 309 3281 501 3330; x_wconf 80' lang='lat' dir='ltr'>consurrexistis</span> <span class='ocrx_word' id='word_1_284' title='bbox 511 3298 567 3329; x_wconf 86' lang='lat' dir='ltr'>cum</span> <span class='ocrx_word' id='word_1_285' title='bbox 582 3280 690 3338; x_wconf 82' lang='lat' dir='ltr'>Christo,</span> <span class='ocrx_word' id='word_1_286' title='bbox 703 3295 767 3342; x_wconf 87' lang='lat' dir='ltr'>quoe</span> <span class='ocrx_word' id='word_1_287' title='bbox 786 3295 887 3328; x_wconf 84' lang='lat' dir='ltr'>seersum</span> <span class='ocrx_word' id='word_1_288' title='bbox 907 3285 969 3327; x_wconf 87' lang='lat' dir='ltr'>sunt</span> <span class='ocrx_word' id='word_1_289' title='bbox 979 3279 1100 3342; x_wconf 82' lang='lat' dir='ltr'>quaerite,</span> <span class='ocrx_word' id='word_1_290' title='bbox 1114 3279 1159 3327; x_wconf 85' lang='lat' dir='ltr'>uhi</span> <span class='ocrx_word' id='word_1_291' title='bbox 1172 3277 1290 3328; x_wconf 76' lang='lat' dir='ltr'>Christus</span> <span class='ocrx_word' id='word_1_292' title='bbox 1301 3276 1330 3325; x_wconf 86' lang='lat' dir='ltr'>in</span> <span class='ocrx_word' id='word_1_293' title='bbox 1341 3277 1442 3325; x_wconf 85' lang='lat' dir='ltr'>dextero</span> <span class='ocrx_word' id='word_1_294' title='bbox 1456 3277 1508 3326; x_wconf 86' lang='lat' dir='ltr'>Dei</span> <span class='ocrx_word' id='word_1_295' title='bbox 1517 3277 1588 3338; x_wconf 83' lang='lat' dir='ltr'>sedet,</span> <span class='ocrx_word' id='word_1_296' title='bbox 1602 3285 1626 3325; x_wconf 90' lang='lat' dir='ltr'>et</span> 
     </span>
     <span class='ocr_line' id='line_1_28' title="bbox 268 3359 1627 3426; baseline -0.004 -14"><span class='ocrx_word' id='word_1_297' title='bbox 268 3364 303 3412; x_wconf 88' lang='lat' dir='ltr'>ita</span> <span class='ocrx_word' id='word_1_298' title='bbox 315 3361 471 3426; x_wconf 86' lang='lat' dir='ltr'>prosequitur</span> <span class='ocrx_word' id='word_1_299' title='bbox 483 3363 543 3411; x_wconf 89' lang='lat' dir='ltr'>Non</span> <span class='ocrx_word' id='word_1_300' title='bbox 554 3362 617 3410; x_wconf 85' lang='lat' dir='ltr'>dicit</span> <span class='ocrx_word' id='word_1_301' title='bbox 626 3361 667 3409; x_wconf 80' lang='lat' dir='ltr'>iric</span> <span class='ocrx_word' id='word_1_302' title='bbox 673 3361 797 3425; x_wconf 82' lang='lat' dir='ltr'>psalmus,</span> <span class='ocrx_word' id='word_1_303' title='bbox 810 3359 857 3408; x_wconf 86' lang='lat' dir='ltr'>soli</span> <span class='ocrx_word' id='word_1_304' title='bbox 866 3361 976 3423; x_wconf 85' lang='lat' dir='ltr'>apostoli,</span> <span class='ocrx_word' id='word_1_305' title='bbox 990 3361 1037 3409; x_wconf 85' lang='lat' dir='ltr'>soli</span> <span class='ocrx_word' id='word_1_306' title='bbox 1043 3360 1175 3424; x_wconf 75' lang='lat' dir='ltr'>prophetae</span> <span class='ocrx_word' id='word_1_307' title='bbox 1186 3366 1210 3408; x_wconf 87' lang='lat' dir='ltr'>et</span> <span class='ocrx_word' id='word_1_308' title='bbox 1221 3366 1342 3422; x_wconf 83' lang='lat' dir='ltr'>rnortyres</span> <span class='ocrx_word' id='word_1_309' title='bbox 1354 3367 1402 3408; x_wconf 88' lang='lat' dir='ltr'>etc.</span> <span class='ocrx_word' id='word_1_310' title='bbox 1472 3369 1485 3420; x_wconf 87' lang='lat'><em>7</em></span> <span class='ocrx_word' id='word_1_311' title='bbox 1496 3359 1627 3420; x_wconf 73' lang='lat' dir='ltr'>occurerit]</span> 
     </span>
     <span class='ocr_line' id='line_1_29' title="bbox 269 3440 1627 3506; baseline -0.002 -14"><span class='ocrx_word' id='word_1_312' title='bbox 269 3443 312 3492; x_wconf 85' lang='lat' dir='ltr'>SV</span> <span class='ocrx_word' id='word_1_313' title='bbox 322 3459 330 3502; x_wconf 87' lang='lat'>;</span> <span class='ocrx_word' id='word_1_314' title='bbox 342 3442 437 3492; x_wconf 81' lang='lat' dir='ltr'>rneneit</span> <span class='ocrx_word' id='word_1_315' title='bbox 449 3441 521 3492; x_wconf 90' lang='lat' dir='ltr'>Hier.</span> <span class='ocrx_word' id='word_1_316' title='bbox 538 3441 591 3490; x_wconf 90' lang='lat' dir='ltr'>Mai</span> <span class='ocrx_word' id='word_1_317' title='bbox 602 3460 608 3500; x_wconf 89' lang='lat'>;</span> <span class='ocrx_word' id='word_1_318' title='bbox 623 3441 695 3491; x_wconf 87' lang='lat' dir='ltr'>Hier.</span> <span class='ocrx_word' id='word_1_319' title='bbox 710 3441 796 3491; x_wconf 89' lang='lat' dir='ltr'>inserit</span> <span class='ocrx_word' id='word_1_320' title='bbox 806 3459 811 3490; x_wconf 92' lang='lat'>:</span> <span class='ocrx_word' id='word_1_321' title='bbox 817 3441 980 3506; x_wconf 78' lang='lat' dir='ltr'>fiducialiter</span> <span class='ocrx_word' id='word_1_322' title='bbox 991 3449 1049 3504; x_wconf 80' lang='lat' dir='ltr'>agot</span> <span class='ocrx_word' id='word_1_323' title='bbox 1060 3445 1089 3491; x_wconf 87' lang='lat' dir='ltr'>in</span> <span class='ocrx_word' id='word_1_324' title='bbox 1100 3458 1126 3491; x_wconf 87' lang='lat' dir='ltr'>eo</span> <span class='ocrx_word' id='word_1_325' title='bbox 1136 3449 1240 3506; x_wconf 86' lang='lat' dir='ltr'>sperans</span> <span class='ocrx_word' id='word_1_326' title='bbox 1251 3444 1322 3506; x_wconf 87' lang='lat' dir='ltr'>quia.</span> <span class='ocrx_word' id='word_1_327' title='bbox 1390 3440 1406 3490; x_wconf 86' lang='lat'>8</span> <span class='ocrx_word' id='word_1_328' title='bbox 1413 3449 1462 3506; x_wconf 85' lang='lat' dir='ltr'>per</span> <span class='ocrx_word' id='word_1_329' title='bbox 1471 3441 1557 3506; x_wconf 82' lang='lat' dir='ltr'>quam]</span> <span class='ocrx_word' id='word_1_330' title='bbox 1571 3441 1627 3498; x_wconf 85' lang='lat' dir='ltr'>SB;</span> 
     </span>
     <span class='ocr_line' id='line_1_30' title="bbox 266 3523 1625 3588; baseline 0.001 -16"><span class='ocrx_word' id='word_1_331' title='bbox 266 3532 375 3588; x_wconf 79' lang='lat' dir='ltr'>proquo</span> <span class='ocrx_word' id='word_1_332' title='bbox 395 3525 467 3573; x_wconf 86' lang='lat' dir='ltr'>Hier.</span> <span class='ocrx_word' id='word_1_333' title='bbox 566 3524 718 3588; x_wconf 59' lang='lat' dir='ltr'>eſj&#39;urrditur]</span> <span class='ocrx_word' id='word_1_334' title='bbox 733 3526 804 3575; x_wconf 91' lang='lat' dir='ltr'>Hier.</span> <span class='ocrx_word' id='word_1_335' title='bbox 819 3526 878 3574; x_wconf 90' lang='lat' dir='ltr'>add.</span> <span class='ocrx_word' id='word_1_336' title='bbox 893 3527 1054 3577; x_wconf 85' lang='lat' dir='ltr'>credentium.</span> <span class='ocrx_word' id='word_1_337' title='bbox 1155 3524 1288 3588; x_wconf 83' lang='lat' dir='ltr'>9cmoris]</span> <span class='ocrx_word' id='word_1_338' title='bbox 1302 3523 1385 3582; x_wconf 84' lang='lat' dir='ltr'>SBV;</span> <span class='ocrx_word' id='word_1_339' title='bbox 1404 3525 1540 3586; x_wconf 80' lang='lat' dir='ltr'>sossgreiuis</span> <span class='ocrx_word' id='word_1_340' title='bbox 1553 3523 1625 3573; x_wconf 88' lang='lat' dir='ltr'>Hier.</span> 
     </span>
     <span class='ocr_line' id='line_1_31' title="bbox 273 3604 1625 3673; baseline -0.003 -17"><span class='ocrx_word' id='word_1_341' title='bbox 273 3621 303 3656; x_wconf 85' lang='lat' dir='ltr'>to</span> <span class='ocrx_word' id='word_1_342' title='bbox 321 3624 377 3657; x_wconf 85' lang='lat' dir='ltr'>uere</span> <span class='ocrx_word' id='word_1_343' title='bbox 397 3607 497 3668; x_wconf 78' lang='lat' dir='ltr'>miseri]</span> <span class='ocrx_word' id='word_1_344' title='bbox 518 3607 578 3666; x_wconf 85' lang='lat' dir='ltr'>SB;</span> <span class='ocrx_word' id='word_1_345' title='bbox 600 3609 672 3657; x_wconf 89' lang='lat' dir='ltr'>Hier.</span> <span class='ocrx_word' id='word_1_346' title='bbox 693 3623 744 3656; x_wconf 88' lang='lat' dir='ltr'>non</span> <span class='ocrx_word' id='word_1_347' title='bbox 768 3617 846 3673; x_wconf 89' lang='lat' dir='ltr'>repet.</span> <span class='ocrx_word' id='word_1_348' title='bbox 866 3624 930 3657; x_wconf 83' lang='lat' dir='ltr'>uere.</span> <span class='ocrx_word' id='word_1_349' title='bbox 1064 3610 1111 3673; x_wconf 86' lang='lat' dir='ltr'>qui</span> <span class='ocrx_word' id='word_1_350' title='bbox 1132 3625 1182 3658; x_wconf 87' lang='lat' dir='ltr'>non</span> <span class='ocrx_word' id='word_1_351' title='bbox 1206 3605 1374 3665; x_wconf 80' lang='lat' dir='ltr'>intellexistis]</span> <span class='ocrx_word' id='word_1_352' title='bbox 1397 3605 1455 3663; x_wconf 90' lang='lat' dir='ltr'>SB;</span> <span class='ocrx_word' id='word_1_353' title='bbox 1478 3621 1528 3653; x_wconf 88' lang='lat' dir='ltr'>om.</span> <span class='ocrx_word' id='word_1_354' title='bbox 1553 3604 1625 3653; x_wconf 89' lang='lat' dir='ltr'>Hier.</span> 
     </span>
     <span class='ocr_line' id='line_1_32' title="bbox 274 3686 1627 3755; baseline -0.001 -18"><span class='ocrx_word' id='word_1_355' title='bbox 274 3701 300 3737; x_wconf 86' lang='lat' dir='ltr'>rr</span> <span class='ocrx_word' id='word_1_356' title='bbox 315 3689 432 3750; x_wconf 81' lang='lat' dir='ltr'>Essiam]</span> <span class='ocrx_word' id='word_1_357' title='bbox 445 3690 547 3738; x_wconf 77' lang='lat' dir='ltr'>Essiam</span> <span class='ocrx_word' id='word_1_358' title='bbox 560 3690 580 3736; x_wconf 91' lang='lat' dir='ltr'>B</span> <span class='ocrx_word' id='word_1_359' title='bbox 592 3707 599 3748; x_wconf 85' lang='lat'>;</span> <span class='ocrx_word' id='word_1_360' title='bbox 612 3691 707 3738; x_wconf 76' lang='lat' dir='ltr'>lsasbm</span> <span class='ocrx_word' id='word_1_361' title='bbox 720 3691 747 3741; x_wconf 92' lang='lat' dir='ltr'>S.</span> <span class='ocrx_word' id='word_1_362' title='bbox 848 3691 925 3754; x_wconf 81' lang='lat' dir='ltr'>quod]</span> <span class='ocrx_word' id='word_1_363' title='bbox 942 3692 1017 3740; x_wconf 89' lang='lat' dir='ltr'>codd.</span> <span class='ocrx_word' id='word_1_364' title='bbox 1032 3699 1057 3740; x_wconf 87' lang='lat' dir='ltr'>et</span> <span class='ocrx_word' id='word_1_365' title='bbox 1070 3691 1151 3750; x_wconf 86' lang='lat' dir='ltr'>Hier;</span> <span class='ocrx_word' id='word_1_366' title='bbox 1169 3692 1217 3755; x_wconf 86' lang='lat' dir='ltr'>qui</span> <span class='ocrx_word' id='word_1_367' title='bbox 1229 3689 1290 3740; x_wconf 89' lang='lat' dir='ltr'>Mai.</span> <span class='ocrx_word' id='word_1_368' title='bbox 1385 3688 1532 3754; x_wconf 81' lang='lat' dir='ltr'>poneretur]</span> <span class='ocrx_word' id='word_1_369' title='bbox 1547 3686 1627 3745; x_wconf 88' lang='lat' dir='ltr'>Hier;</span> 
     </span>
     <span class='ocr_line' id='line_1_33' title="bbox 266 3768 1628 3836; baseline -0.001 -19"><span class='ocrx_word' id='word_1_370' title='bbox 266 3771 423 3835; x_wconf 54' lang='lat' dir='ltr'>ponetur&amp;</span> <span class='ocrx_word' id='word_1_371' title='bbox 430 3772 540 3834; x_wconf 82' lang='lat' dir='ltr'>ponitur</span> <span class='ocrx_word' id='word_1_372' title='bbox 551 3772 597 3830; x_wconf 61' lang='lat' dir='ltr'>B„</span> <span class='ocrx_word' id='word_1_373' title='bbox 669 3772 859 3836; x_wconf 78' lang='lat' dir='ltr'>sussdamentisl</span> <span class='ocrx_word' id='word_1_374' title='bbox 873 3774 1041 3836; x_wconf 79' lang='lat' dir='ltr'>ssersdomento</span> <span class='ocrx_word' id='word_1_375' title='bbox 1053 3775 1079 3824; x_wconf 94' lang='lat' dir='ltr'>S.</span> <span class='ocrx_word' id='word_1_376' title='bbox 1184 3774 1299 3834; x_wconf 78' lang='lat' dir='ltr'>raet]ut</span> <span class='ocrx_word' id='word_1_377' title='bbox 1311 3771 1373 3821; x_wconf 89' lang='lat' dir='ltr'>Mai.</span> <span class='ocrx_word' id='word_1_378' title='bbox 1478 3783 1506 3833; x_wconf 84' lang='lat'>13</span> <span class='ocrx_word' id='word_1_379' title='bbox 1519 3768 1628 3828; x_wconf 86' lang='lat' dir='ltr'>Filium]</span> 
     </span>
     <span class='ocr_line' id='line_1_34' title="bbox 275 3849 1629 3919; baseline -0.003 -18"><span class='ocrx_word' id='word_1_380' title='bbox 275 3853 347 3902; x_wconf 88' lang='lat' dir='ltr'>Hier.</span> <span class='ocrx_word' id='word_1_381' title='bbox 360 3851 435 3902; x_wconf 85' lang='lat' dir='ltr'>inser.</span> <span class='ocrx_word' id='word_1_382' title='bbox 449 3854 655 3916; x_wconf 82' lang='lat' dir='ltr'>nonagrrovr&#39;stis.</span> <span class='ocrx_word' id='word_1_383' title='bbox 726 3856 830 3917; x_wconf 72' lang='lat' dir='ltr'>tacius]</span> <span class='ocrx_word' id='word_1_384' title='bbox 843 3856 902 3914; x_wconf 86' lang='lat' dir='ltr'>SB;</span> <span class='ocrx_word' id='word_1_385' title='bbox 915 3856 966 3904; x_wconf 87' lang='lat' dir='ltr'>Dei</span> <span class='ocrx_word' id='word_1_386' title='bbox 978 3856 1051 3906; x_wconf 87' lang='lat' dir='ltr'>Hier.</span> <span class='ocrx_word' id='word_1_387' title='bbox 1121 3853 1374 3919; x_wconf 67' lang='lat' dir='ltr'>reprobarunsrrdd.</span> <span class='ocrx_word' id='word_1_388' title='bbox 1387 3858 1430 3902; x_wconf 82' lang='lat' dir='ltr'>est.</span> <span class='ocrx_word' id='word_1_389' title='bbox 1502 3849 1531 3899; x_wconf 85' lang='lat'>16</span> <span class='ocrx_word' id='word_1_390' title='bbox 1542 3856 1629 3910; x_wconf 82' lang='lat' dir='ltr'>nsyste·</span> 
     </span>
     <span class='ocr_line' id='line_1_35' title="bbox 182 3925 1626 4003; baseline 0.001 -20"><span class='ocrx_word' id='word_1_391' title='bbox 182 3925 184 3930; x_wconf 58' lang='grc'>’</span> <span class='ocrx_word' id='word_1_392' title='bbox 273 3935 633 3996; x_wconf 82' lang='lat' dir='ltr'>rium]SBV;miuisterium</span> <span class='ocrx_word' id='word_1_393' title='bbox 647 3937 718 3986; x_wconf 88' lang='lat' dir='ltr'>Hier.</span> <span class='ocrx_word' id='word_1_394' title='bbox 815 3937 843 3988; x_wconf 86' lang='lat'>18</span> <span class='ocrx_word' id='word_1_395' title='bbox 854 3945 877 3986; x_wconf 84' lang='lat' dir='ltr'>et</span> <span class='ocrx_word' id='word_1_396' title='bbox 889 3938 948 4000; x_wconf 81' lang='lat' dir='ltr'>lege]</span> <span class='ocrx_word' id='word_1_397' title='bbox 962 3938 1062 3998; x_wconf 80' lang='lat' dir='ltr'>SB;ex</span> <span class='ocrx_word' id='word_1_398' title='bbox 1072 3938 1281 4003; x_wconf 77' lang='lat' dir='ltr'>legeV;exleges</span> <span class='ocrx_word' id='word_1_399' title='bbox 1293 3937 1365 3985; x_wconf 91' lang='lat' dir='ltr'>Hier.</span> <span class='ocrx_word' id='word_1_400' title='bbox 1452 3933 1582 3994; x_wconf 82' lang='lat' dir='ltr'>19·1]onr.</span> <span class='ocrx_word' id='word_1_401' title='bbox 1597 3931 1626 3980; x_wconf 86' lang='lat' dir='ltr'>B·</span> 
     </span>
     <span class='ocr_line' id='line_1_36' title="bbox 277 4015 1626 4082; baseline -0.001 -17"><span class='ocrx_word' id='word_1_402' title='bbox 277 4029 307 4079; x_wconf 89' lang='lat'>19</span> <span class='ocrx_word' id='word_1_403' title='bbox 317 4017 521 4080; x_wconf 82' lang='lat' dir='ltr'>conputrescente]</span> <span class='ocrx_word' id='word_1_404' title='bbox 534 4018 568 4076; x_wconf 85' lang='lat' dir='ltr'>S;</span> <span class='ocrx_word' id='word_1_405' title='bbox 576 4025 684 4082; x_wconf 80' lang='lat' dir='ltr'>putrere.</span> <span class='ocrx_word' id='word_1_406' title='bbox 700 4020 773 4069; x_wconf 88' lang='lat' dir='ltr'>Hier.</span> <span class='ocrx_word' id='word_1_407' title='bbox 876 4034 908 4068; x_wconf 86' lang='lat'>20</span> <span class='ocrx_word' id='word_1_408' title='bbox 919 4020 999 4081; x_wconf 85' lang='lat' dir='ltr'>Deus]</span> <span class='ocrx_word' id='word_1_409' title='bbox 1012 4036 1062 4069; x_wconf 88' lang='lat' dir='ltr'>orn.</span> <span class='ocrx_word' id='word_1_410' title='bbox 1077 4021 1103 4071; x_wconf 92' lang='lat' dir='ltr'>S.</span> <span class='ocrx_word' id='word_1_411' title='bbox 1211 4019 1266 4081; x_wconf 89' lang='lat' dir='ltr'>Vos]</span> <span class='ocrx_word' id='word_1_412' title='bbox 1280 4018 1352 4068; x_wconf 91' lang='lat' dir='ltr'>Hier.</span> <span class='ocrx_word' id='word_1_413' title='bbox 1366 4017 1441 4066; x_wconf 86' lang='lat' dir='ltr'>inser.</span> <span class='ocrx_word' id='word_1_414' title='bbox 1455 4031 1510 4078; x_wconf 83' lang='lat' dir='ltr'>ergo</span> <span class='ocrx_word' id='word_1_415' title='bbox 1529 4015 1626 4064; x_wconf 82' lang='lat' dir='ltr'>Iudaei.</span> 
     </span>
     <span class='ocr_line' id='line_1_37' title="bbox 275 4095 1630 4165; baseline -0.004 -16"><span class='ocrx_word' id='word_1_416' title='bbox 275 4113 304 4149; x_wconf 85' lang='lat'>21</span> <span class='ocrx_word' id='word_1_417' title='bbox 318 4101 466 4164; x_wconf 74' lang='lat' dir='ltr'>scripturos]</span> <span class='ocrx_word' id='word_1_418' title='bbox 479 4101 679 4165; x_wconf 59' lang='lat' dir='ltr'>&amp;scripturam</span> <span class='ocrx_word' id='word_1_419' title='bbox 693 4101 774 4160; x_wconf 67' lang='lat' dir='ltr'>Hier„</span> <span class='ocrx_word' id='word_1_420' title='bbox 787 4109 812 4150; x_wconf 88' lang='lat' dir='ltr'>ct</span> <span class='ocrx_word' id='word_1_421' title='bbox 824 4115 874 4150; x_wconf 91' lang='lat' dir='ltr'>orn.</span> <span class='ocrx_word' id='word_1_422' title='bbox 889 4108 913 4148; x_wconf 86' lang='lat' dir='ltr'>et</span> <span class='ocrx_word' id='word_1_423' title='bbox 924 4115 950 4150; x_wconf 91' lang='lat' dir='ltr'>n.</span> <span class='ocrx_word' id='word_1_424' title='bbox 965 4102 983 4149; x_wconf 92' lang='lat' dir='ltr'>i.</span> <span class='ocrx_word' id='word_1_425' title='bbox 999 4100 1194 4164; x_wconf 77' lang='lat' dir='ltr'>scripturorum.</span> <span class='ocrx_word' id='word_1_426' title='bbox 1295 4112 1326 4148; x_wconf 84' lang='lat'>22</span> <span class='ocrx_word' id='word_1_427' title='bbox 1337 4098 1385 4162; x_wconf 82' lang='lat' dir='ltr'>qui</span> <span class='ocrx_word' id='word_1_428' title='bbox 1400 4097 1429 4146; x_wconf 89' lang='lat' dir='ltr'>in</span> <span class='ocrx_word' id='word_1_429' title='bbox 1440 4097 1513 4146; x_wconf 82' lang='lat' dir='ltr'>libris</span> <span class='ocrx_word' id='word_1_430' title='bbox 1523 4095 1630 4160; x_wconf 77' lang='lat' dir='ltr'>scrsptm</span> 
     </span>
     <span class='ocr_line' id='line_1_38' title="bbox 273 4177 1627 4249; baseline -0.005 -17"><span class='ocrx_word' id='word_1_431' title='bbox 273 4183 319 4244; x_wconf 89' lang='lat' dir='ltr'>est]</span> <span class='ocrx_word' id='word_1_432' title='bbox 331 4183 366 4241; x_wconf 68' lang='grc' dir='ltr'>ὃς</span> <span class='ocrx_word' id='word_1_433' title='bbox 385 4184 432 4248; x_wconf 85' lang='lat' dir='ltr'>qui</span> <span class='ocrx_word' id='word_1_434' title='bbox 450 4185 533 4233; x_wconf 89' lang='lat' dir='ltr'>ineis</span> <span class='ocrx_word' id='word_1_435' title='bbox 551 4185 658 4249; x_wconf 81' lang='lat' dir='ltr'>smptus</span> <span class='ocrx_word' id='word_1_436' title='bbox 678 4192 713 4234; x_wconf 90' lang='lat' dir='ltr'>est</span> <span class='ocrx_word' id='word_1_437' title='bbox 730 4183 811 4242; x_wconf 80' lang='lat' dir='ltr'>libris,</span> <span class='ocrx_word' id='word_1_438' title='bbox 826 4184 909 4246; x_wconf 86' lang='lat' dir='ltr'>ipsum</span> <span class='ocrx_word' id='word_1_439' title='bbox 927 4182 1057 4232; x_wconf 86' lang='lat' dir='ltr'>odorantes</span> <span class='ocrx_word' id='word_1_440' title='bbox 1070 4182 1142 4232; x_wconf 92' lang='lat' dir='ltr'>Hier.</span> <span class='ocrx_word' id='word_1_441' title='bbox 1251 4193 1282 4243; x_wconf 84' lang='lat'>23</span> <span class='ocrx_word' id='word_1_442' title='bbox 1295 4179 1464 4244; x_wconf 82' lang='lat' dir='ltr'>paginarum]</span> <span class='ocrx_word' id='word_1_443' title='bbox 1478 4178 1589 4242; x_wconf 78' lang='lat' dir='ltr'>paginae</span> <span class='ocrx_word' id='word_1_444' title='bbox 1600 4177 1627 4226; x_wconf 93' lang='lat' dir='ltr'>S.</span> 
     </span>
     <span class='ocr_line' id='line_1_39' title="bbox 274 4265 637 4328; baseline 0.008 -15"><span class='ocrx_word' id='word_1_445' title='bbox 274 4265 441 4328; x_wconf 82' lang='lat' dir='ltr'>numbranos]</span> <span class='ocrx_word' id='word_1_446' title='bbox 455 4267 637 4318; x_wconf 74' lang='lat' dir='ltr'>membranas.</span> 
     </span>
    </p>
   </div>
   <div class='ocr_carea' id='block_1_4' title="bbox 277 4427 1633 4756">
    <p class='ocr_par' dir='ltr' id='par_1_6' title="bbox 322 4427 1633 4514">
     <span class='ocr_line' id='line_1_40' title="bbox 322 4427 1633 4514; baseline -0.002 -24"><span class='ocrx_word' id='word_1_447' title='bbox 322 4453 345 4492; x_wconf 91' lang='lat' dir='ltr'>r.</span> <span class='ocrx_word' id='word_1_448' title='bbox 362 4433 635 4512; x_wconf 79' lang='lat' dir='ltr'>Perhoncportom</span> <span class='ocrx_word' id='word_1_449' title='bbox 654 4430 724 4514; x_wconf 85' lang='lat' dir='ltr'>etc]</span> <span class='ocrx_word' id='word_1_450' title='bbox 739 4434 775 4492; x_wconf 89' lang='lat' dir='ltr'>ci.</span> <span class='ocrx_word' id='word_1_451' title='bbox 795 4451 882 4510; x_wconf 89' lang='lat' dir='ltr'>supra</span> <span class='ocrx_word' id='word_1_452' title='bbox 898 4451 926 4509; x_wconf 90' lang='lat' dir='ltr'>p.</span> <span class='ocrx_word' id='word_1_453' title='bbox 982 4449 1070 4505; x_wconf 89' lang='lat' dir='ltr'>supra</span> <span class='ocrx_word' id='word_1_454' title='bbox 1098 4446 1163 4506; x_wconf 86' lang='lat'>150,</span> <span class='ocrx_word' id='word_1_455' title='bbox 1191 4434 1208 4489; x_wconf 89' lang='lat'><strong>6</strong></span> <span class='ocrx_word' id='word_1_456' title='bbox 1236 4434 1243 4461; x_wconf 89' lang='lat'>‘</span> <span class='ocrx_word' id='word_1_457' title='bbox 1264 4428 1413 4488; x_wconf 90' lang='lat' dir='ltr'>Dominus</span> <span class='ocrx_word' id='word_1_458' title='bbox 1437 4427 1512 4505; x_wconf 93' lang='lat' dir='ltr'>quid</span> <span class='ocrx_word' id='word_1_459' title='bbox 1542 4427 1633 4488; x_wconf 83' lang='lat' dir='ltr'>faciti</span> 
     </span>
    </p>

    <p class='ocr_par' dir='ltr' id='par_1_7' title="bbox 277 4508 1633 4756">
     <span class='ocr_line' id='line_1_41' title="bbox 277 4508 1633 4590; baseline -0.001 -18"><span class='ocrx_word' id='word_1_460' title='bbox 277 4530 347 4590; x_wconf 81' lang='lat'>415,</span> <span class='ocrx_word' id='word_1_461' title='bbox 363 4517 381 4574; x_wconf 89' lang='lat' dir='ltr'>t.</span> <span class='ocrx_word' id='word_1_462' title='bbox 400 4535 446 4575; x_wconf 91' lang='lat'>20.</span> <span class='ocrx_word' id='word_1_463' title='bbox 983 4513 1053 4572; x_wconf 90' lang='lat' dir='ltr'>Non</span> <span class='ocrx_word' id='word_1_464' title='bbox 1076 4522 1121 4572; x_wconf 87' lang='lat' dir='ltr'>est</span> <span class='ocrx_word' id='word_1_465' title='bbox 1144 4513 1252 4585; x_wconf 88' lang='lat' dir='ltr'>nudus,</span> <span class='ocrx_word' id='word_1_466' title='bbox 1277 4529 1338 4570; x_wconf 93' lang='lat' dir='ltr'>non</span> <span class='ocrx_word' id='word_1_467' title='bbox 1363 4519 1461 4587; x_wconf 90' lang='lat' dir='ltr'>potest</span> <span class='ocrx_word' id='word_1_468' title='bbox 1485 4527 1552 4570; x_wconf 91' lang='lat' dir='ltr'>esse</span> <span class='ocrx_word' id='word_1_469' title='bbox 1569 4508 1633 4570; x_wconf 91' lang='lat' dir='ltr'>sine</span> 
     </span>
     <span class='ocr_line' id='line_1_42' title="bbox 322 4589 1633 4676; baseline -0.003 -23"><span class='ocrx_word' id='word_1_470' title='bbox 322 4615 365 4655; x_wconf 86' lang='lat'>12.</span> <span class='ocrx_word' id='word_1_471' title='bbox 383 4593 468 4676; x_wconf 79' lang='lat' dir='ltr'>Sion]</span> <span class='ocrx_word' id='word_1_472' title='bbox 484 4599 524 4657; x_wconf 89' lang='lat' dir='ltr'>Is.</span> <span class='ocrx_word' id='word_1_473' title='bbox 542 4607 587 4669; x_wconf 85' lang='lat'>28,</span> <span class='ocrx_word' id='word_1_474' title='bbox 608 4599 652 4656; x_wconf 91' lang='lat'>16.</span> <span class='ocrx_word' id='word_1_475' title='bbox 982 4591 1145 4652; x_wconf 85' lang='lat' dir='ltr'>lumbari...</span> <span class='ocrx_word' id='word_1_476' title='bbox 1164 4592 1252 4670; x_wconf 82' lang='lat' dir='ltr'>priori</span> <span class='ocrx_word' id='word_1_477' title='bbox 1277 4593 1389 4670; x_wconf 90' lang='lat' dir='ltr'>populo</span> <span class='ocrx_word' id='word_1_478' title='bbox 1411 4589 1537 4668; x_wconf 90' lang='lat' dir='ltr'>perdito,</span> <span class='ocrx_word' id='word_1_479' title='bbox 1563 4591 1633 4650; x_wconf 86' lang='lat' dir='ltr'>iacit</span> 
     </span>
     <span class='ocr_line' id='line_1_43' title="bbox 323 4672 1542 4756; baseline -0.003 -23"><span class='ocrx_word' id='word_1_480' title='bbox 323 4695 367 4752; x_wconf 91' lang='lat'>19.</span> <span class='ocrx_word' id='word_1_481' title='bbox 384 4679 535 4737; x_wconf 83' lang='lat' dir='ltr'>oliudsibi</span> <span class='ocrx_word' id='word_1_482' title='bbox 552 4689 630 4741; x_wconf 85' lang='lat' dir='ltr'>Deus</span> <span class='ocrx_word' id='word_1_483' title='bbox 643 4673 786 4756; x_wconf 83' lang='lat' dir='ltr'>lumbare]</span> <span class='ocrx_word' id='word_1_484' title='bbox 804 4676 929 4735; x_wconf 92' lang='lat' dir='ltr'>Hieron.</span> <span class='ocrx_word' id='word_1_485' title='bbox 983 4673 1039 4733; x_wconf 84' lang='lat' dir='ltr'>sibi</span> <span class='ocrx_word' id='word_1_486' title='bbox 1056 4686 1166 4733; x_wconf 89' lang='lat' dir='ltr'>vestem</span> <span class='ocrx_word' id='word_1_487' title='bbox 1182 4675 1221 4734; x_wconf 93' lang='lat' dir='ltr'>de</span> <span class='ocrx_word' id='word_1_488' title='bbox 1237 4675 1348 4752; x_wconf 90' lang='lat' dir='ltr'>populo</span> <span class='ocrx_word' id='word_1_489' title='bbox 1363 4672 1517 4750; x_wconf 86' lang='lat' dir='ltr'>gentilium</span> <span class='ocrx_word' id='word_1_490' title='bbox 1527 4673 1542 4730; x_wconf 85' lang='lat'>&#39;.</span> 
     </span>
    </p>
   </div>
   <div class='ocr_carea' id='block_1_5' title="bbox 328 4803 1586 4854">
    <p class='ocr_par' dir='ltr' id='par_1_8' title="bbox 328 4803 1586 4854">
     <span class='ocr_line' id='line_1_44' title="bbox 328 4803 1586 4854; baseline 0.004 -10"><span class='ocrx_word' id='word_1_491' title='bbox 328 4803 439 4846; x_wconf 77' lang='lat' dir='ltr'>Anecdota</span> <span class='ocrx_word' id='word_1_492' title='bbox 448 4803 601 4847; x_wconf 76' lang='lat' dir='ltr'>Haredroluna</span> <span class='ocrx_word' id='word_1_493' title='bbox 611 4805 656 4854; x_wconf 82' lang='lat' dir='ltr'>lli,</span> <span class='ocrx_word' id='word_1_494' title='bbox 666 4819 684 4845; x_wconf 85' lang='lat'>2.</span> <span class='ocrx_word' id='word_1_495' title='bbox 1561 4811 1586 4850; x_wconf 78' lang='lat'>⁵³</span> 
     </span>
    </p>
   </div>
   <div class='ocr_carea' id='block_1_6' title="bbox 0 0 2093 5500">
    <p class='ocr_par' dir='ltr' id='par_1_9' title="bbox 0 0 2093 5500">
     <span class='ocr_line' id='line_1_45' title="bbox 0 0 2093 5500; baseline 0 0"><span class='ocrx_word' id='word_1_496' title='bbox 0 0 2093 5500; x_wconf 95' lang='lat' dir='ltr'> </span> 
     </span>
    </p>
   </div>
  </div>
 </body>
</html>
