4202 5492
617 427 873 489 succursus
896 429 954 488 ns
976 427 1145 490 astruo
1168 429 1323 489 Lxxvu.
1584 403 1642 506 63

285 647 404 731 regalis
431 646 546 722 tribus,
561 653 596 710 et
621 645 805 723 Beniamin,
832 654 866 710 et
890 657 1007 729 postea
1032 648 1161 724 levitae,
1176 649 1233 712 ubi
1261 656 1422 712 venerant
1445 647 1641 711 dediversis

285 753 439 819 tribubus
455 752 499 816 ad
515 750 687 832 templum.
704 749 771 834 Qui
787 770 868 833 ergo
883 762 977 817 erant
993 753 1025 816 in
1043 753 1204 831 Samaria,
1218 755 1261 817 dc
1291 753 1379 820 tribu
1398 755 1524 819 Eiraim
1541 755 1640 818 habe·

285 859 368 923 bant
385 876 508 938 regem.
525 855 707 938 Quomodo
726 856 815 919 enim
836 857 892 938 qui
919 858 1105 939 regnabant
1130 857 1162 920 in
1192 858 1327 936 Iudaea,
1344 858 1513 924 habebant
1530 879 1640 940 regem

286 963 433 1028 detribu
464 961 547 1026 luda
572 971 606 1025 ct
630 961 674 1025 de
697 980 818 1044 genere
843 960 953 1026 Dauid
968 985 976 1026 :
992 963 1038 1026 sic
1063 972 1096 1026 et
1121 964 1177 1045 qui
1204 963 1390 1044 regnabant
1416 963 1448 1026 in
1479 962 1641 1040 Samaria,

256 1067 456 1137 shabebant
482 1085 593 1148 regem
620 1066 663 1129 de
690 1066 777 1130 tribu
804 1065 941 1143 Eiraim,
967 1075 1001 1130 et
1025 1087 1120 1149 reges
1136 1087 1250 1132 eorum
1279 1067 1485 1131 vocabantur
1503 1066 1639 1131 Eiraim.

290 1169 458 1251 Legamus
474 1167 563 1233 Osee
590 1167 798 1250 prophetam,
814 1177 847 1234 et
871 1188 1006 1233 omnem
1034 1169 1245 1254 prophetiam
1271 1169 1343 1253 ejus
1369 1181 1486 1236 contra
1512 1169 1639 1234 Eiraim

289 1274 491 1358 reperimus;
507 1282 541 1337 et
566 1271 688 1336 dicitur
715 1272 759 1335 ibi
776 1271 934 1349 ‘Eirairm
950 1273 1066 1355 inquit,
1084 1273 1189 1339 iactus
1216 1284 1266 1339 est
1283 1274 1377 1357 quasi
1392 1274 1548 1339 columba
1565 1275 1641 1338 insi·

288 1379 383 1460 piens
394 1377 411 1442 ¹.
427 1377 516 1441 Vide
531 1376 611 1459 quid
628 1375 728 1451 dicat,
743 1376 898 1440 columba
925 1377 1091 1460 insipiens.
1111 1369 1259 1461 Reliquit
1274 1377 1448 1461 templum,
1463 1387 1497 1443 et
1512 1378 1642 1443 habitat

289 1485 320 1548 in
338 1484 437 1548 silvis
453 1481 619 1547 Columba
634 1480 723 1544 enim
740 1499 870 1562 semper
886 1481 919 1544 in
930 1481 1086 1546 domibus
1102 1482 1240 1546 habitat.
1254 1479 1379 1546 Eiraim
1392 1502 1470 1546 vcro
1486 1483 1641 1547 columba

244 1609 273 1646 ro
291 1607 364 1652 mea
380 1587 511 1669 reliquit
538 1584 711 1668 tempium,
736 1583 867 1666 reliquit
883 1586 1031 1661 domum,
1055 1595 1088 1650 et
1115 1585 1246 1650 habitat
1273 1585 1306 1649 in
1334 1585 1434 1664 silvis,
1461 1585 1590 1650 habitat
1608 1588 1639 1650 in

290 1691 436 1754 desertis

336 1795 411 1858 Hoc
427 1793 558 1859 interim
574 1792 757 1857 secundum
786 1791 929 1855 litteram
944 1813 952 1869 ;
967 1792 1127 1856 debemus
1152 1795 1241 1856 enim
1269 1803 1302 1858 et
1318 1793 1491 1858 historiam
1511 1816 1643 1878 ponere.

292 1897 389 1962 Nunc
404 1917 483 1962 uero
498 1905 575 1982 post
590 1895 735 1961 litteram
763 1897 856 1978 quasi
881 1915 939 1978 per
954 1897 1118 1980 quosdam
1135 1897 1259 1980 gradus
1275 1896 1436 1962 debemus
1452 1898 1495 1962 ad
1514 1899 1641 1962 maiora

290 2001 519 2066 conscendere.
536 2001 698 2065 Dicamus
722 2019 802 2081 ergo
828 1997 912 2063 filios
942 2000 1067 2064 Eiraim
1088 2021 1205 2066 omnes
1221 2021 1293 2064 esse
1308 2000 1501 2067 haereticos.
1519 2003 1564 2068 Et
1588 2003 1640 2067 isti

238 2213 240 2218 '
291 2205 442 2274 habitant
453 2210 485 2273 in
498 2209 648 2275 desertis.
659 2208 703 2273 Et
714 2208 1012 2290 dicunturquidcm
1026 2208 1210 2286 columbae,
1219 2209 1297 2291 quia
1315 2208 1429 2292 legunt
1441 2220 1473 2273 et
1487 2211 1548 2292 ipsi
1564 2212 1642 2275 scri-

292 2315 481 2396 pturas,scd
499 2313 692 2396 insipienter
704 2311 912 2394 intellegunt.
923 2311 1032 2376 Multa
1044 2321 1122 2376 sunt
1137 2331 1223 2395 quae
1238 2311 1398 2377 dicantur.
1411 2309 1498 2378 Filii
1506 2314 1644 2395 Esraim

292 2416 489 2480 intendentes
502 2425 534 2479 ct
544 2414 706 2480 mittentes
719 2435 842 2480 arcum.
856 2412 945 2478 Vide
960 2435 1077 2479 omncs
1103 2415 1308 2480 haereticos:
1323 2417 1380 2500 qui
1396 2419 1644 2501 dereliquerunt

296 2519 515 2596 Hierusalem,
526 2519 582 2602 qui
598 2519 845 2602 dereliquerunt
859 2518 1021 2600 templum
1041 2517 1181 2602 Dci,qui
1194 2518 1346 2584 habitant
1360 2521 1391 2584 in
1409 2521 1570 2598 Samaria,
1587 2524 1642 2588 ubi

243 2653 276 2688 ω
294 2624 441 2688 iecerunt
456 2622 578 2688 vitulos
593 2641 711 2686 aureos
725 2627 739 2686 i
752 2622 791 2684 ln
806 2619 922 2686 bethel
934 2632 968 2686 et
979 2622 1012 2684 in
1027 2622 1114 2686 Dan.
1127 2621 1171 2686 Et
1188 2623 1264 2686 vide
1275 2623 1355 2704 quid
1369 2624 1459 2688 dicat
1474 2648 1481 2688 :
1498 2625 1647 2691 iecerunt

292 2729 414 2794 vitulos
429 2747 547 2792 aureos
566 2728 599 2791 in
617 2723 744 2803 Be'thel,
760 2725 791 2790 in
817 2725 920 2790 domo
938 2725 1011 2790 Dei.
1028 2723 1067 2790 ln
1084 2726 1187 2790 domo
1208 2726 1272 2790 Dei
1289 2727 1451 2792 idolatrae
1467 2729 1545 2794 iacti
1561 2740 1648 2797 sunt.

294 2833 338 2897 Et
354 2833 502 2898 iecerunt
519 2831 599 2895 illud
610 2831 643 2894 in
659 2831 744 2904 Dan,
756 2828 819 2892 hoc
832 2838 891 2906 est,
901 2829 933 2892 in
951 2827 1108 2894 iudicium
1122 2847 1218 2894 suum
1232 2839 1265 2894 et
1278 2831 1310 2894 in
1321 2832 1646 2898 condemnationem.

294 2937 550 3020 Dereliquerunt
564 2936 704 3001 domum
723 2933 871 3010 Domini,
885 2940 919 2995 et
935 2932 1016 2996 nihil
1032 2932 1123 2999 aliud
1140 2933 1202 2998 nisi
1218 2936 1261 2998 de
1277 2956 1358 2999 auro
1370 2936 1527 3019 cogitant.
1547 2940 1648 3005 Dicat

294 3041 435 3124 aliquis:
450 3039 564 3124 Quare
590 3037 738 3102 iecerunt
763 3036 884 3101 vitulos
909 3041 1050 3100 aureos?
1068 3035 1190 3104 Noster
1217 3037 1392 3104 thesaurus
1409 3043 1572 3123 repositus
1596 3054 1646 3108 est

244 3171 276 3223 25
294 3145 326 3208 in
343 3143 430 3210 vasis
446 3142 611 3208 fictilibus.
629 3138 853 3204 Ecclesiastici
865 3139 957 3204 enim
967 3140 1079 3204 rustici
1094 3151 1172 3206 sunt
1188 3151 1222 3205 et
1237 3141 1425 3225 simplices:
1441 3163 1558 3208 omnes
1571 3168 1649 3210 vero

294 3248 449 3313 haeretici
466 3244 671 3311 Aristotelici
688 3256 721 3308 et
738 3243 901 3308 Platonici
918 3252 1004 3308 sunt.
1022 3243 1176 3327 Denique
1189 3255 1225 3309 ut
1241 3243 1353 3311 sciatis
1368 3251 1527 3330 quoniam
1539 3253 1649 3314 omnis

293 3351 483 3435 eloquentia
518 3348 695 3414 saecularis
730 3365 848 3410 aumm
872 3347 1002 3424 dicitur,
1024 3347 1087 3412 hoc
1115 3357 1175 3427 est,
1198 3350 1358 3431 quoniam
1390 3349 1503 3434 lingua
1535 3373 1648 3419 eorum

293 3455 388 3536 quasi
399 3461 534 3536 propter
545 3451 756 3535 splendorem
774 3469 890 3514 aurum
914 3451 1036 3514 dicitur
1050 3474 1057 3515 :
1069 3457 1076 3484 ⁴
1090 3452 1190 3517 Calix
1206 3473 1325 3518 aureus
1340 3455 1490 3539 Babylon
1505 3459 1537 3523 in
1551 3479 1650 3524 manu

295 3557 460 3623 Domini.’
475 3555 600 3621 Videte
614 3555 693 3638 quid
711 3553 810 3630 dicat,
820 3552 971 3636 Babylon
989 3553 1201 3622 contusionis.
1216 3555 1308 3640 Ergo
1324 3561 1468 3625 mundus
1481 3561 1543 3625 iste
1559 3564 1649 3627 calix

246 3691 279 3742 30
295 3683 413 3727 aureus
429 3670 488 3726 est.
505 3661 558 3724 De
574 3660 637 3723 hoc
652 3659 755 3723 calice
771 3677 871 3721 aureo
886 3677 1004 3722 omnes
1020 3667 1137 3740 gentes
1153 3660 1381 3743 propinantur.

338 3765 425 3829 Filii
437 3763 575 3845 Esraim
591 3762 788 3827 intendentes
802 3771 834 3826 et
847 3759 1009 3824 mittentes
1023 3783 1149 3828 arctim.
1166 3763 1422 3849 Quemcumque
1439 3767 1558 3834 videris
1575 3771 1652 3835 hae-

329 3951 385 4015 3in
397 3951 501 4012 Iudaeo]
517 3951 546 4000 in
563 3951 629 4000 lulla
641 3951 673 4000 G.
775 3961 802 3998 21
823 3949 954 4011 idolatrae]
970 3949 1031 4007 AS;
1048 3949 1191 4000 idololatrae
1205 3949 1237 4018 βς
1255 3953 1386 4002 idolatriae
1399 3953 1463 4014 CG;
1480 3955 1599 4006 titolatria
1620 3959 1649 4009 Β.

287 4033 370 4100 sacti}
390 4031 447 4102 βΒ;
456 4033 541 4098 sactae
561 4033 636 4084 CGS.
738 4030 942 4095 otsptendorem]
962 4031 980 4081 S
1000 4031 1059 4080 add.
1072 4033 1173 4096 eloquii.
1273 4036 1379 4097 nnrrrm]
1396 4037 1462 4087 CSG
1473 4055 1481 4098 ;
1502 4037 1649 4106 onrr'BAB.

296 4129 329 4177 29
339 4115 501 4181 confusionis]
512 4113 622 4180 consensio
633 4114 818 4178 iuterpretatur
829 4115 856 4163 S.

340 4301 364 4360 7.
380 4277 531 4362 insitiens]
547 4280 599 4341 Os.
614 4297 640 4354 7,
660 4298 703 4337 ιι.
1000 4276 1036 4336 tis
1051 4296 1087 4337 ac
1111 4279 1221 4340 decore
1243 4279 1408 4355 verborum,
1426 4294 1506 4344 totos
1529 4302 1562 4344 se
1586 4284 1654 4344 sirn-

340 4386 384 4426 ιο.
400 4367 470 4424 etin
485 4359 574 4442 Dan]
590 4381 607 4438 3
623 4362 695 4438 Reg.
718 4379 762 4432 ra,
781 4378 827 4434 ²9·
1001 4359 1123 4435 plicitati
1137 4372 1168 4421 et
1183 4360 1337 4421 rusticitati
1354 4365 1496 4424 tradere...
1516 4365 1609 4427 Unde
1623 4379 1652 4428 et

339 4465 383 4526 ας.
392 4440 547 4525 fictilibus]
562 4444 657 4504 2Cor.
675 4461 703 4515 4,
720 4459 746 4517 7.
1000 4439 1040 4500 de
1060 4442 1214 4519 Babylone
1239 4445 1268 4501 in
1295 4443 1422 4504 Ieremia
1441 4445 1550 4507 dicitur
1565 4447 1653 4507 Colr'x

339 4551 384 4608 ²9·
394 4523 531 4607 Domini]
542 4528 648 4586 ierem.
663 4541 710 4600 51,
725 4541 750 4600 7.
763 4521 809 4584 ci.
823 4525 947 4582 Hieron.
1001 4542 1106 4581 arrrens
1112 4524 1246 4598 Babylon
1255 4526 1404 4584 inebrians
1410 4545 1520 4587 ornnem
1532 4535 1650 4589 terrant.

298 4613 327 4673 in
344 4615 406 4674 lon.
426 4633 453 4688 3,
478 4613 496 4669 6
522 4626 585 4685 sqq.
604 4605 660 4684 (M.
680 4623 727 4682 25,
758 4607 867 4682 1198):
885 4605 950 4663 ‘de
1001 4603 1101 4678 Quem
1117 4623 1178 4665 non
1193 4605 1348 4666 inebriavit
1367 4608 1540 4685 eloquentia
1555 4629 1655 4671 saecu·

298 4696 393 4773 posito
407 4697 523 4770 fulgore
548 4689 737 4764 eloquentiae
751 4699 781 4747 et
795 4704 951 4746 ornamen-
1003 4685 1069 4745 laris
1080 4687 1114 4744 i’
1130 4699 1185 4746 etc.
