4092 5502
486 404 568 506 296
860 429 887 486 s.
915 427 1166 487 aranonvnr
1191 425 1454 486 PRESBYTERI

483 642 653 725 quomodo
669 641 851 706 debeamus
878 662 976 724 agere
999 642 1248 723 paenitentiam,
1265 641 1335 724 ipse
1351 661 1463 724 agens.
1479 642 1602 706 Videte
1626 644 1732 708 sancti
1762 663 1834 725 pro-

482 745 603 828 phetae
617 745 696 827 quia
713 764 779 806 non
803 745 910 807 solum
937 745 1062 809 iustitia
1089 765 1202 810 eorum
1231 745 1327 809 nobis
1354 743 1487 827 proluit,
1502 747 1561 810 sed
1589 755 1622 809 et
1650 754 1835 828 peccatum.

482 849 694 913 Psallr'teDeo
704 857 812 911 nostro
823 848 857 910 in
868 847 1004 913 cithara.
1013 850 1114 913 Nulla
1127 850 1286 913 virtutum
1298 849 1400 913 corda
1410 859 1507 931 rupta
1517 849 1568 926 sit,
1574 857 1666 914 totae
1676 850 1835 915 virtutum

482 954 602 1016 cordae
625 953 812 1017 concinant.
829 953 964 1016 Psallite
982 954 1056 1018 Deo
1072 964 1186 1017 nostro
1215 953 1247 1015 in
1264 952 1399 1017 cithara.
1416 951 1553 1016 Cithara
1570 952 1692 1018 multas
1716 955 1836 1018 cordas

482 1057 584 1121 habet
596 1079 602 1121 :
615 1058 642 1119 si
656 1076 721 1120 una
735 1067 831 1139 rupta
843 1055 948 1132 suerit,
960 1079 1061 1122 sonus
1072 1058 1164 1123 reddi
1178 1077 1243 1122 non
1257 1066 1375 1139 potest.
1389 1055 1444 1120 Sic
1455 1064 1488 1119 et
1504 1065 1639 1120 sanctus
1653 1055 1709 1132 vir,
1719 1075 1835 1138 quam·
1870 1078 1883 1129 5

482 1162 531 1224 vis
547 1173 681 1226 sanctus
695 1163 747 1240 sit,
761 1163 788 1225 si
800 1183 865 1226 una
882 1164 984 1225 virtus
997 1161 1146 1237 desuerit,
1162 1161 1312 1225 vocalem
1328 1180 1448 1224 sonum
1465 1161 1618 1224 emittere
1631 1179 1697 1224 non
1715 1167 1835 1242 potest.

527 1265 596 1344 Qui
608 1266 709 1348 operit
721 1267 843 1330 caelum
860 1267 1004 1330 nubibus.
1022 1265 1160 1331 Caelum
1177 1265 1249 1342 hoc,
1265 1265 1355 1347 quod
1372 1265 1548 1340 cernimus,
1559 1264 1703 1328 nubibus
1714 1263 1834 1346 operiri

482 1391 547 1433 non
576 1380 694 1454 potest.
721 1370 787 1435 Sed
819 1369 907 1434 aliud
936 1381 985 1434 est
1013 1371 1153 1444 caelum,
1170 1379 1203 1432 et
1229 1368 1313 1432 aliae
1329 1377 1406 1432 sunt
1424 1369 1535 1433 nubes.
1552 1373 1559 1400 ‘
1578 1369 1623 1432 Et
1639 1368 1759 1432 veritas
1775 1376 1835 1432 tua

480 1495 584 1556 usque
600 1474 642 1538 ad
660 1475 765 1538 nubes
780 1475 796 1539 ’.
813 1475 904 1556 Ergo
918 1475 1038 1538 veritas
1052 1474 1114 1536 Dei
1129 1474 1285 1554 usquead
1300 1473 1380 1534 istas
1396 1473 1510 1550 nubes,
1522 1492 1608 1554 quae
1619 1480 1722 1536 vento
1733 1470 1835 1536 flante

480 1579 547 1641 cito
562 1577 812 1643 dissolvuntur?
825 1579 959 1642 Veritas
978 1578 1041 1640 Dei
1059 1577 1199 1660 Xpistus
1215 1586 1275 1642 est.
1291 1583 1297 1608 ¹
1316 1578 1391 1659 Ego
1407 1597 1481 1640 sum
1498 1577 1552 1641 via
1568 1585 1601 1640 et
1618 1577 1685 1641 vita
1701 1585 1738 1640 et'
1750 1577 1832 1640 veri·
1854 1601 1882 1636 ιο

479 1693 530 1745 tas
546 1683 561 1746 '.
580 1684 670 1766 Ergo
686 1684 806 1747 veritas
823 1683 935 1764 Xpisti
953 1683 984 1744 in
1002 1683 1053 1745 his
1082 1681 1224 1744 nubibus
1252 1691 1311 1757 est,
1327 1701 1413 1764 quae
1429 1701 1494 1746 non
1512 1680 1638 1746 habent
1654 1681 1686 1744 in
1703 1701 1739 1744 se
1755 1681 1832 1746 sub·

478 1788 621 1850 stantiae
637 1787 811 1851 veritatem
826 1787 837 1850 i
855 1787 940 1849 Fieri
968 1807 1047 1868 ergo
1073 1793 1192 1867 potest,
1209 1795 1244 1848 ut
1262 1785 1306 1848 ibi
1323 1786 1366 1848 sit
1382 1786 1513 1862 veritas,
1530 1785 1584 1850 ubi
1601 1794 1720 1849 ventus
1736 1785 1832 1848 dissi·

478 1892 579 1972 pandi
596 1891 696 1956 habet
714 1893 943 1975 potestatem?
959 1897 965 1922 ‘
984 1890 1165 1964 Mandabo‚
1176 1889 1446 1970 inquinantibus
1463 1909 1505 1952 ne
1527 1889 1644 1971 pluant
1660 1909 1760 1971 super
1774 1909 1833 1953 eos

478 1995 616 2058 imbrem
633 1995 640 2021 ’
657 1996 719 2058 hoc
746 2005 805 2072 est,
829 2015 928 2078 super
955 1995 1114 2077 populum
1145 1993 1353 2056 ludaeorum.
1379 1993 1495 2056 Nubes
1522 1993 1705 2076 prophetae
1731 2003 1833 2058 sunt:

478 2101 649 2164 mandavit
666 2099 729 2163 illis
746 2099 912 2163 Dominus
938 2118 980 2161 ne
1004 2098 1155 2180 pluerent
1171 2117 1270 2179 super
1299 2097 1423 2161 Israhel
1440 2099 1589 2164 imbrem.
1605 2099 1662 2163 Ad
1680 2119 1740 2162 nos
1756 2119 1831 2181 pro·
1852 2122 1859 2158 r
1866 2119 1878 2172 5

476 2205 609 2287 phetiae
621 2225 731 2269 sermo
746 2223 923 2266 conversus
936 2213 995 2266 est.
1008 2201 1123 2264 Nubes
1136 2202 1218 2265 istae
1231 2203 1258 2265 si
1271 2203 1332 2266 sibi
1345 2203 1491 2266 conlisae
1504 2203 1635 2280 suerint,
1645 2204 1829 2268 tonitruum

477 2309 601 2372 iaciunt
617 2318 649 2373 et
667 2307 803 2390 fulgora.
816 2306 883 2389 Qui
896 2306 1002 2387 operit
1018 2305 1146 2370 caelum
1163 2307 1316 2371 nubibus.
1333 2305 1445 2390 Quare
1457 2307 1553 2385 dixit,
1571 2307 1829 2389 Operitcaelum

476 2413 644 2477 nubibus?
662 2413 697 2478 Si
716 2411 818 2474 nubes
835 2409 1018 2493 prophetae
1035 2418 1160 2473 suntet
1178 2411 1340 2492 apostoli:
1357 2413 1527 2494 quomodo
1543 2421 1654 2477 autem
1667 2412 1830 2494 apostolis

474 2528 506 2581 et
534 2517 705 2600 prophetis
732 2517 861 2578 caelum
889 2515 1036 2597 tegitur?
1054 2513 1191 2578 Caelum
1220 2517 1379 2597 mysteria
1405 2526 1483 2580 sunt
1508 2515 1628 2581 divina.
1657 2515 1826 2599 Quoniam

474 2623 574 2704 igitur
590 2622 756 2705 mysteria,
768 2639 997 2703 quaecumque
1009 2619 1122 2683 divina
1138 2629 1223 2694 sunt,
1238 2619 1367 2683 caelum
1382 2619 1612 2702 appellantur:
1627 2621 1829 2703 quicumque
1847 2643 1877 2678 ιο

474 2726 631 2809 indignus
648 2725 754 2801 suerit,
771 2725 853 2788 istae
880 2723 985 2786 nubes
1002 2733 1182 2805 protegunt
1198 2733 1415 2786 sacramenta.
1434 2723 1470 2788 Si
1487 2724 1561 2806 quis
1586 2723 1746 2807 indignus
1769 2735 1829 2802 est,

473 2835 680 2890 sacramenta
697 2825 844 2906 accipere
872 2844 938 2887 non
967 2833 1099 2906 potest:
1127 2835 1285 2909 teguntur
1300 2847 1319 2890 a
1336 2827 1487 2891 nubibus.
1507 2826 1576 2906 Qui
1591 2838 1697 2910 parat
1723 2839 1829 2893 terroe

466 2931 625 3014 pluviam.
653 2930 756 2993 Terra
783 2928 929 3011 pluviam
955 2927 1104 3010 indiget:
1131 2940 1218 2996 terra
1246 2941 1368 3009 nostra,
1393 2933 1455 2994 nisi
1481 2933 1627 3015 pluviam
1655 2935 1827 3016 acceperit,

471 3036 696 3100 doctrinarum
714 3032 850 3108 fontem,
867 3030 1009 3096 fructum
1027 3051 1093 3096 non
1111 3033 1233 3098 afferet.
1247 3035 1350 3098 Terra
1366 3055 1441 3099 cum
1458 3045 1591 3100 umecta
1607 3035 1704 3102 suerit
1716 3037 1825 3102 istius-

471 3140 562 3205 modi
578 3139 803 3203 doctrinarum
822 3134 921 3212 sonte,
937 3135 1017 3218 quid
1034 3137 1209 3219 sequitur?

515 3243 584 3322 Qui
589 3243 742 3325 producit
765 3241 799 3303 in
826 3241 989 3304 montibus
1004 3243 1133 3321 senum.
1150 3241 1186 3306 Si
1211 3243 1253 3306 de
1279 3241 1356 3306 seno
1384 3242 1455 3306 solo
1482 3242 1682 3326 loqueretur,
1710 3245 1825 3330 utique

469 3348 579 3411 senum
609 3345 715 3429 magis
742 3346 774 3408 in
791 3343 997 3409 convallibus
1021 3346 1175 3424 nascitur,
1199 3366 1300 3429 quarn
1328 3349 1361 3410 in
1391 3349 1597 3413 montuosis:
1623 3349 1826 3434 ubicumque

467 3454 554 3516 enirn
572 3452 683 3534 pluvia
710 3448 852 3532 amplior
867 3448 974 3527 suerit,
990 3449 1034 3512 ibi
1060 3451 1167 3533 magis
1192 3451 1305 3514 lenum
1322 3452 1476 3517 nascitur.
1494 3453 1546 3517 De
1572 3453 1740 3520 montibus
1767 3455 1823 3520 de·

467 3558 574 3623 fluunt
590 3576 696 3639 aquae
712 3557 745 3618 in
763 3554 976 3632 convallibus,
992 3563 1025 3618 et
1042 3555 1148 3637 magis
1164 3555 1266 3620 herba
1285 3555 1440 3621 nascitur.

500 3779 509 3814 r
524 3761 753 3828 sancripropterae]
774 3761 852 3816 CGI;
872 3760 964 3808 sanctis
981 3759 1105 3824 proptera
1117 3761 1154 3820 B;
1173 3767 1287 3810 sanctum
1302 3761 1449 3826 prophetant
1461 3759 1486 3828 β.
1587 3765 1708 3828 aeorum]
1727 3765 1782 3816 eires
1794 3765 1819 3834 β.

464 3861 479 3912 3
491 3855 553 3898 tolete
564 3865 587 3897 v.
601 3845 696 3906 cordae]
708 3851 757 3893 tola
769 3859 793 3893 v.
807 3841 879 3892 corda
892 3842 911 3890 B
923 3859 930 3900 ;
942 3849 992 3890 tola
1003 3859 1027 3891 v.
1042 3842 1130 3892 chorda
1144 3842 1168 3910 β.
1268 3839 1437 3904 4concr'narrt]
1450 3846 1600 3896 concinnant
1612 3847 1633 3897 C
1645 3865 1652 3906 ;
1669 3850 1782 3900 concinat
1793 3848 1817 3916 β.

464 3925 611 3988 demittere]
624 3928 666 3977 BC
679 3945 686 3986 ς
698 3927 794 3974 reddere
807 3922 831 3992 β.
936 3923 965 3972 16
976 3923 1000 3972 st'
1010 3923 1071 3984 siti]
1083 3924 1107 3971 sr'
1117 3924 1154 3972 iti
1165 3921 1180 3990 β
1190 3942 1197 3983 ;
1209 3924 1288 3974 st'br'G
1303 3926 1362 3985 (orn.
1372 3927 1416 3986 εἰ).
1519 3940 1547 3976 21
1562 3927 1693 3992 indtknus]
1706 3931 1800 3982 ABCG
1812 3949 1819 3988 t

462 4014 555 4076 degum
569 4010 593 4078 β,
605 4012 626 4061 C
640 4013 679 4070 (in
691 4010 828 4074 expuncto)
841 4005 963 4070 ;d13rtr'l.
1057 4005 1263 4070 suerit]sieerr'nt
1274 4009 1294 4056 1.
1397 4009 1468 4070 istae]
1480 4009 1500 4060 C
1516 4021 1524 4058 t
1540 4026 1564 4058 m
1576 4027 1583 4070 3
1600 4010 1645 4060 iste
1658 4012 1702 4063 BG
1713 4029 1721 4072 ;
1732 4014 1779 4062 iso·
1790 4013 1801 4062 l
1812 4029 1819 4071 ;

463 4097 539 4146 istum
554 4094 577 4162 β,
593 4095 686 4144 Cain.
701 4107 754 4157 sup.
770 4090 813 4139 lin.
914 4087 1137 4148 nutes1nobisG1.
1238 4087 1402 4150 sacroruenta]
1414 4100 1470 4154 post
1485 4093 1492 4116 ‘
1505 4091 1656 4156 protegunt'
1674 4110 1723 4144 om.
1740 4091 1765 4161 β,
1778 4111 1817 4144 ex·
1903 4139 1905 4143 ,

463 4187 548 4244 punct.
562 4179 588 4228 in
601 4177 631 4228 C.
730 4187 761 4224 22
773 4189 822 4222 nore
829 4177 923 4236 potest:
933 4166 1063 4232 tegunmr]
1081 4186 1106 4219 rr.
1117 4177 1144 4234 p.
1159 4171 1252 4234 legitur
1263 4173 1327 4230 AB;
1345 4179 1481 4238 nonpotesl
1495 4176 1546 4237 tegi
1557 4173 1581 4242 β,
1597 4175 1617 4224 C
1630 4189 1644 4224 2
1657 4192 1689 4226 m.
1704 4191 1759 4241 sup.
1774 4177 1816 4226 lin.

462 4273 493 4324 23
510 4261 588 4310 Terra
594 4257 723 4324 pluviam]
734 4265 752 4306 t.
757 4256 850 4322 pluvia
860 4254 970 4313 Gl;om.
983 4251 1007 4318 β.
1091 4254 1218 4318 acceperit]
1227 4253 1343 4302 hahuerit
1352 4253 1512 4322 G13llinser.
1523 4257 1599 4306 rilest.
1679 4257 1817 4322 aafirrrlem]

454 4343 584 4407 sonteGl.
669 4340 764 4406 afferet]
776 4337 860 4404 afferi!
872 4335 903 4385 G.
988 4330 1092 4392 umecta]
1108 4335 1167 4396 BC;
1185 4336 1296 4385 humecta
1312 4333 1351 4401 pt.
1431 4332 1610 4398 25sonlelom.
1627 4335 1655 4396 B,
1670 4337 1758 4402 Csup.
1773 4336 1814 4386 liu.

458 4427 558 4493 supplet
567 4434 624 4492 post
635 4419 808 4475 ‘istiusmodi'.
877 4417 908 4467 26
916 4418 947 4468 Si
952 4417 990 4478 de]
997 4417 1039 4466 sed
1045 4417 1074 4466 de
1084 4419 1115 4468 G.
1184 4417 1216 4467 28
1222 4418 1350 4483 desierunt]
1350 4417 1445 4483 fluunt
1455 4415 1512 4476 B,C
1522 4416 1622 4476 (litteris
1630 4417 1814 4498 derexpunctis).

501 4629 528 4683 9.
543 4607 585 4666 ad
596 4601 694 4685 nubes]
712 4606 756 4662 Ps.
774 4619 821 4679 35,
837 4605 863 4660 6.
908 4639 912 4647 -
1209 4621 1251 4674 14.
1267 4595 1398 4679 imbrem]
1411 4599 1450 4658 Is.
1466 4615 1493 4674 5,
1507 4601 1533 4657 6.

503 4682 721 4766 10.etveriras]
738 4687 781 4744 lo.
802 4703 845 4756 14,
862 4686 889 4744 6.
