4202 5492
618 411 874 476 TRACTATUS
896 411 955 470 DE
979 409 1147 472 PSALMO
1170 411 1255 474 XCI.
1550 413 1629 498 119

271 635 385 698 lescum
407 631 599 708 ambulabis,
620 639 653 694 et
674 627 869 694 conculccebrs
880 627 998 690 leonem
1019 635 1050 690 et
1064 628 1256 691 draconem:
1285 626 1428 710 Xpistus
1459 627 1628 693 Dominus

276 746 396 816 noster,
412 737 469 820 qui
487 735 570 800 vivit
586 744 619 800 et
635 743 752 816 regnat
770 734 803 796 in
819 731 952 796 saecula
968 730 1186 797 saeculorum.
1203 731 1326 800 Amen.

717 953 792 1028 DE
826 951 1049 1028 PSALMO
1079 953 1186 1026 XCI.

318 1158 566 1240 Nonagesimus
591 1158 717 1240 primus
742 1155 890 1238 psalmus
906 1155 968 1218 hoc
980 1153 1077 1218 titulo
1090 1163 1306 1235 praenotatur
1322 1177 1328 1220 :
1344 1154 1633 1222 Psalmuscantici

243 1275 257 1329 5
276 1262 309 1324 in
324 1263 377 1325 die
391 1262 527 1326 sabbati.
545 1263 622 1326 Non
639 1268 750 1344 potest
766 1259 854 1322 diem
872 1260 1002 1324 sabbati
1019 1277 1126 1342 agere,
1142 1259 1204 1321 nisi
1222 1258 1277 1340 qui
1289 1278 1349 1321 sex
1360 1260 1432 1322 dies
1452 1261 1630 1328 transierit.

275 1365 346 1430 Sex
362 1366 481 1430 diebus
497 1366 731 1446 laboramus‚in
748 1367 803 1430 die
818 1366 961 1448 septima
972 1367 1215 1449 requiescimus.
1234 1365 1325 1448 Ergo
1338 1367 1486 1431 Domino
1495 1379 1630 1433 cantare
1668 1393 1670 1399 ·

275 1489 341 1533 non
358 1488 545 1551 possumus,
561 1469 623 1532 nisi
640 1469 672 1532 in
688 1470 744 1534 die
759 1469 899 1533 sabbati.
917 1468 1086 1553 Quamdiu
1114 1489 1214 1551 opera
1239 1470 1354 1532 mundi
1372 1470 1465 1534 istius
1483 1470 1632 1552 iacimus,

275 1575 338 1638 hoc
364 1583 424 1652 est,
439 1594 502 1637 sex
529 1573 657 1651 diebus,
676 1573 824 1636 Domino
850 1582 986 1636 cantare
1002 1592 1068 1636 non
1086 1592 1272 1654 possumus.
1289 1572 1444 1655 Denique
1460 1575 1580 1638 dicitur
1596 1576 1628 1637 iu

276 1677 427 1741 Levitico
441 1702 449 1741 ε
464 1682 471 1708 ‘
489 1678 566 1740 Non
596 1677 724 1741 iacietis
749 1677 781 1740 in
808 1676 862 1740 die
888 1675 1020 1739 sabbati
1037 1695 1137 1738 omne
1153 1693 1237 1756 opus
1254 1675 1380 1740 servile.
1397 1675 1404 1700 '
1421 1675 1633 1763 Quicumque

229 1798 260 1836 ¹0
274 1801 355 1864 ergo
370 1781 404 1844 in
420 1781 565 1845 sabbato
581 1791 630 1844 est
647 1792 680 1844 et
697 1781 729 1843 in
748 1782 861 1862 requie
878 1780 1026 1858 Domini,
1041 1799 1125 1862 opus
1150 1776 1267 1841 servile
1296 1777 1403 1842 iacere
1430 1798 1495 1842 non
1522 1779 1633 1858 debet,

274 1885 338 1948 hoc
354 1894 414 1962 est,
429 1885 519 1967 quod
537 1884 579 1948 ad
597 1885 760 1948 mundum
778 1885 879 1947 istum
907 1867 1051 1966 pertinet
1068 1907 1074 1947 :
1090 1884 1147 1948 sed
1174 1883 1255 1945 illud
1282 1883 1382 1946 debet
1408 1903 1493 1970 opus
1517 1879 1635 1962 iacere,

275 1989 365 2071 quod
395 1989 437 2053 ad
466 1989 643 2058 sabbatum
672 1988 824 2070 pertinet.
843 1987 953 2052 Vultis
969 1989 1052 2050 scire
1069 1986 1226 2069 quoniam
1244 1986 1277 2049 in
1293 1985 1436 2049 sabbato
1452 1997 1634 2068 operantur

277 2093 468 2156 sacerdotes
485 2093 516 2155 in
534 2091 661 2174 templo
679 2092 842 2155 Domini?
859 2091 935 2154 Non
954 2090 1030 2154 licet
1046 2091 1079 2154 in
1096 2091 1238 2154 sabbato
1250 2089 1448 2171 cuicumque
1459 2087 1550 2172 ligna
1560 2110 1633 2154 cae-

275 2196 364 2260 dere.
381 2195 537 2278 Denique
553 2215 638 2258 uuus
662 2196 718 2278 qui
742 2197 896 2259 inventus
912 2205 963 2259 est
980 2196 1011 2257 in
1029 2195 1173 2271 heremo,
1189 2193 1357 2275 lapidatus
1378 2202 1428 2257 est
1453 2203 1486 2258 et
1506 2195 1634 2259 occisus

230 2317 260 2370 15
277 2309 335 2364 est
353 2299 508 2381 Denique
530 2319 596 2363 non
623 2298 699 2364 licet
727 2300 837 2381 ignem
865 2301 1074 2378 succendere,
1090 2318 1156 2362 non
1173 2298 1250 2362 licet
1265 2298 1366 2361 etiam
1384 2296 1510 2380 aliquid
1526 2299 1636 2382 operis

279 2402 393 2466 iacere.
411 2401 546 2465 Videtis
562 2411 685 2480 autem,
702 2404 860 2485 quoniam
877 2404 990 2466 omnia
1005 2404 1098 2480 haec,
1112 2422 1199 2486 quae
1215 2403 1247 2465 iu
1266 2401 1392 2465 mundo
1414 2401 1512 2464 alicui
1529 2401 1637 2466 iacere

279 2523 346 2568 non
374 2502 452 2568 licet
468 2505 500 2568 in
517 2505 669 2584 sabbato,
685 2506 913 2571 sacerdotibus
940 2507 1019 2569 solis
1047 2507 1123 2570 licet
1138 2529 1145 2570 :
1161 2523 1238 2568 nam
1265 2513 1298 2568 et
1318 2503 1409 2586 ligna
1431 2505 1584 2582 caedunt,
1601 2514 1634 2568 et

280 2607 392 2690 ignem
420 2607 623 2690 subponunt,
639 2619 673 2674 et
695 2610 761 2674 alia
787 2611 911 2676 iaciunt
936 2610 1127 2688 ministeria,
1154 2620 1188 2674 et
1211 2610 1337 2674 hostias
1365 2609 1538 2674 inmolant.
1559 2609 1635 2673 Hoc

279 2722 388 2776 totum
405 2731 508 2794 quare
523 2713 623 2776 dixi?
641 2713 689 2778 Ut
704 2715 879 2778 ostendam
896 2713 1055 2796 scriptum
1069 2733 1141 2777 esse
1157 2715 1190 2776 in
1202 2713 1283 2795 lege,
1292 2714 1414 2777 debere
1432 2735 1493 2777 nos
1509 2733 1638 2778 cessare

233 2839 266 2876 ao
281 2815 382 2878 etiam
399 2815 432 2877 in
449 2815 504 2880 die
519 2815 649 2880 sabbati
666 2816 711 2880 ab
726 2816 881 2900 operibus
899 2817 1023 2892 mundi,
1039 2827 1072 2880 et
1088 2837 1127 2880 ea
1145 2815 1250 2880 iacere
1275 2837 1360 2899 quae
1376 2819 1419 2880 ad
1437 2817 1547 2882 Deum
1565 2838 1638 2900 per·

282 2917 399 2982 tinent.
417 2917 569 2982 Psalmus
586 2919 686 3001 igitur
701 2920 821 2982 cantici
838 2930 890 2984 est
916 2919 948 2982 in
972 2920 1027 2982 die
1054 2920 1195 2997 sabbati,
1209 2920 1347 3002 quando
1370 2941 1436 2984 non
1448 3001 1450 3006 ,
1462 2941 1640 3004 operamur

284 3023 420 3100 mundo,
446 3029 479 3084 et
494 3041 673 3104 operamur
690 3019 774 3088 Deo.
789 3023 975 3090 Videamus
1002 3043 1082 3106 ergo
1096 3024 1177 3106 quid
1203 3024 1300 3087 nobis
1317 3024 1360 3088 sit
1375 3025 1580 3089 cantandum
1609 3025 1641 3090 in

284 3124 436 3201 sabbato,
450 3125 589 3207 quando
604 3145 624 3188 a
640 3127 758 3190 mundi
774 3147 943 3190 cessamus
958 3127 1123 3209 operibus.
1487 3189 1490 3197 .

328 3227 456 3290 Bonum
478 3237 526 3291 es!
548 3227 696 3310 confiteri
719 3229 870 3305 Domino,
896 3239 927 3292 et
947 3230 1089 3310 psallere
1118 3229 1245 3293 nornini
1276 3239 1331 3293 tuo
1356 3230 1539 3296 Altissr'me.
1563 3231 1640 3296 Non

238 3358 269 3412 25
286 3331 384 3407 dixit,
400 3331 527 3396 bonum
544 3342 595 3396 est
611 3332 761 3414 psallere,
776 3343 810 3397 et
826 3342 943 3417 postea
959 3333 1108 3398 confiteri
1123 3355 1131 3413 ;
1147 3335 1205 3397 sed
1222 3335 1298 3397 vide
1313 3335 1465 3398 ordinem
1481 3357 1487 3398 :
1510 3335 1641 3399 Bonum

288 3443 339 3497 est
357 3433 518 3511 confiteri,
533 3445 567 3498 et
582 3435 706 3499 bonum
724 3447 775 3501 est
790 3436 939 3520 psallere.
957 3438 1103 3501 Primum
1117 3457 1180 3520 age
1197 3438 1435 3519 paenitentiam
1453 3447 1486 3502 et
1502 3437 1647 3502 lacrimis

289 3537 363 3602 dele
387 3549 534 3620 peccata,
549 3547 582 3602 et
605 3549 722 3621 postea
738 3551 837 3605 canta
854 3540 1011 3605 Domino.
1027 3541 1154 3604 Bonum
1169 3550 1217 3603 est
1230 3543 1377 3625 confiten'
1393 3541 1553 3608 Domino:
1577 3561 1643 3607 non

270 3699 274 3708 ,
290 3642 492 3722 hominibus,
507 3644 564 3709 sed
584 3644 679 3708 Deo:
696 3644 741 3707 illi
758 3643 916 3707 confitere
931 3653 1078 3726 peccata,
1093 3645 1151 3726 qui
1167 3663 1285 3710 sanare
1312 3655 1431 3728 potest.
1446 3645 1496 3709 Et
1505 3645 1648 3728 psallere

294 3747 421 3812 nomini
433 3757 488 3811 tuo
502 3747 684 3811 Altisse'me.

245 3880 278 3933 ³⁰
336 3849 398 3914 Ad
419 3850 686 3914 adnuntiandum
713 3871 807 3915 mane
833 3850 1092 3916 misericordium
1119 3862 1220 3930 tuam,
1244 3862 1274 3916 et
1300 3851 1471 3936 veritatem
1487 3861 1579 3920 tuane
1590 3863 1651 3936 per

294 3963 422 4017 noctem.
440 3953 627 4037 Diligenter
654 3953 837 4038 intellegite
852 3957 942 4038 quod
967 3956 1097 4034 dicitur,
1112 3956 1169 4020 Ad
1187 3956 1456 4021 adnuntiandum
1474 3975 1572 4020 mane
1589 3957 1650 4022 mi·

328 4135 339 4172 1
352 4123 490 4172 ambulabis
500 4129 525 4172 e!
533 4123 693 4184 conculcabis]
712 4125 795 4184 codd3
813 4125 952 4174 aerrlrelale't
969 4132 994 4174 et
1012 4127 1161 4176 conculcabit
1180 4124 1204 4193 β.
1306 4133 1378 4189 3οΕ
1391 4109 1521 4174 PSALMO
1536 4123 1606 4188 XCI]
1620 4127 1650 4176 ln

296 4205 405 4255 Breviar.
420 4205 468 4255 col.
486 4205 555 4254 1166.
640 4203 655 4255 8
674 4205 769 4268 dr'ebres]
780 4207 832 4255 dies
844 4207 875 4256 G.
972 4218 1000 4271 15
1011 4208 1162 4270 succendere]
1174 4209 1191 4259 S
1204 4208 1278 4257 inser.
1292 4209 1387 4259 deinde.
1481 4208 1510 4259 16
1520 4207 1651 4276 quoniam]

295 4287 319 4337 G
331 4286 405 4337 inser.
419 4287 557 4346 sacerdotis,
572 4287 590 4338 S
602 4288 740 4336 sacerdotes.
836 4297 864 4347 17
876 4287 1039 4338 sacerdotibus
1050 4290 1118 4350 solis]
1129 4289 1259 4338 sacerdotis
1270 4289 1318 4338 sole'
1328 4289 1360 4339 G.
1459 4289 1488 4340 18
1500 4287 1652 4350 reu'sss'steria]

296 4369 413 4432 mysteria
433 4368 519 4424 CSG;
540 4369 654 4418 ereuteria
675 4369 770 4418 Bcorr.
892 4371 1076 4432 moriendum]
1095 4371 1243 4420 ostenderem
1264 4369 1288 4437 β.
1396 4383 1429 4420 20
1446 4371 1533 4434 elram]
1551 4371 1650 4440 om.wG.

296 4463 326 4512 27
337 4450 423 4512 cantu]
433 4457 534 4498 cantare
546 4451 598 4500 SG.
674 4449 706 4500 28
717 4449 840 4514 confitere]
851 4451 964 4515 confiteri
975 4451 1026 4502 BC.
1104 4465 1136 4514 29
1148 4454 1192 4501 Ad
1201 4451 1415 4515 dissentiendum]
1428 4455 1454 4504 S.
1539 4466 1572 4517 30
1583 4451 1651 4502 Dili-

294 4531 390 4598 genter]
401 4532 537 4595 de'legenler
546 4533 578 4582 G.

339 4687 365 4742 9.
381 4659 496 4742 serve'le]
514 4664 581 4722 Lev.
601 4685 645 4740 23,
664 4686 688 4740 3.
1046 4663 1380 4748 14.occr'suscst]Nurn.
1402 4661 1412 4725 ι’
1419 4685 1445 4744 5,
1462 4689 1499 4743 3²
1516 4686 1581 4745 sqq.
