4060 5498
504 387 582 470 106
865 399 893 457 s.
928 399 1181 461 nrnnonvm
1213 400 1480 458 vassnvraar

498 611 625 666 suntet
643 611 779 683 peccata
797 603 967 680 mundata,
983 622 1084 684 quam
1101 613 1250 664 cerneret
1267 601 1437 665 visionem.
1467 602 1649 685 Quomodo
1664 624 1746 688 ergo
1761 606 1849 668 iuxta

499 693 657 787 Origehis
673 706 866 788 allegoriam
884 707 986 773 Ozias
1003 707 1157 789 princeps
1173 706 1305 767 animae
1321 706 1392 768 eius
1406 719 1557 770 mortuus
1569 717 1649 784 erat,
1669 709 1727 789 qui
1749 709 1848 771 adhuc

499 810 589 873 labia
614 818 691 890 post
715 810 876 874 visionem
901 811 1048 875 habebat
1072 809 1244 885 inmunda,
1268 810 1393 891 quippe
1419 831 1495 873 cum
1524 821 1641 892 postea
1666 813 1849 894 iniquitates

499 917 570 979 eius
587 915 720 978 ablatae
736 917 812 995 sint,
829 929 861 981 et
878 926 1016 1000 peccata
1053 917 1240 978 mundata?
1265 915 1420 997 Apparet
1444 916 1532 979 enirn
1563 914 1731 978 Dominus
1757 915 1848 978 etiam

500 1024 739 1107 peccatoribus,
756 1033 792 1086 ut
818 1043 875 1086 eos
902 1022 1049 1084 retrahat
1076 1042 1095 1082 a
1124 1021 1278 1101 peccatis.
1308 1020 1396 1083 Nam
1423 1029 1456 1084 et
1480 1033 1615 1084 sanctus
1642 1019 1766 1083 Paulus
1780 1040 1848 1083 curn
1884 1043 1897 1092 ς

500 1140 588 1191 esset
615 1126 814 1191 adulescens
841 1135 874 1189 et
901 1135 1046 1189 vastaret
1072 1124 1259 1200 ecclesiam,
1276 1133 1308 1186 et
1325 1127 1473 1206 acceptis
1489 1126 1668 1188 adversum
1685 1123 1849 1204 apostolos

501 1232 621 1296 litteris
636 1232 669 1294 in
688 1251 801 1294 eorum
820 1231 1020 1309 sanguinem
1037 1229 1233 1302 desaeviret,
1249 1228 1406 1309 apparuit
1429 1229 1458 1291 ei
1483 1228 1648 1305 Salvator,
1664 1241 1698 1291 et
1727 1227 1848 1290 locutus

499 1345 550 1397 est
563 1358 570 1398 :
585 1339 593 1367 ⁴
606 1334 718 1411 Saule,
734 1331 847 1410 Saule,
863 1333 942 1415 quid
963 1353 1015 1394 me
1032 1333 1241 1414 persequeris
1254 1331 1286 1395 θ’
1305 1331 1372 1395 Sed
1393 1343 1425 1394 et
1454 1331 1772 1396 Nabuchodonosor
1793 1351 1848 1392 rex

501 1437 703 1516 Chaldaeus,
719 1457 795 1500 cum
813 1438 845 1501 in
863 1437 998 1500 fornace
1016 1436 1105 1518 ignis
1122 1447 1188 1499 tres
1205 1437 1298 1517 pueri
1315 1436 1579 1513 deambularent,
1597 1437 1679 1500 vidit
1696 1446 1847 1516 quartum

501 1543 533 1605 in
554 1543 665 1606 medio
681 1560 807 1617 eorum,
822 1550 856 1605 et
872 1541 918 1605 ait
933 1564 941 1604 :
957 1541 1100 1604 ‘Nonne
1116 1551 1183 1603 tres
1208 1558 1328 1620 pueros
1354 1540 1506 1603 misimus
1531 1541 1564 1603 in
1592 1540 1741 1604 medium
1770 1540 1849 1621 ignis
1872 1563 1900 1600 ro

502 1647 650 1728 ligatos?
668 1646 714 1709 Et
730 1647 904 1728 quomodo
919 1664 983 1726 ego
999 1644 1099 1708 video
1114 1655 1259 1727 quatuor
1275 1643 1363 1706 viros
1380 1642 1518 1721 solutos,
1535 1657 1568 1707 et
1585 1645 1797 1707 ambulantes
1820 1645 1848 1705 in

501 1751 614 1813 medio
641 1751 738 1831 ignis,
754 1759 788 1812 et
813 1750 984 1833 corruptio
1014 1769 1079 1812 non
1108 1757 1158 1810 est
1183 1749 1214 1809 in
1240 1749 1297 1824 eis,
1313 1758 1345 1810 et
1363 1747 1448 1810 visio
1464 1749 1577 1830 quarti
1593 1749 1780 1812 similitudo
1796 1747 1849 1810 filii

501 1853 610 1917 Deil'
629 1854 742 1916 Moses
769 1873 912 1936 quoque,
938 1852 995 1935 qui
1025 1854 1171 1916 nutritus
1198 1854 1231 1914 in
1259 1851 1422 1935 Aegypto
1447 1864 1507 1929 est,
1523 1863 1556 1916 et
1585 1855 1736 1917 eruditus
1762 1855 1849 1916 omni

502 1955 749 2039 Aegyptiorum
766 1957 942 2038 sapientia,
957 1956 1043 2019 vidit
1058 1955 1223 2018 visionem
1244 1955 1392 2018 ardentis
1415 1956 1497 2030 rubi,
1512 1957 1570 2038 qui
1588 1977 1654 2019 non
1679 1959 1849 2020 combure·

501 2059 620 2138 batur;
645 2080 790 2143 cumque
816 2061 961 2124 dixisset
987 2060 1190 2122 ‘Transiens
1218 2060 1340 2124 videbo
1368 2061 1529 2123 visionem
1558 2060 1644 2123 hanc
1669 2061 1899 2144 magnam',15

501 2162 595 2226 Deus
621 2163 712 2245 prius
736 2165 869 2226 locutus
885 2173 936 2226 est
952 2163 995 2226 ad
1013 2183 1089 2226 eum
1103 2185 1110 2226 :
1126 2167 1133 2194 ‘
1148 2163 1250 2240 Mosi,
1267 2163 1365 2240 Mosi,
1381 2183 1423 2224 ne
1451 2163 1655 2246 propinques
1671 2164 1745 2241 huc,
1763 2168 1852 2228 solve

499 2267 756 2330 calciamentum
773 2268 816 2330 de
832 2267 975 2348 pedibus
991 2267 1079 2330 tuis:
1096 2267 1188 2329 locus
1208 2267 1297 2330 enirn
1315 2267 1348 2329 in
1370 2288 1438 2349 quo
1455 2279 1534 2344 stas,
1546 2279 1633 2332 terra
1647 2283 1764 2332 sancta
1775 2280 1827 2333 est
1836 2269 1852 2333 ’.

502 2370 569 2452 Qui
587 2373 738 2435 eruditur
753 2372 927 2454 deinceps,
943 2382 979 2435 ut
1002 2381 1080 2454 post
1104 2373 1266 2435 visionem
1296 2373 1360 2434 Dei
1385 2372 1519 2454 gracilis
1542 2375 1635 2436 vocis
1662 2385 1695 2436 et
1720 2375 1853 2456 linguae

501 2474 713 2538 tardissimae
729 2495 801 2538 esse
821 2497 857 2540 se
872 2477 967 2551 dicit,
984 2475 1016 2538 id
1034 2486 1085 2540 est
1105 2477 1280 2558 indignum
1299 2477 1484 2540 ministerio
1501 2478 1591 2540 verbi
1609 2477 1684 2555 Dei,
1700 2497 1761 2558 pro
1785 2498 1853 2560 quo

500 2579 543 2641 ad
570 2578 734 2661 populum
764 2580 968 2644 mittebatur.
985 2581 1025 2643 ln
1049 2581 1138 2644 hunc
1162 2600 1242 2662 ergo
1260 2583 1397 2644 modum
1414 2581 1693 2644 clementissimus
1712 2582 1804 2644 Deus
1819 2591 1853 2644 et
1871 2605 1898 2640 20

501 2681 632 2759 Esaiae,
649 2683 746 2747 iuxta
762 2687 852 2766 quod
869 2685 973 2748 homo
992 2685 1106 2748 videre
1122 2695 1265 2766 poterat,
1281 2705 1316 2748 se
1331 2685 1429 2748 offert
1445 2685 1628 2749 videndum
1642 2706 1649 2762 ;
1673 2697 1706 2749 et
1730 2688 1854 2749 idcirco

499 2799 575 2870 post
591 2789 756 2852 visionem
774 2788 940 2871 propheta
957 2788 1126 2870 loquitur:
1145 2786 1291 2850 Omiser
1302 2807 1368 2868 ego,
1382 2789 1535 2868 quoniam
1550 2797 1743 2867 conpunctus
1768 2808 1853 2850 sum.

497 2893 590 2956 Num
604 2913 677 2957 cum
693 2892 785 2956 homo
810 2890 910 2974 [sim],
925 2901 956 2954 et
972 2890 1133 2954 inmunda
1148 2890 1237 2954 labia
1252 2890 1396 2966 habeam,
1407 2891 1443 2953 in
1458 2891 1680 2972 rnediopoprrli
1690 2891 1851 2954 inmunda

496 2999 585 3063 labia
597 2998 746 3062 habentis
757 2996 876 3073 habito,
889 3005 921 3058 et
929 3016 1035 3078 regem
1047 2995 1229 3059 Dominum
1241 2993 1388 3058 Sabaoth
1398 2995 1472 3057 vidi
1480 2995 1580 3057 oculis
1592 2994 1679 3058 meis.
1695 2993 1852 3076 Nihilque

497 3113 549 3166 est
576 3103 666 3166 aliud
696 3103 785 3186 quod
814 3100 981 3182 propheta
1007 3108 1261 3176 commemorat,
1277 3099 1340 3160 nisi
1363 3099 1448 3161 hoc:
1464 3097 1551 3163 Cum
1569 3113 1724 3181 peccator
1739 3102 1801 3162 sim
1819 3113 1853 3163 et
1871 3123 1896 3174 ²5

497 3204 616 3286 plenus
632 3205 861 3286 iniquitatum,
876 3206 946 3268 vidi
964 3205 1150 3268 Dominum
1171 3205 1344 3267 sedentem
1368 3223 1468 3284 super
1491 3203 1650 3268 thronum
1679 3204 1852 3269 excelsum

533 3406 539 3441 ι
555 3389 641 3450 iuxta]
653 3391 721 3440 iusta
733 3391 764 3440 C.
864 3392 1016 3455 depostulos]
1023 3393 1137 3458 apostolis
1146 3393 1174 3441 C.
1279 3392 1308 3440 16
1316 3391 1403 3454 prius]
1412 3392 1548 3454 legendum
1557 3409 1611 3443 esse
1620 3393 1719 3444 conicio
1729 3411 1737 3452 ;
1744 3395 1807 3458 pius
1820 3397 1849 3446 C.

496 3477 573 3537 Mori,
598 3472 675 3534 Most]
697 3491 732 3537 gr.
760 3475 856 3536 Μωυσῆ
881 3477 998 3538 Μωυσῆ;
1024 3477 1103 3538 Mosy,
1129 3478 1202 3537 Musy
1225 3477 1253 3524 C.
1358 3487 1387 3536 19
1408 3475 1481 3536 dicit]
1510 3474 1617 3526 Mercuri
1642 3475 1749 3526 coniecit
1774 3479 1850 3528 dicar.

495 3572 526 3623 23
538 3559 598 3621 sim]
610 3575 660 3608 om.
676 3558 705 3606 C.
807 3569 838 3616 24
851 3556 958 3606 lllr'lrr'l...
972 3559 1057 3622 uliud]
1069 3557 1188 3606 Nichil...
1203 3557 1271 3606 aliut
1283 3555 1313 3606 C.

535 3728 562 3785 8.
572 3719 766 3802 persequeris]
783 3726 850 3781 Act.
866 3743 893 3798 9,
911 3743 937 3793 4.
1197 3741 1234 3782 ex
1257 3741 1364 3797 graeco
1380 3723 1550 3782 memoriter
1565 3725 1749 3802 praestringi,
1767 3733 1850 3804 quod

538 3827 582 3883 ¹3·
599 3803 673 3886 Dei]
691 3807 769 3864 Dan.
797 3824 824 3880 3,
841 3823 876 3880 91
903 3823 947 3880 sq.
974 3801 1077 3863 Obicit
1102 3803 1145 3861 vir
1197 3801 1241 3863 illi
1257 3821 1274 3864 <t
1284 3803 1396 3863 cotidie
1411 3805 1442 3862 in
1458 3819 1608 3865 conventu
1625 3808 1747 3867 fratrum
1759 3813 1850 3887 scrip

493 3889 714 3949 eruditissimus
724 3888 767 3946 lo.
777 3883 1145 3961 Mercatilkev.Biblique
1198 3887 1462 3945 turasedisserenti
1476 3889 1628 3948 »solenne
1638 3902 1709 3948 erat.
1722 3891 1849 3966 (Contra

494 3971 532 4042 X,
550 3970 631 4048 389),
647 3970 729 4029 haud
745 3985 850 4044 parum
865 3966 1035 4043 discrepare
1057 3967 1146 4026 verba
1199 3967 1269 4024 Rul.
1287 3968 1329 4038 11,
1348 3987 1385 4039 24
1400 3979 1430 4026 et
1447 3967 1506 4045 27).

494 4051 562 4112 heic
573 4050 861 4112 commemorataab
872 4048 907 4110 iis
919 4066 997 4125 quae
1006 4049 1146 4123 leguntur
1242 4067 1252 4104 1
1261 4065 1285 4122 5.
1303 4045 1453 4128 magnam]
1471 4051 1569 4110 Exod.
1584 4070 1611 4125 3,
1630 4071 1655 4126 3.

494 4133 525 4192 in
555 4128 784 4196 Commentario
814 4130 949 4191 Danielis
976 4131 1008 4188 P.
1037 4131 1069 4188 L.
1098 4148 1144 4205 25,
1243 4127 1650 4210 17.sancraesr]lbid.4sq.

496 4234 553 4292 534
569 4235 614 4294 sq.
626 4217 735 4291 Neque
750 4213 781 4273 id
797 4231 961 4291 negamus:
976 4212 1030 4271 sed
1047 4215 1145 4270 nodus
1240 4229 1285 4268 20.
1300 4213 1534 4271 clementissimus
1562 4211 1658 4294 Deus]
1681 4215 1727 4274 Cr.
1760 4238 1849 4296 supra

494 4298 582 4357 facile
607 4297 791 4373 expedietur,
812 4296 864 4355 ubi
890 4291 1144 4365 animadverteris,
1198 4291 1262 4348 lll²
1287 4311 1333 4365 72,
1351 4311 1386 4366 3²
1412 4293 1458 4352 ‘O
1474 4295 1727 4355 clementissimus
1750 4300 1849 4374 parer'

496 4379 633 4438 Danielis
662 4379 834 4455 exemplum
861 4377 891 4436 in
916 4374 1145 4437 Commentario
1197 4385 1226 4432 et
1255 4373 1355 4431 locum
1385 4375 1557 4434 Comment.
1588 4376 1627 4435 ls.
1654 4375 1696 4435 ibi
1721 4377 1753 4438 iu
1780 4393 1848 4440 nota

494 4461 662 4520 secundum
675 4474 691 4522 t
702 4458 874 4518 hebraicam
889 4457 1067 4517 veritatem)
1078 4454 1145 4532 ipso
1197 4455 1361 4512 laudatum.

495 4554 637 4602 monente
670 4539 860 4617 Hieronymo
889 4537 1021 4616 proferri,
1051 4536 1100 4596 hic
1128 4557 1145 4595 e
1241 4555 1285 4607 24.
1303 4531 1383 4615 meis]
1401 4536 1438 4594 ls.
1456 4539 1484 4608 6,
1501 4553 1527 4612 5.

493 4623 644 4681 contrario
659 4621 741 4681 iuxta
751 4621 904 4696 antiquam
918 4617 1142 4679 translationem
