4060 5498
492 417 546 498 70
873 407 902 465 S.
937 406 1192 465 HIERONYMI
1223 407 1488 466 PRESBYTERI

491 608 690 690 praedicant
714 607 939 670 tenebrarum.
957 607 1070 671 Vultis
1091 607 1217 690 aliquid
1234 608 1387 672 dicamus
1410 609 1607 691 eleganter?
1637 605 1754 670 Arrius
1778 603 1841 666 siue

491 713 591 774 ceteri
610 713 724 792 quide
743 709 950 774 Alexandria
969 720 1201 792 processerunt
1217 713 1385 789 haeretici,
1400 713 1557 775 dicuntur
1579 713 1760 776 daemones
1778 728 1837 770 me·

491 815 620 876 ridiani.

537 917 662 983 Cadent
672 939 692 980 a
708 919 809 981 latere
824 929 877 982 tuo
888 921 984 995 mille,
993 930 1026 982 et
1039 921 1142 984 decern
1156 921 1249 984 milia
1264 943 1285 984 a
1295 921 1418 984 dextris
1432 922 1507 984 tuis.
1532 921 1563 984 Α
1576 923 1677 984 latere
1691 931 1723 981 et
1734 940 1753 982 a
1764 920 1839 984 dcx-

491 1023 561 1086 tris.
578 1023 656 1085 Non
674 1025 773 1100 dixit,
790 1045 808 1084 a
825 1025 976 1102 sinistris,
993 1027 1071 1105 quia
1088 1026 1193 1089 iustus
1210 1027 1379 1090 sinistram
1397 1046 1463 1088 non
1480 1025 1592 1100 habet,
1602 1025 1688 1086 sicut
1700 1024 1732 1085 in
1749 1042 1837 1084 evan·
1856 1039 1868 1092 5

491 1125 581 1208 gello
596 1128 757 1208 scriptum
776 1138 848 1191 est:
867 1128 947 1210 ‘Qui
972 1137 1005 1192 te
1031 1131 1228 1211 percusserit
1254 1131 1287 1192 in
1312 1131 1486 1192 maxillam
1513 1131 1701 1202 dexteram,
1726 1126 1839 1207 praebe

491 1230 537 1292 illi
555 1239 588 1293 et
604 1231 743 1293 alteram
756 1231 770 1294 ².
789 1232 867 1294 Non
883 1233 982 1309 dlxit,
998 1234 1120 1315 praebe
1137 1234 1328 1297 sinistram:
1351 1235 1378 1296 si
1396 1234 1531 1316 quidem
1560 1233 1638 1314 agni
1663 1231 1798 1294 stabunt
1822 1249 1840 1290 a

491 1332 631 1411 dextris,
647 1345 679 1398 et
697 1334 795 1398 haedi
811 1355 831 1398 a
847 1336 999 1400 sinistris.
1018 1337 1181 1401 Cadenta
1198 1338 1300 1401 latere
1317 1347 1377 1401 tuo
1395 1338 1495 1414 mille,
1517 1348 1551 1399 et
1567 1338 1683 1399 decem
1713 1335 1800 1398 milia
1822 1352 1840 1392 a

490 1438 623 1502 dextris
640 1441 713 1502 tuis
731 1439 765 1501 A
781 1439 882 1502 latere
900 1441 988 1516 iusti,
1005 1443 1238 1508 inbecillitates
1249 1443 1437 1525 corporales
1449 1460 1626 1522 possumus
1643 1438 1840 1518 intellegere:

492 1543 524 1605 in
536 1545 677 1606 dextera
686 1551 810 1616 autem,
820 1545 951 1607 animae
965 1546 1202 1628 integritatem.
1214 1546 1372 1627 Corporis
1386 1546 1564 1619 laboribus,
1576 1545 1639 1606 hoc
1653 1541 1839 1616 est,ieiuniis
1859 1562 1883 1596 ro

491 1655 525 1710 et
541 1646 694 1710 castitate
711 1647 833 1709 cadent
851 1647 953 1724 mille;
981 1652 1145 1713 adextris
1178 1661 1300 1726 autem,
1328 1651 1384 1714 ubi
1415 1669 1472 1732 per
1497 1650 1631 1711 animae
1657 1648 1838 1709 libertatem

493 1773 574 1833 pura
598 1761 782 1833 sanctaque
799 1753 954 1817 doctrina
970 1765 1029 1830 est,
1047 1755 1091 1816 ibi
1108 1756 1208 1818 cadet
1224 1755 1371 1818 hostium
1398 1755 1542 1836 plurima
1572 1750 1762 1814 multitudo.
1790 1747 1842 1809 Ad

491 1863 521 1917 te
535 1865 642 1916 antem
660 1877 721 1918 eron
733 1857 1041 1940 appropinquabunt.
1060 1859 1165 1939 Finge
1178 1860 1325 1922 hostium
1339 1879 1462 1921 cuneos
1473 1866 1588 1921 contra
1602 1857 1709 1918 virum
1723 1856 1838 1916 iustum

492 1959 604 2020 venire
622 1962 777 2036 munitos,
793 1961 835 2024 de
851 1963 974 2043 quibus
991 1964 1120 2038 dicitur,
1140 1963 1193 2025 Ad
1211 1972 1245 2026 te
1271 1975 1384 2026 autem
1412 1982 1478 2024 non
1505 1958 1839 2042 appropinquabunt:

492 2062 554 2124 hoc
571 2073 630 2139 est,
647 2067 737 2145 prius
754 2077 917 2142 corruent,
934 2087 1033 2148 quam
1053 2066 1094 2129 ad
1112 2077 1145 2130 te
1162 2087 1266 2148 usque
1283 2069 1487 2150 perveniant.
1858 2081 1882 2128 15

544 2167 774 2232 Verumtamen
790 2171 890 2232 aculis
904 2171 973 2233 tnis
987 2171 1212 2248 considerabis,
1228 2181 1260 2233 et
1275 2169 1517 2233 retributionem
1541 2178 1742 2250 peccaterum
1759 2164 1839 2227 nide-

491 2269 547 2334 bis.
564 2271 707 2334 Videbis
723 2276 887 2337 cadavera
905 2284 1123 2350 mortuorum,
1138 2284 1172 2337 et
1189 2275 1362 2338 miraberis
1388 2275 1598 2337 maiestatem
1619 2271 1756 2336 Domini
1774 2267 1838 2332 Sal·

492 2375 626 2440 vatoris.
646 2377 688 2439 Et
705 2378 959 2441 retributionem
977 2389 1189 2460 peccatorum
1209 2379 1346 2444 videbis.
1367 2378 1477 2441 Ruina
1493 2387 1718 2459 peccatorum,
1734 2371 1838 2436 interi·

494 2488 678 2542 tuscorum
696 2489 754 2544 est.
772 2481 872 2562 Quod
890 2483 971 2546 dicit
996 2484 1059 2545 hoc
1082 2493 1153 2546 est:
1182 2483 1233 2545 Tu
1262 2484 1318 2564 qui
1345 2483 1509 2563 refugium
1536 2493 1631 2544 tuum
1663 2477 1838 2541 Dominum

495 2583 644 2662 posuisti,
660 2585 765 2647 oculis
781 2587 847 2648 tuis
864 2586 1106 2650 haereticorum
1120 2587 1373 2650 retributionem
1384 2605 1519 2648 securus
1531 2583 1676 2666 inspicis,
1688 2581 1840 2664 quoniam
1857 2601 1883 2636 ro

494 2695 527 2747 te
543 2685 586 2748 ab
603 2707 717 2750 eorum
735 2690 972 2754 traditionibus
990 2691 1175 2755 custodisti.

540 2791 634 2853 Haec
650 2792 681 2854 in
701 2813 842 2875 persona
861 2796 998 2858 Domini
1015 2798 1057 2858 ad
1075 2798 1198 2858 iustum
1215 2795 1305 2858 dicta
1328 2807 1404 2857 sunt
1423 2817 1429 2870 ;
1454 2815 1542 2856 nunc
1566 2803 1681 2856 autem
1708 2807 1840 2872 persona

496 2905 653 2970 mutatur,
669 2908 701 2959 et
718 2918 761 2959 ex
780 2900 1065 2981 contemplatione
1082 2900 1159 2963 iusti
1185 2898 1335 2962 Domino
1361 2901 1594 2979 respondetur:
1625 2895 1785 2973 Qreareiam
1809 2901 1840 2951 tn

495 2999 635 3062 Darnine
649 3010 718 3080 spes
734 3023 811 3064 ntea.
831 3002 896 3083 Qui
923 3005 1010 3065 enim
1039 3005 1122 3064 lraec
1147 3003 1238 3078 dicit,
1265 3004 1370 3064 iustus
1398 3012 1458 3065 est.
1476 3001 1689 3064 Altissimnm
1712 2993 1845 3080 posuisti

496 3104 662 3195 refugiscere
680 3114 780 3169 terreres.
800 3107 924 3169 lterum
943 3127 1086 3188 persona
1105 3117 1273 3169 mutatur:
1300 3118 1333 3168 et
1359 3107 1433 3170 ideo
1459 3106 1578 3186 psalmi
1605 3106 1737 3168 obscuri
1763 3111 1841 3172 sunt,
1859 3117 1884 3168 25

495 3207 573 3286 quia
589 3209 784 3288 saepissime
803 3230 962 3290 personae
981 3222 1159 3274 mutantur.
1180 3211 1269 3272 Dum
1287 3211 1375 3272 enim
1394 3211 1500 3272 iustus
1531 3210 1716 3272 Dominum
1743 3209 1840 3287 inpre-

496 3319 599 3388 catur,
614 3323 646 3372 et
664 3313 753 3388 dicit,
770 3313 938 3395 Quoniam
957 3326 992 3376 tu
1012 3316 1157 3378 Domine
1174 3336 1250 3396 spes
1280 3334 1365 3390 mea;
1391 3314 1520 3376 audita
1541 3313 1700 3388 Domin0,
1716 3309 1841 3374 Altissi·

498 3433 589 3476 mum
607 3415 746 3496 posuisti
767 3417 932 3498 refugium
945 3431 1048 3482 tuum.
1069 3421 1113 3482 Et
1131 3428 1307 3501 propterea
1324 3419 1384 3480 tibi
1401 3437 1544 3499 sequens
1566 3418 1769 3480 conveniens
1798 3422 1842 3476 est

497 3539 612 3582 versus
631 3544 637 3582 :
1499 3531 1502 3539 '

530 3707 695 3767 ostenderam]
710 3723 719 3758 1
735 3727 767 3760 m.
781 3726 836 3774 sup.
852 3711 895 3758 liu.
911 3728 973 3760 corr.
995 3711 1110 3759 dextram
1133 3711 1160 3758 L.
1263 3707 1374 3768 lihnedr]
1390 3711 1431 3758 edi
1444 3711 1473 3758 L.
1573 3707 1721 3770 pinanti]
1733 3707 1843 3758 inbcrrili.

499 3792 529 3840 L.
633 3805 658 3840 11
683 3793 805 3854 castitate]
826 3795 849 3841 tr'
869 3794 954 3858 suppl.
976 3811 1030 3858 sup.
1054 3792 1098 3842 lin.
1123 3794 1151 3841 1..
1256 3806 1283 3854 13
1304 3790 1552 3856 appropinquabant]
1572 3793 1594 3841 1.
1612 3808 1670 3842 cum
1685 3793 1761 3842 Psalr.
1777 3793 1842 3840 Rom.

500 3884 528 3936 15
537 3873 700 3937 perveniant]
715 3889 724 3924 1
737 3893 770 3926 m.
784 3892 848 3924 corr.
863 3893 892 3925 ex
900 3878 1050 3940 pervenient
1063 3875 1090 3924 L.
1208 3887 1234 3934 17
1255 3871 1365 3932 straten]
1386 3880 1484 3936 stragest.
1513 3876 1540 3922 L.
1643 3887 1676 3923 20
1687 3873 1799 3938 inspicis]
1818 3872 1843 3930 1..

497 3971 544 4020 pro
556 3957 692 4020 inspicies?
775 3971 806 4005 22
817 3955 888 4016 serere]
900 3969 964 4022 post.
981 3975 1013 4008 ru.
1028 3974 1093 4008 corr.
1108 3975 1138 4007 ex
1151 3959 1205 4005 sint
1220 3957 1246 4004 L.
1339 3969 1369 4017 23
1384 3954 1503 4014 Dnrnino]
1519 3957 1627 4005 Domini
1640 3957 1668 4006 L.
1755 3956 1784 4005 28
1795 3955 1845 4015 tiis]

500 4038 531 4098 L,
545 4038 623 4088 timeo
635 4047 661 4087 ut
674 4049 750 4090 recte.

544 4227 566 4264 1.
583 4208 734 4267 Arrius...
751 4211 785 4268 de
799 4207 1003 4289 Alexandria]
1023 4211 1147 4267 Hieron.
1245 4227 1259 4264 2
1264 4225 1289 4283 5.
1307 4210 1368 4266 idea
1376 4209 1490 4284 psalan'
1501 4209 1611 4268 obscuri
1625 4217 1697 4267 sunt
1711 4207 1845 4290 etc.]lll²

500 4289 614 4350 Contra
637 4291 735 4350 Rufin.
756 4293 798 4363 11,
829 4313 863 4366 17
895 4295 1089 4366 ‘Antequam
1119 4290 1149 4348 in
1205 4307 1248 4362 71,
1268 4311 1303 4348 22
1322 4293 1509 4366 ‘Prophetae
1529 4303 1558 4349 et
1580 4291 1687 4366 psalmi
1712 4291 1780 4350 ideo
1802 4293 1846 4351 ob

500 4371 685 4430 Alexandria
722 4373 808 4448 quasi
843 4373 1038 4434 daemonium
1065 4371 1149 4432 meri·
1202 4371 1279 4430 scuri
1292 4385 1369 4445 sunt,
1382 4372 1649 4450 quoniamsubito,
1663 4392 1732 4431 cum
1746 4373 1844 4444 nescis,

501 4451 625 4510 dianum
642 4454 729 4512 Arius
743 4459 931 4516 nasceretur'.
1202 4470 1331 4527 persona
1357 4454 1530 4528 mutatur';
1570 4475 1635 4530 130,
1663 4475 1697 4530 31
1726 4453 1844 4514 ‘Psalmi

545 4551 570 4608 7.
586 4532 725 4616 alterans]
739 4538 846 4597 Matth.
865 4555 890 4614 5,
909 4559 954 4614 39.
1203 4551 1320 4613 semper
1336 4554 1478 4612 personas
1503 4545 1631 4610 mutant,
1655 4549 1683 4596 et
1707 4537 1777 4596 ideo
1800 4535 1844 4596 ob

543 4619 569 4672 8.
586 4635 604 4672 a
619 4615 760 4698 sinistris]
773 4620 881 4680 Matth.
899 4640 914 4678 2
920 4637 946 4696 5,
960 4637 1007 4694 33.
1203 4616 1363 4678 scurisunt
1373 4619 1380 4647 '
1391 4629 1446 4678 etc.
