4154 5494
503 395 582 494 2'42
877 419 907 478 s.
933 401 1187 478 artronum
1211 417 1475 478 Pressuram

481 612 565 696 ''alio
580 613 677 695 loco?
692 615 707 674 ‘s
711 615 967 694 Praeteritorum
983 628 1181 692 obliviscens
1195 628 1239 692 ad
1257 630 1367 712 priora
1380 632 1595 697 meextendo
1606 633 1624 700 '.
1635 623 1759 700 Videte
1770 641 1850 718 erg'b

498 735 660 818 scriptura
697 733 777 818 quid
814 734 913 798 dicat.
944 731 1056 815 Supra
1092 732 1225 796 dorsum
1258 753 1366 798 meum
1387 733 1647 815 fabricabantur
1665 749 1851 820 peccatores.

499 840 555 906 Sic
577 857 711 936 semper
736 837 873 915 cucurri,
888 845 922 904 et
948 846 1080 902 tanturn
1109 836 1244 914 cucurri,
1261 846 1298 901 ut
1323 837 1533 905 adversarius
1550 861 1643 905 meus
1668 861 1851 925 numquam

483 927 580 1010 'me
567 941 754 1028 praecedat,
769 942 827 1006 sed
855 959 987 1024 semper
1001 949 1078 1024 post
1095 949 1225 1023 tergum
1243 940 1438 1008 inveniatur.
1456 943 1650 1028 Numquam
1668 947 1758 1011 venit
1773 965 1852 1010 con·

497 1059 548 1116 tra
578 1050 691 1116 oculos
717 1069 818 1128 meos,
846 1047 1066 1132 nequeenim
1095 1047 1204 1130 potuit
1231 1047 1393 1111 sustinere
1417 1046 1529 1112 lumen
1556 1049 1729 1114 oculorum
1762 1069 1852 1114 meo-
1872 1070 1886 1124 s

497 1173 593 1234 ιιιιιι;
623 1153 681 1218 sed
712 1139 844 1234 semp'er
874 1171 947 1217 eam
975 1161 1103 1234 partem
1137 1149 1403 1234 persequebatur,
1434 1169 1520 1233 quae
1550 1165 1649 1218 caeca
1679 1163 1739 1232 est,
1765 1173 1853 1236 quae

496 1255 611 1322 oculos
627 1276 693 1322 non
709 1254 820 1320 habet.
837 1254 944 1337 Supra
958 1254 1091 1319 dorsum
1106 1273 1212 1319 mcum
1219 1253 1478 1336 fabricabantur
1485 1265 1668 1336 peccatores.
1691 1257 1851 1342 Quando-

495 1381 640 1445 cumque
663 1361 783 1444 aliquis
808 1358 899 1424 tratri
924 1359 1079 1438 detrahit,
1095 1360 1156 1424 iste
1182 1369 1259 1443 post
1282 1360 1418 1423 dorsum
1445 1357 1632 1425 fabricatur.
1649 1361 1758 1444 Supra
1775 1363 1851 1426 dor·

496 1486 570 1532 sum
583 1484 694 1529 meum
707 1463 954 1528 fabricabantur
965 1455 1172 1547 peccatores:
1185 1463 1242 1527 sed
1255 1481 1319 1546 ego
1329 1481 1395 1526 non
1409 1451 1564 1528 videbam
1578 1454 1715 1528 insidiae
1727 1476 1852 1531 eorum.

499 1570 551 1635 llli
568 1567 815 1634 fabricabantur
830 1576 905 1650 post
917 1567 1053 1633 dorsum
1065 1585 1194 1632 meum:
1209 1577 1243 1632 et
1259 1587 1323 1651 ego
1338 1567 1443 1632 oculis
1460 1569 1651 1650 paradisum
1667 1569 1851 1654 conspicie-
1875 1600 1904 1638 ιο

496 1674 583 1739 bam
603 1672 654 1736 llli
680 1670 760 1736 mihi
789 1671 1011 1737 moliebantur
1037 1672 1183 1751 insidias,
1198 1683 1231 1737 et
1254 1691 1318 1754 ego
1342 1691 1499 1736 coronam
1527 1671 1639 1738 videre
1665 1673 1852 1757 cupiebam.

494 1775 994 1868 Prolongaucru'ntim'qrcr'tatcm
1009 1798 1114 1878 suam.
1126 1776 1216 1861 Quid
1233 1777 1330 1852 dixit,
1339 1763 1650 1860 Prolongaverunt'
1641 1777 1852 1861 iniquitatem

494 1886 616 1946 suam?
643 1881 718 1964 Ego
742 1879 769 1943 si
794 1899 984 1965 peccavero,
1000 1866 1133 1966 etpost
1157 1891 1330 1964 peccatum
1359 1901 1469 1944 meum
1487 1901 1588 1963 egero
1603 1873 1854 1964 paeniteotiam,

495 1985 603 2050 brevis
619 1995 669 2050 est
686 1985 844 2067 iniquitas
861 2005 944 2063 mea,
961 2006 1026 2051 non
1045 1986 1154 2070 longa.
1166 1985 1202 2052 Si
1220 1995 1331 2050 autem
1349 2003 1537 2068 peccavero,
1552 1985 1854 2069 quotienscumque

496 2109 684 2174 peccavero,
695 2091 819 2156 totiens
835 2089 999 2154 funiculus
1015 2101 1226 2174 peccatorum
1244 2109 1393 2154 meorum
1410 2087 1540 2172 longior
1557 2087 1603 2152 lit.
1614 2087 1716 2154 Unde
1732 2087 1854 2153 dicitur
1874 2110 1884 2148 ι
1889 2110 1902 2164 5

494 2195 577 2258 etin
602 2193 667 2258 alio
682 2193 757 2258 loco
771 2218 778 2260 :
794 2197 801 2227 ¹
818 2193 931 2258 Funes
959 2205 1171 2277 peccatorum
1198 2183 1488 2258 circumdederunt
1513 2211 1566 2258 me
1581 2191 1597 2257 '.
1625 2193 1748 2260 Videte
1770 2193 1852 2278 quid

494 2297 593 2376 dicat,
604 2297 714 2362 Funes
727 2307 939 2381 peccatorum
953 2297 1241 2363 circumdederunt
1253 2318 1314 2362 me.
1321 2297 1366 2361 Et
1376 2284 1409 2361 irl
1420 2295 1486 2362 alio
1498 2297 1572 2362 loco
1584 2297 1751 2362 scribitur:
1766 2297 1815 2362 ‘F
1816 2317 1851 2362 u·

494 2400 612 2464 niculis
627 2413 840 2485 peccatorum
857 2421 991 2466 suorum
1006 2403 1231 2486 unusquisque
1242 2403 1479 2485 constringitur
1491 2401 1507 2468 '.
1523 2401 1647 2467 Videte
1662 2402 1741 2486 quid
1752 2401 1853 2480 dicat,

377 2501 380 2506 '
496 2505 665 2570 Funiculis
692 2515 907 2588 peccatorum
933 2525 1067 2570 suorum
1095 2507 1323 2590 unusquisque
1352 2505 1599 2590 constringitur.
1616 2505 1768 2571 Funiculi
1795 2507 1851 2571 isti

493 2619 717 2700 peccatorum,
742 2610 804 2674 nisi
832 2609 928 2694 plura
954 2619 1093 2692 peccata
1117 2610 1300 2689 habuerim,
1323 2610 1395 2678 texi
1422 2630 1488 2676 non
1514 2619 1662 2694 possunt.
1680 2608 1717 2676 Si
1744 2629 1849 2676 unum
1870 2631 1902 2669 ιο

484 2723 669 2804 Ιιιικςιιιιιιιι
695 2714 812 2793 secero,
828 2733 895 2778 non
921 2722 991 2778 tam
1019 2709 1185 2779 funiculus
1201 2724 1260 2793 est,
1275 2735 1377 2800 quam
1394 2715 1488 2799 quasi
1505 2733 1609 2780 unum
1627 2713 1718 2780 filum
1735 2722 1794 2779 est.
1812 2713 1849 2780 Si

493 2829 606 2884 autem
621 2817 716 2882 filum
733 2837 837 2883 unum
853 2829 913 2896 est,
927 2817 996 2883 cito
1012 2817 1186 2901 rumpitur,
1199 2827 1234 2883 et
1249 2828 1364 2885 tenere
1390 2827 1425 2914 et
1448 2818 1553 2914 ligare
1577 2837 1647 2882 non
1672 2827 1794 2903 potest.
1812 2817 1850 2885 Si

492 2929 604 2986 autem
630 2920 724 3004 plura
750 2931 887 3004 peccata
914 2919 1044 3000 luerint,
1059 2933 1093 2987 et
1116 2907 1403 3008 prolongaverint
1410 2922 1613 3008 iniquitates,
1632 2923 1676 2988 de
1699 2921 1851 3008 pluribus

495 3025 639 3107 peccatis
655 3043 750 3109 quaer
741 3023 807 3087 de
823 3023 972 3108 pluribus
988 3023 1051 3090 tilis
1067 3024 1232 3092 funiculus
1248 3025 1294 3104 fit,
1309 3037 1342 3092 et
1358 3027 1451 3110 ligat,
1460 3037 1494 3094 et
1510 3045 1576 3090 non
1592 3026 1661 3090 cito
1676 3026 1849 3110 rumpitur.

497 3129 572 3192 Hoc
588 3138 696 3193 totum
713 3147 815 3209 quare
837 3127 936 3192 dixi?
952 3128 1041 3211 Quia
1057 3111 1198 3214 legimus
1224 3132 1256 3196 in
1283 3131 1348 3198 isto
1375 3131 1546 3210 versiculo,
1563 3130 1850 3215 Prolonguverunt
1869 3151 1900 3206 ις

487 3229 702 3316 'iniquitatem
719 3251 822 3296 suam.

483 3375 487 3384 -
535 3336 700 3400 Dorulaus
725 3335 831 3398 iustus
855 3334 1148 3404 conciditcrrvr'ccs
1170 3347 1377 3418 pcccatorum.
1395 3338 1518 3404 Videte
1544 3338 1625 3422 quid
1651 3337 1751 3403 dicat.
1767 3336 1847 3404 Non

491 3440 589 3519 dixit,
604 3439 749 3505 concidit
774 3448 965 3522 peccatores
981 3463 987 3504 :
1003 3440 1029 3502 si
1046 3451 1158 3508 autem
1186 3440 1248 3506 hoc
1271 3441 1423 3519 dixisset,
1439 3461 1538 3506 nemo
1562 3440 1682 3506 salvari
1706 3450 1850 3523 poterat,

491 3565 608 3611 omnes
624 3553 814 3628 peccatores
830 3562 952 3607 sumus.
971 3543 1037 3609 Sed
1054 3542 1135 3628 quid
1153 3543 1256 3610 dicit?
1274 3545 1440 3610 Dominus
1457 3544 1563 3610 iustus
1578 3545 1724 3609 concidit
1744 3545 1849 3609 cervi·

524 3761 606 3812 2sqq.
611 3745 818 3811 fabricabantur]
822 3745 1123 3810 fabricaveruntsunus
1134 3755 1259 3798 constant.
1360 3748 1431 3811 amc]
1440 3768 1491 3802 om.
1503 3769 1531 3815 μ.
1630 3749 1848 3815 pracccriatlante·

490 3829 558 3878 cedat
569 3829 601 3878 G.
670 3822 1089 3892 suequcenim]numquomcm'm
1104 3827 1155 3878 BC.
1224 3829 1586 3898 beumpartcm]raparth.
1654 3831 1670 3882 8
1672 3828 1774 3898 fratri]
1785 3831 1848 3894 SG;

483 3911 613 3976 sratrr'brcs
627 3925 662 3972 μς
676 3907 787 3972 fratrem
806 3923 881 3956 suum
896 3909 934 3968 B;
953 3925 1004 3959 om.
1018 3909 1047 3960 C.
1151 3922 1181 3959 10
1199 3909 1385 3976 conspiciebam]
1401 3913 1551 3979 conspicbaru
1564 3914 1605 3974 Gr
1624 3915 1805 3965 commeratae
1818 3915 1847 3966 S.

493 4003 523 4053 14
533 3984 759 4056 quotienscumque]
770 3989 1040 4055 codd3qrraquumqus
1048 3991 1126 4055 disp.
1199 3994 1333 4060 tstotr'ens]
1344 4010 1394 4045 om.
1407 4011 1435 4059 p.
1496 3994 1636 4062 fitlfictp..
1707 3993 1736 4045 18
1744 4011 1780 4062 sq.
1791 4012 1847 4045 rarr-

485 4065 873 4136 'rtrr'ngitrcrlconstringeturp.
961 4084 990 4135 19
1003 4068 1334 4138 Fum'culr'a‘rtr'lsurrr'ulur
1347 4093 1374 4140 μ.
1466 4077 1850 4144 aobabrccrr'ru1p3babccerr'rrt

491 4153 566 4203 codd.
639 4148 774 4218 passum]
780 4158 860 4215 potest
873 4168 900 4216 μ.
995 4155 1150 4216 ιιιιιιιιι]οιιι.
1166 4172 1194 4219 μ.
1287 4170 1318 4206 aa
1330 4165 1446 4209 tameat
1457 4155 1670 4225 tr'garcltencrr'rt
1681 4161 1845 4226 ligericodd.

492 4249 523 4299 23
531 4235 746 4300 prolongaverint]
759 4235 834 4298 puls
846 4241 854 4294 t
858 4251 903 4300 pro
910 4235 1127 4299 prolongabam?
1139 4236 1179 4286 Cl.
1189 4251 1264 4301 supra
1276 4238 1292 4287 l.
1303 4241 1345 4300 20)
1356 4258 1363 4298 ;
1373 4243 1560 4307 prolongaverit
1568 4243 1623 4294 cG.
1692 4253 1721 4305 27
1733 4243 1849 4306 contribit]

493 4317 579 4368 BcSG
592 4319 640 4382 (gr.
654 4309 824 4383 ouue'uobcvh
836 4317 942 4367 cancellat
954 4317 997 4381 pl,
1011 4318 1032 4368 C
1044 4333 1099 4384 sup.
1114 4317 1162 4370 lin.
1262 4319 1294 4369 28
1311 4318 1425 4381 cancriiit]
1444 4325 1550 4376 romelia
1563 4325 1651 4390 pact.
1751 4327 1849 4377 saiwi

485 4396 593 4463 poterat]
603 4401 702 4449 salvari
706 4407 824 4464 patuerat
835 4401 853 4450 S
864 4418 870 4460 ;
882 4401 980 4448 satum-c
985 4406 1103 4463 poteraut
1114 4401 1146 4451 G.

484 4617 488 4625 ι
535 4603 559 4644 ι.
572 4583 704 4667 extendo]
720 4586 793 4646 Phil.
812 4606 838 4662 3,
860 4605 901 4664 ι3.
1239 4593 1281 4648 18.
1297 4589 1517 4673 canstn'rrgr'tur]
1537 4594 1618 4653 Prov.
1637 4610 1667 4671 5,
1681 4545 1727 4658 aa.

537 4665 863 4748 16.me]1>e118,01.
1356 4707 1360 4710 -
