4092 5502
456 423 538 510 322
838 425 866 486 S
892 423 1147 486 HIERONYMI
1170 420 1435 487 PRESBYTERI

457 657 541 706 rum.
557 637 721 726 scriptura
735 647 770 706 et
793 655 899 724 usque
914 639 1015 706 hodie
1031 641 1064 704 in
1090 642 1251 708 memoria
1268 652 1327 722 est,
1343 645 1429 710 inter
1444 635 1582 710 nomina
1598 643 1808 710 sacerdotum

456 745 544 812 inter
566 743 741 830 pontifices
767 754 801 811 et
830 741 997 811 lohannes
1024 745 1223 812 nominatur.
1243 744 1295 814 Ita
1322 739 1429 814 ulrum
1446 749 1540 814 illum
1557 757 1591 814 et
1606 757 1759 814 sanctum
1775 755 1808 812 et

457 852 663 917 sacerdotem
699 849 800 916 fuisse
826 851 1038 934 perspicuum
1065 859 1134 916 est·
1150 850 1218 917 Sed
1243 861 1277 918 et
1313 871 1374 918 nos
1401 850 1544 936 legimus
1570 852 1603 916 in
1635 850 1810 934 evangelio

456 956 638 1023 secundum
650 956 840 1032 Lucam,de
854 973 977 1040 genere
992 955 1085 1020 illurn
1104 955 1204 1022 fuisse
1220 954 1428 1025 sacerdotali.
1443 962 1451 992 ⁸
1469 947 1555 1036 Fuit,
1565 955 1689 1040 lnquit,
1704 975 1809 1020 sacer·

455 1061 518 1126 doe
544 1060 722 1128 Zacharias
748 1060 943 1139 nomineet
970 1061 1032 1126 iste
1054 1061 1175 1126 invice
1200 1064 1323 1127 sua...'
1342 1064 1419 1128 Hoc
1445 1071 1558 1128 autern
1585 1061 1718 1146 pmptic
1743 1075 1809 1124 non
1847 1079 1861 1133 5

456 1164 667 1232 deserebatur
682 1165 745 1230 nisi
757 1164 963 1249 principibus
979 1165 1200 1244 sacerdotum,
1216 1165 1280 1232 hoc
1295 1175 1346 1232 est
1368 1159 1590 1250 pontificibus.
1609 1165 1687 1230 Hoc
1700 1173 1808 1230 totum

456 1285 559 1354 quare
573 1259 673 1335 dixi?
690 1271 740 1335 Ut
755 1269 900 1334 sciamus
915 1270 1015 1334 istum
1032 1289 1103 1334 esse
1120 1270 1323 1352 pontificem,
1338 1271 1396 1356 qui
1412 1271 1539 1338 sciebat
1556 1269 1716 1354 Xpistum
1737 1284 1810 1332 csse

457 1383 643 1453 venturum,
659 1383 694 1440 et
710 1375 869 1458 Xpistum
887 1393 953 1439 non
981 1375 1161 1458 quaerebat
1186 1376 1219 1440 ln
1247 1375 1383 1459 templo,
1398 1376 1456 1440 sed
1481 1378 1514 1440 in
1530 1377 1665 1441 deserto
1678 1389 1811 1456 sepera-

458 1490 551 1544 verat
577 1500 614 1545 se
639 1501 659 1544 a
687 1479 909 1545 multitudine.
937 1479 1052 1546 Oculis
1073 1479 1331 1563 expectantibus
1359 1479 1518 1564 Xpistum
1546 1469 1734 1544 ntnltzat'ud
1760 1475 1813 1540 di·

458 1604 562 1666 gnum
579 1593 630 1648 est
645 1584 792 1667 aspicere
815 1583 878 1647 nisi
895 1583 1063 1666 Xpistum.
1081 1584 1127 1651 Et
1142 1592 1213 1648 erat
1237 1582 1404 1648 lohannes
1425 1567 1788 1668 vestitus'pilis'car'neli
1805 1603 1813 1646 :
1831 1595 1865 1634 ¹⁰

459 1707 525 1752 non
543 1688 628 1764 lana,
644 1705 686 1752 ne
701 1686 861 1753 delicatas
877 1695 985 1752 vestes
1001 1696 1145 1769 putares.
1162 1688 1318 1772 Denique
1332 1695 1366 1753 et
1383 1689 1455 1771 ipse
1472 1689 1638 1752 Dominus
1653 1695 1766 1751 noster
1777 1685 1812 1748 in

458 1791 633 1874 evangelio
648 1791 807 1871 ἀσκήσεως
823 1791 926 1875 ἱρείης
942 1791 1037 1854 testis
1052 1777 1111 1855 est.
1127 1791 1245 1867 ‘Ecce
1259 1791 1377 1874 inquit,
1386 1791 1443 1875 qui
1460 1789 1617 1856 mollibus
1627 1790 1814 1854 vestiantur

459 1903 492 1967 in
509 1901 612 1967 domo
637 1921 751 1986 regum
768 1901 873 1967 sunt)
889 1901 988 1966 Nunc
1012 1902 1186 1966 veniamus
1201 1902 1409 1968 orationibus
1424 1902 1542 1966 vestris
1557 1903 1600 1966 ad
1617 1901 1811 1984 intellegen-

458 2007 540 2071 tiam
568 2006 760 2089 spiritalem.
776 2005 825 2070 Et
844 2015 917 2071 erat
942 2005 1103 2071 Iohannes
1125 2005 1262 2071 vestitus
1279 2006 1363 2090 pilis
1385 2007 1509 2085 cameli,
1522 2017 1555 2072 el
1578 2025 1661 2071 ecee
1679 2003 1813 2092 pellicia

458 2110 542 2176 circa
564 2109 688 2175 lrembos
702 2110 875 2204 eries-Ipse
897 2109 979 2175 dicit
996 2110 1166 2176 lohannes
1180 2131 1188 2175 t
1204 2117 1211 2145 ⁸
1230 2109 1329 2176 illum
1357 2120 1490 2196 oportet
1516 2127 1741 2188 erescerc‚·me
1755 2127 1811 2172 au·
1836 2121 1863 2177 ¹⁵

459 2225 527 2280 tem
545 2214 659 2280 minui.
675 2213 743 2308 Qui
766 2213 867 2278 habet
892 2234 1061 2298 sponsam,
1076 2234 1219 2297 sponsus
1243 2226 1315 2280 est:
1330 2217 1457 2281 amicus
1473 2225 1585 2281 autern
1602 2215 1716 2300 sponsi
1731 2233 1812 2298 gau·

460 2318 517 2384 dio
532 2319 665 2402 gaudet,
678 2318 835 2383 si·videat
851 2319 1041 2401 sponsum'
1059 2319 1104 2383 Et
1119 2319 1241 2384 deinde
1258 2320 1328 2404 ipse
1344 2319 1445 2385 dicit:
1460 2324 1468 2352 ⁸
1485 2319 1588 2385 Venit
1604 2317 1721 2383 sortior
1736 2326 1813 2400 post

461 2442 523 2501 me,
548 2421 642 2486 cuius
666 2441 733 2486 non
758 2441 831 2486 sum
857 2422 980 2506 dignus
1004 2422 1133 2488 solvere
1159 2423 1334 2508 corrigiam
1360 2421 1812 2512 calciamentorum'..Quorl

459 2527 550 2605 dicit,
566 2525 665 2590 Illum
691 2535 825 2609 oportet
843 2533 999 2605 crescere,
1014 2545 1067 2591 me
1089 2535 1202 2591 autern
1220 2527 1345 2592 minui:
1360 2537 1491 2610 oportet
1508 2527 1718 2610 evangelium
1744 2545 1813 2590 cre·

460 2651 560 2710 scere,
572 2639 750 2696 meantem
764 2615 999 2714 legem'minni.
1013 2627 1095 2695 Erat
1111 2631 1212 2714 igitur
1229 2630 1405 2708 Iohannes,
1416 2630 1479 2695 hoc
1495 2639 1555 2708 est,
1566 2631 1622 2694 lex
1639 2615 1672 2694 in
1691 2613 1813 2694 loban-
1832 2645 1863 2684 ω

461 2753 512 2812 ne,
527 2717 666 2799 vestitus
683 2734 766 2817 pilis
788 2734 907 2798 cameli
922 2757 929 2799 :
945 2753 1012 2799 non
1029 2741 1162 2818 poterat
1185 2733 1309 2798 habere
1334 2734 1481 2798 tunicam
1509 2735 1553 2798 de
1567 2753 1665 2816 agno.
1682 2733 1724 2798 dc
1746 2751 1813 2816 quo

460 2838 599 2903 dicitur‘
615 2837 706 2902 Ecce
729 2837 927 2921 agnusDci,
942 2855 1020 2901 ecce
1035 2838 1090 2919 qui
1107 2835 1197 2902 tollit
1222 2845 1361 2920 peccata
1376 2836 1504 2902 mundi
1517 2835 1534 2914 ’,
1550 2819 1677 2920 dequo
1693 2823 1813 2902 iterum

461 2941 714 3008 dicitur‘Sicut
740 2943 812 3007 ovis
838 2943 959 3006 ductus
985 2951 1036 3006 est
1053 2941 1086 3005 in
1114 2940 1316 3005 occisionem
1327 2941 1343 3004 '.
1366 2941 1419 3004 De
1442 2939 1499 3005 illo
1526 2941 1559 3004 in
1577 2939 1651 3024 lege
1666 2940 1812 3005 tunicam

463 3045 585 3111 habere
602 3067 669 3110 non
685 3053 872 3130 possumus.
890 3045 934 3109 Et
961 3064 1081 3109 zonam
1098 3043 1264 3126 pelliciam
1288 3041 1434 3107 habebat
1451 3043 1483 3106 in
1500 3043 1583 3126 lege,
1597 3029 1678 3126 quia
1695 3038 1813 3106 ludaei

463 3149 526 3214 boc
541 3151 649 3216 solum
665 3159 972 3234 putantpeccatum
989 3167 1069 3225 esse,
1084 3149 1176 3232 quod
1192 3167 1294 3233 opere
1309 3155 1468 3230 peccaut:
1483 3155 1630 3212 ceterum
1648 3144 1815 3209 Dominus
1832 3162 1862 3216 ας

462 3263 576 3319 noster
605 3254 698 3318 lesus
724 3255 758 3318 in
781 3253 989 3338 Apocalypsi
1012 3252 1182 3332 Iohannis,
1197 3252 1255 3336 qui
1282 3251 1414 3318 videtur
1437 3253 1523 3317 inter
1538 3260 1671 3334 septem
1694 3248 1813 3314 cande·

463 3357 565 3436 labra,
579 3367 612 3422 et
639 3357 784 3422 habebat
800 3377 920 3422 zonam
948 3376 1093 3434 auream,
1108 3375 1175 3420 non
1192 3356 1225 3419 in
1243 3353 1374 3432 lumbis,
1389 3354 1447 3417 sed
1464 3353 1497 3418 iu
1522 3362 1665 3436 pectore.
1682 3351 1756 3418 Lex
1780 3351 1812 3414 in

463 3459 585 3526 lumbis
611 3459 779 3546 cingitur:
794 3469 940 3524 ceterum
970 3459 1122 3542 Xpistus,
1136 3460 1200 3524 hoc
1216 3469 1267 3524 eet
1289 3458 1511 3540 evangelium,
1525 3465 1559 3522 et
1576 3455 1812 3524 monachornm

498 3651 507 3688 t
523 3640 591 3690 inter
600 3639 715 3705 nomina]
727 3638 772 3690 Π,
783 3655 833 3690 om.
848 3639 923 3690 inler.
1025 3649 1040 3687 2
1053 3639 1154 3702 interp.
1168 3637 1203 3698 et]
1216 3636 1260 3687 FL
1272 3654 1279 3696 ;
1290 3643 1315 3686 rt
1325 3637 1343 3687 i.
1353 3644 1381 3701 p.
1396 3652 1423 3705 χ.
1527 3647 1556 3684 12
1568 3631 1719 3699 ἀσκήσεως]
1730 3631 1814 3693 ῖως

463 3737 512 3771 om.
527 3737 555 3790 χ.
658 3733 687 3786 13
708 3735 794 3786 runem
811 3719 883 3784 mul]
904 3720 962 3771 Hoc
981 3721 1036 3771 loco
1057 3718 1206 3784 interposita
1226 3717 1363 3784 doxologin
1382 3716 1469 3783 incipit
1488 3717 1515 3768 in
1534 3732 1554 3786 χ
1573 3716 1679 3770 homilia
1697 3715 1812 3770 secmde.

465 3799 495 3852 18
505 3803 766 3872 currt'gianelxinser.
779 3803 841 3854 eius.
867 3827 878 3846 ι
945 3801 1097 3865 Quoddr'ril]
1118 3801 1156 3860 Ἐς
1175 3799 1346 3866 quidt'cs'lLt
1365 3801 1442 3866 qrresc'
1458 3799 1525 3850 debat
1535 3814 1563 3868 χ.
1664 3797 1815 3861 ululabat]

462 3885 549 3934 habeat
561 3885 581 3934 F
583 3885 606 3935 L
617 3885 659 3946 (ci.
673 3900 748 3950 supra
759 3901 784 3950 p.
799 3896 857 3948 319,
871 3885 887 3935 Ι.
899 3887 933 3948 3).

462 4033 773 4114 (anachoretarum...
794 4025 949 4114 'princeps
985 4034 1114 4096 loannes
1165 4032 1299 4110 aspicere
1309 4034 1324 4092 ¹.

462 4115 596 4194 Baptista
610 4117 665 4177 luit
679 4117 693 4196 ’·.
979 4172 989 4192 ,
1211 4135 1221 4172 ι
1228 4131 1254 4190 3.
1271 4133 1368 4188 regem
1382 4108 1463 4194 sunl]
1478 4113 1586 4175 Marcu.
1605 4131 1651 4186 rr,
1665 4115 1693 4174 8.

502 4189 616 4278 pstea]
630 4201 700 4259 Luc.
721 4219 744 4271 r,
762 4215 788 4276 5.
805 4200 832 4258 8.
1212 4199 1254 4254 16.
1270 4192 1382 4275 minui]
1398 4192 1443 4256 10.
1460 4213 1487 4270 3,
1504 4213 1550 4271 30.

502 4297 529 4356 9.
550 4273 873 4358 Oculiiexpectante'bus
886 4281 1023 4356 Xpt'rlum
1038 4279 1117 4340 nihil
1211 4297 1253 4350 η.
1271 4270 1417 4355 sponsum]
1433 4275 1504 4336 tbid.
1529 4295 1574 4352 29.

462 4361 549 4420 uliud
558 4353 679 4438 ligm
693 4357 881 4442 eslaspr'cere]
898 4361 1022 4422 Hieron.
1044 4379 1113 4422 con·
1211 4363 1255 4417 18.
1270 4353 1531 4438 calcamentorum]
1555 4359 1647 4418 Marc.
1669 4376 1692 4432 r,
1712 4377 1735 4433 7.

462 4457 507 4504 tra
530 4445 655 4506 Lucifer.
673 4461 711 4503 n.-
729 4461 744 4518 7
769 4441 886 4523 {oculis
910 4443 1114 4521 spectantibus
1208 4460 1254 4499 22.
1271 4435 1389 4518 mede]
1406 4439 1451 4497 Io.
1471 4458 1494 4512 r,
1513 4457 1559 4515 ²9·

464 4523 617 4586 Christum
632 4521 706 4584 nihil
716 4524 802 4602 ,aliud
817 4535 862 4584 est
884 4521 1025 4602 [dignatus
1039 4523 1114 4601 aspi·
1208 4541 1223 4579 2
1228 4517 1253 4598 3'.
1272 4523 1303 4579 in
1317 4517 1489 4601 ommonem]
1505 4522 1543 4580 Is.
1561 4538 1608 4598 53,
1626 4539 1651 4595 7.

464 4607 631 4685 cereltep.
651 4603 758 4684 i25,n.
776 4623 791 4681 7
808 4604 925 4667 ‘oculis
943 4607 1115 4668 'desideram-
1166 4635 1170 4643 ,
1208 4605 1253 4660 26.
1270 4603 1302 4662 r'n
1316 4598 1502 4682 Apocalypsi]
1521 4621 1545 4676 r,
1572 4621 1615 4679 ¹3·

465 4688 545 4748 tibus
559 4677 722 4751 *Christum
736 4686 818 4748 nibil
831 4687 916 4749 aliud
938 4688 1114 4765 dignabatur
1189 4715 1190 4720 κ
