4112 5496
529 825 1087 994 PRAEFA
1110 821 1338 995 ΠΟ.

320 1375 578 1485 Genuinis
604 1373 762 1479 sancti
809 1371 1115 1530 Hieronymi
1158 1373 1439 1510 operibus
1427 1417 1476 1481 rn
1509 1375 1610 1482 edi·

246 1517 478 1624 tionibus
498 1515 647 1622 etiam
675 1535 929 1650 praestant
933 1553 1116 1618 rssrmrs
1142 1555 1372 1650 proxrme
1406 1516 1610 1623 subiun-

245 1660 387 1819 gitur
412 1657 546 1763 haud
567 1697 750 1795 parvae
772 1653 919 1760 molis
940 1654 1079 1776 liber,
1101 1696 1189 1813 qur
1177 1655 1349 1762 't'mul
1317 1679 1379 1766 trs
1399 1658 1611 1766 saeculis

249 1843 303 1906 m
330 1799 624 1906 auctoritate
660 1796 803 1919 luit‚‘
831 1795 1189 1902 Breviarium
1178 1838 1227 1902 m
1255 1800 1518 1958 psalmos'
1545 1799 1610 1906 ab

247 1940 551 2100 antiquariis
583 1939 865 2098 inscriptus
899 1935 1075 2076 Quem
1116 1937 1373 2076 quidem
1362 1941 1611 2048 immerito

250 2083 376 2189 tanti
416 2122 635 2188 nomrnrs
661 2121 767 2184 vrro
799 2120 848 2184 rn
877 2102 1036 2183 totum
1070 2079 1222 2186 luisse
1246 2081 1521 2206 addictum,
1549 2125 1611 2190 ex

248 2267 356 2363 quo
376 2264 455 2330 ars
481 2221 651 2328 critica
676 2220 725 2326 in
753 2219 903 2327 rebus
930 2219 1165 2328 humanis
1156 2223 1370 2383 ..magis
1388 2223 1609 2361 prolecit‚

249 2406 406 2472 nemo
453 2364 620 2470 adhuc
661 2405 763 2468 non
794 2361 931 2484 vidit,
961 2403 1112 2468 nemo
1154 2363 1253 2470 iam
1296 2366 1372 2472 sui
1400 2407 1611 2504 compos

250 2505 559 2614 1nfitras1b1t

330 2647 661 2804 Quamquam
687 2685 807 2750 vero
828 2643 966 2782 operi
989 2645 1038 2750 in
1066 2645 1355 2754 universum
1384 2649 1609 2755 conside·

251 2813 363 2895 rato
411 2785 637 2895 salsitatis
701 2827 767 2890 no
771 2809 872 2890 tam
924 2827 1184 2924 rmponere
1245 2789 1608 2950 compellimur,

249 2929 477 3068 prolecto
521 2927 841 3067 perspicuum
888 2951 963 3033 est
945 2928 1217 3034 tmulta
1206 2970 1255 3034 m
1296 2973 1356 3036 eo
1393 2973 1608 3070 repenn,

249 3112 385 3210 quae
429 3109 599 3209 magni
652 3109 763 3208 Jure
811 3067 1152 3192 aestimentur,
1205 3069 1362 3177 immo
1402 3114 1611 3211 quaea

251 3253 457 3319 nemine
481 3211 579 3316 alio
620 3251 773 3349 quam
814 3209 1017 3348 abipso
1068 3211 1391 3352 Hieronymo
1426 3237 1610 3352 scripta

251 3393 364 3460 esse
397 3353 602 3511 videant
584 3375 672 3458 t.ur
709 3351 843 3456 Rem
885 3352 1295 3510 eloquentissime
1336 3395 1475 3462 more
1515 3397 1608 3461 suo

254 3537 347 3602 nec
398 3494 565 3600 minus
615 3492 833 3598 dilucide
883 3517 1116 3631 exposuit
1098 3495 1209 3598 t.l
1259 3497 1315 3601 B.
1375 3497 1605 3620 Bossuet,

259 3634 546 3742 Nleldensis
574 3634 653 3740 ille
673 3633 931 3771 quondam
960 3676 1242 3774 episcopus,
1271 3636 1372 3758 ubi,
1401 3679 1517 3743 cum
1544 3640 1609 3745 de

258 3777 475 3884 Psalmis
501 3775 773 3883 universim
805 3775 1083 3899 dissereret,
1111 3778 1253 3935 quasi
1286 3780 1609 3887 excusatione

251 3961 390 4042 usuS,
418 3961 507 4025 cur
546 3917 695 4025 etiarn
723 3959 785 4022 ex
835 3916 1145 4023 Breviario
1134 3960 1183 4024 rn
1228 3920 1461 4027 Psalmos
1487 3964 1608 4080 non-

251 4061 391 4168 nulla
434 4061 718 4199 prolaturus
768 4082 931 4165 esset:
984 4061 1234 4198 ‘Neque
1279 4103 1385 4185 nos,
1429 4063 1606 4202 inqui,

249 4200 379 4342 sugit
405 4202 499 4308 hos
525 4241 759 4307 commen
764 4222 914 4306 arros
938 4243 966 4306 a
996 4201 1112 4306 Sixt
1094 4225 1145 4306 to
1179 4203 1395 4309 Senensi
1423 4229 1471 4311 et
1453 4205 1608 4311 taliis

248 4367 430 4504 sancto
454 4342 563 4450 viro
589 4341 914 4448 abiudicatos.
953 4343 1138 4448 Nos
1096 4386 1203 4449 erus
1230 4386 1339 4451 esse
1377 4345 1605 4469 dicimus

246 4527 341 4626 qur
330 4484 876 4643 quadringentesimo
902 4484 1001 4590 lere
1039 4485 1230 4594 Christi
1196 4509 1399 4594 tanno
1430 4488 1611 4593 scribe-

245 4653 359 4738 ret:
404 4666 491 4767 qur
480 4625 707 4732 nullam
736 4649 1036 4731 memoraret
1018 4627 1324 4751 thaeresim,
1353 4671 1481 4766 quae
1509 4671 1611 4735 non

243 4793 433 4915 quarto
473 4767 675 4876 saeculo
702 4766 1001 4874 exstitisset:
1028 4769 1114 4905 qui
1156 4770 1391 4876 monachi
1432 4813 1612 4912 propo-

1517 4962 1538 5004 A
