4062 5504
678 409 725 467 nr
749 407 910 466 usuratu
933 409 988 480 vl,
1016 427 1069 483 1·7.
1471 423 1549 503 113

189 611 294 674 etiam
323 608 458 673 intulit:
484 608 550 672 ‘Et
575 608 649 672 alae
672 629 786 672 eorum
810 617 970 670 extentae
985 608 1130 690 desuper
1146 620 1298 690 quatuor,
1316 611 1448 691 singula
1464 611 1550 674 duas

189 713 365 776 habebant
391 713 462 776 alas
487 713 681 776 coniunctas
704 711 777 788 sibi,
793 722 826 774 et
842 711 971 774 duabus
988 713 1183 793 operiebant
1199 734 1340 795 corpora
1355 713 1443 779 sua'
1461 715 1550 779 Con-

190 818 377 881 sideremus
394 818 473 898 quid
491 818 601 880 dicat:
617 835 677 878 sua
694 815 851 878 velabant
867 837 1017 896 corpora,
1034 837 1100 878 non
1119 817 1184 878 Dei
1201 837 1207 892 ;
1224 829 1260 880 ut
1277 837 1336 899 per
1352 818 1433 880 haec
1449 821 1549 883 verba

189 923 372 997 discamus,
387 941 523 984 omnem
548 931 747 996 creaturam,
769 919 923 1001 quamvis
946 920 992 982 sit
1014 921 1231 996 rationabilis,
1248 932 1282 984 et
1306 932 1437 985 terrena
1459 935 1550 987 tran·

150 1053 169 1104 5
189 1025 293 1100 sient,
309 1035 422 1088 tamen
440 1025 639 1088 condicione
656 1023 847 1104 tragilitatis
864 1043 944 1085 suae
960 1023 1082 1100 Deum,
1098 1035 1135 1086 ut
1152 1035 1210 1100 est,
1227 1026 1338 1088 videre
1359 1046 1426 1088 non
1443 1047 1551 1108 posse,

190 1149 255 1191 nec
281 1129 408 1192 clarum
437 1129 547 1192 lumen
576 1129 646 1191 eius
671 1127 894 1208 caligantibus
922 1127 1027 1189 oculis
1047 1128 1176 1191 intueri.
1193 1128 1303 1210 Quem
1328 1150 1463 1193 sensum
1488 1133 1551 1195 sub

189 1232 267 1294 aliis
290 1231 400 1295 verbis
426 1232 514 1295 idem
543 1232 708 1314 propheta
733 1231 877 1312 mystica
902 1232 1093 1294 narratione
1109 1233 1290 1296 describit:
1306 1233 1372 1296 ‘Et
1388 1255 1466 1296 ecce
1482 1256 1550 1298 vox

190 1355 294 1418 super
320 1335 567 1399 firmamentum
595 1337 684 1418 quod
714 1345 783 1398 erat
807 1355 905 1416 super
928 1345 1029 1417 caput
1053 1354 1179 1412 eorum,
1197 1337 1292 1416 quasi
1319 1339 1405 1400 visio
1420 1339 1552 1420 lapidis,

190 1440 412 1503 similitudine
442 1439 576 1518 throni;
607 1449 640 1502 et
666 1459 766 1520 super
796 1438 1054 1502 similitudinem
1086 1437 1208 1516 throni,
1239 1439 1424 1504 similitudo
1454 1444 1551 1522 quasi

135 1576 173 1611 ro
191 1547 323 1626 species
347 1544 501 1608 hominis.
526 1544 571 1606 Et
593 1544 661 1607 vidi
685 1545 780 1625 quasi
804 1543 967 1605 visionem
984 1543 1098 1606 electri
1115 1565 1134 1606 a
1151 1544 1273 1607 lumbis
1289 1555 1322 1606 et
1340 1566 1465 1627 supra;
1482 1558 1515 1609 et
1532 1570 1552 1610 a

192 1649 330 1712 renibus
353 1650 508 1711 deorsum
535 1648 630 1729 quasi
648 1658 821 1728 aspectum
839 1648 937 1728 ignis,
952 1658 984 1710 et
1002 1647 1217 1729 splendorem
1235 1649 1266 1710 in
1292 1651 1443 1725 circuitu,
1458 1653 1553 1732 quasi

194 1754 358 1816 visionem
384 1772 479 1815 arcus
503 1753 535 1814 in
563 1752 650 1815 nube
676 1752 708 1814 in
735 1753 789 1814 die
815 1752 956 1833 pluviae.
983 1751 1078 1813 Haec
1101 1765 1171 1814 erat
1196 1753 1280 1814 visio
1304 1753 1493 1834 splendoris
1519 1757 1552 1817 in

193 1857 346 1934 circuitu,
361 1867 394 1920 et
410 1857 464 1918 hic
480 1867 634 1937 aspectus
651 1857 880 1919 similitudinis
897 1857 1023 1937 gloriae
1041 1855 1188 1920 Domini.
1206 1857 1212 1881 '
1235 1856 1313 1937 Qua
1329 1860 1554 1940 descriptione

194 1961 495 2036 demonstratum
525 1961 635 2023 Deum
660 1981 694 2022 sc
722 1980 865 2036 cernere,
886 1961 944 2022 sed
969 1959 1223 2023 similitudinem
1248 1961 1374 2041 gloriae
1392 1963 1555 2041 Domini;

138 2075 234 2146 15ut
262 2085 305 2126 ex
332 2065 551 2127 similitudine
576 2085 677 2145 quam
700 2064 783 2127 ierre
817 2085 882 2126 non
908 2065 1061 2139 sustinet,
1084 2073 1211 2144 quanta
1234 2064 1275 2125 sit
1300 2067 1421 2128 veritas
1446 2069 1554 2131 valeat

194 2169 367 2250 suspicari,
391 2168 485 2230 cuius
516 2167 698 2248 imaginem
730 2169 855 2231 sanctis
881 2168 1070 2249 quibusque
1100 2167 1258 2248 largitur:
1289 2169 1368 2249 quia
1399 2181 1553 2235 naturam

194 2273 331 2336 divinae
355 2273 538 2334 maiestatis
561 2283 711 2334 creatura
739 2292 806 2334 non
831 2267 1002 2352 conspicit.
1021 2271 1121 2335 Unde
1139 2273 1226 2334 idem
1245 2273 1409 2354 propheta
1426 2275 1458 2336 in
1476 2295 1553 2337 con-

195 2377 414 2458 sequentibus
437 2375 607 2456 loquitur:
630 2381 637 2407 ‘
655 2376 700 2438 Et
717 2377 856 2452 surrexi,
872 2385 905 2438 et
921 2395 1074 2456 egressus
1090 2396 1163 2437 sum
1181 2377 1214 2437 in
1229 2397 1385 2457 campum
1400 2398 1407 2454 ;
1424 2391 1456 2440 et
1478 2399 1555 2442 ecce

196 2481 246 2545 ibi
274 2480 379 2562 gloria
406 2479 545 2542 Domini
570 2479 682 2542 stabat
709 2482 794 2542 sicut
818 2480 902 2541 visio
921 2480 1048 2560 gloriae
1065 2500 1165 2561 quarn
1183 2481 1273 2561 prius
1290 2482 1439 2544 videram
1456 2503 1556 2564 super

136 2617 176 2654 20
195 2585 334 2648 fluvium
352 2583 540 2660 Chobar,et
556 2585 641 2647 cado
657 2583 821 2646 infaciem
841 2604 949 2646 meam
964 2583 988 2661 '3
1004 2594 1040 2645 ut
1056 2584 1247 2645 ostenderet
1264 2584 1465 2648 invisibilem
1482 2606 1555 2648 esse

196 2691 321 2766 Deum,
336 2698 369 2751 et
390 2708 491 2750 omne
506 2688 597 2768 quod
614 2688 788 2750 conditum
810 2698 860 2750 est
884 2685 1103 2750 Conditorem
1121 2707 1217 2749 suum
1235 2687 1349 2750 videre
1366 2708 1432 2750 uon
1450 2709 1556 2770 posse.

197 2792 359 2874 Legimus
385 2791 418 2854 in
447 2792 632 2872 cvangelio,
662 2812 738 2854 cum
764 2789 1019 2872 transfiguratus
1043 2791 1211 2852 Dominus
1236 2789 1351 2854 luisset
1375 2793 1407 2853 in
1433 2802 1557 2870 monte,

195 2896 359 2961 cecidisse
382 2895 553 2976 apostolos
578 2896 610 2958 in
641 2895 759 2959 iaciem
783 2915 889 2970 suam,
913 2895 1073 2977 quoniam
1099 2894 1241 2976 gloriam
1259 2894 1369 2956 vultus
1387 2895 1457 2957 eius
1474 2896 1557 2958 ferre

198 3021 268 3064 non
285 3011 448 3081 poterant.
466 2999 543 3063 Nou
560 3000 668 3062 solum
691 3001 780 3062 enim
795 3000 887 3061 Deus
905 2999 1004 3061 Pater
1019 2999 1243 3076 omnipotens,
1256 2999 1313 3060 sed
1328 2999 1429 3062 etiam
1445 2999 1558 3078 Filius,

140 3135 178 3187 25
198 3107 235 3168 id
259 3115 309 3168 cst
332 3124 442 3166 sermo
466 3104 540 3178 Dei,
569 3104 666 3166 iuxta
690 3114 844 3166 naturam
869 3122 964 3166 suam
989 3101 1164 3165 invisibilis
1190 3111 1249 3164 est.
1269 3100 1499 3183 Quamobrem
1525 3117 1558 3168 et

198 3207 330 3272 visibile
350 3208 438 3270 idern
463 3207 646 3270 humanum
664 3227 783 3288 corpus
799 3207 989 3288 assumpsit,
1011 3215 1047 3268 ut
1064 3226 1122 3288 per
1138 3205 1172 3270 id
1190 3207 1280 3287 quod
1298 3207 1401 3270 videri
1419 3219 1560 3290 poterat,

199 3332 358 3396 praesens
376 3311 469 3373 Deus
486 3311 659 3373 invisibilis
682 3311 880 3393 loqueretur.

247 3416 331 3479 Cum
356 3415 419 3477 hoc
445 3435 545 3477 nemo
569 3415 711 3490 dubitet,
728 3434 858 3477 rursum
877 3413 1041 3494 Origenes
1065 3415 1107 3476 de
1125 3413 1290 3496 Seraphin
1307 3417 1494 3496 disputans,
1511 3419 1558 3480 sic

200 3539 243 3583 ea
259 3537 358 3598 super
374 3537 564 3581 mensuram
578 3537 673 3580 suam
691 3518 815 3595 laudat,
832 3528 867 3580 ut
885 3517 1007 3579 Filium
1026 3517 1090 3578 Dei
1108 3518 1328 3599 blasphemet,
1345 3529 1378 3581 et
1396 3520 1559 3600 Spiritum

241 3649 272 3698 29
284 3637 395 3697 Filium]
406 3637 493 3685 Filius
504 3637 534 3686 C.

248 3756 274 3795 2.
297 3732 365 3814 sua]
391 3737 498 3795 Erech.
526 3755 551 3795 c.
582 3757 606 3808 1,
633 3756 706 3796 vers.
735 3756 792 3805 113
819 3755 854 3810 ²3
952 3755 994 3811 13.
1017 3733 1152 3816 Domini]
1176 3737 1283 3795 Ezech.
1310 3755 1467 3812 1,25—2,1
1492 3758 1562 3798 con-

203 3818 353 3876 mendose
365 3819 447 3892 apud
458 3817 634 3888 Amellium‚
650 3837 684 3892 13
697 3837 766 3877 vero
775 3817 856 3876 iuxta
909 3828 1021 3876 stanter
1037 3818 1116 3875 iuxta
1132 3837 1281 3890 graecum.

205 3898 399 3973 Mercati,qui
409 3911 438 3957 et
450 3898 559 3974 ipse‚ut
569 3899 666 3959 verbis
678 3897 858 3974 Hieronymi
951 3895 1105 3978 comeam]
1117 3899 1258 3972 Ezech.3‚
1267 3919 1281 3955 2
1288 3917 1304 3973 3
1316 3897 1387 3956 itern
1399 3919 1434 3958 ex
1444 3920 1559 3975 graeco.

203 3993 281 4052 utar,
305 3979 417 4057 (Tract.
444 3981 483 4039 de
509 4000 551 4056 ps.
580 3997 625 4055 ῃ,
648 3981 712 4038 111²
734 3984 782 4049 60,
809 3977 857 4054 18)
952 4000 997 4050 24·
1014 3981 1160 4037 sedetiam
1176 3981 1308 4038 bilius...
1335 3981 1491 4040 invisibilis
1509 3980 1561 4061 est]

204 4063 300 4120 ‘dum
326 4079 454 4120 errorem
478 4063 664 4132 emendaret,
685 4061 756 4120 t'ecit
782 4079 858 4120 erro·
910 4063 1065 4122 Consonat
1083 4061 1208 4120 Hieron.
1224 4060 1255 4118 in
1271 4062 1442 4122 Comrnent.
1466 4063 1562 4122 Isaiae

202 4143 295 4202 rem'.
311 4141 468 4217 Simulque
483 4142 641 4201 considera
666 4142 714 4200 hic
736 4161 858 4218 quoque
911 4143 938 4200 h.
965 4142 983 4200 l.
1009 4141 1128 4220 (Migne
1152 4162 1198 4214 24,
1223 4161 1261 4217 94
1285 4145 1362 4217 sq.):
1388 4145 1455 4202 ‘Ad
1479 4147 1562 4217 quod

202 4243 242 4284 ex
257 4241 373 4300 graecu,
390 4223 419 4282 in
440 4223 669 4282 Commentario
693 4243 762 4282 vero
789 4225 859 4282 Eze·
911 4225 1168 4297 respondebimus,
1187 4243 1246 4280 non
1263 4225 1360 4280 solunt
1378 4227 1471 4281 Patris
1492 4227 1563 4283 divi-

202 4303 310 4364 cbielis
325 4303 405 4362 iuxta
421 4304 604 4363 Hebraicam
627 4305 780 4364 veritatem
796 4323 860 4380 pro·
912 4304 1044 4374 nitatem,
1061 4305 1168 4363 sedne
1185 4305 1251 4362 Filii
1262 4304 1387 4378 quidem
1398 4317 1427 4362 et
1437 4306 1563 4381 Spiritus

202 4386 275 4446 ferri
301 4384 528 4444 testimonium:
555 4405 615 4444 non
632 4401 677 4444 est
699 4385 788 4461 igitur
808 4404 861 4443 cur
912 4385 1017 4456 sancti,
1033 4385 1103 4461 quia
1119 4405 1177 4442 una
1193 4384 1222 4442 in
1235 4385 1382 4443 Trinitate
1395 4401 1498 4444 natura
1509 4403 1563 4459 est,

202 4477 364 4541 tantopere
399 4465 521 4525 miretur
558 4466 685 4526 Mercati
715 4469 860 4526 Nostrum
914 4485 1001 4539 posse
1030 4469 1134 4525 oculos
1163 4467 1259 4524 carnis
1285 4467 1456 4541 aspicere„
1486 4471 1564 4544 Ergo

203 4547 322 4624 optime
337 4565 405 4605 eum
425 4547 594 4619 Ambrosio,
612 4567 672 4606 uon
695 4567 764 4605 cum
789 4547 861 4605 Hie·
915 4547 972 4605 Dei
996 4559 1102 4606 natura
1127 4567 1187 4605 non
1213 4547 1351 4619 cernitur,
1368 4550 1421 4607 sed
1448 4548 1565 4610 videtur

204 4628 386 4705 ronyrniano
401 4629 631 4689 Commentario
646 4631 839 4688 concordare.
913 4627 1095 4700 hominibus,
1113 4641 1142 4686 ut
1159 4629 1293 4688 voluerit.
1307 4629 1314 4656 '

234 4757 348 4798 naamon
358 4755 513 4798 armonian·
523 4755 568 4806 111.
579 4771 597 4806 3.
1492 4771 1515 4809 ¹5
