4160 5500
497 398 579 505 362
872 421 900 478 s
927 417 1180 480 ntanournr
1206 417 1469 478 sussurrant

497 645 625 720 patrem
653 634 856 718 spiritalem:
880 655 946 699 non
971 635 1146 700 dimittunt
1171 645 1309 717 patrem,
1325 637 1382 699 sed
1409 635 1583 700 inveniunt
1612 648 1751 720 patrem.
1778 637 1856 702 Hoc

497 749 604 805 totum
622 759 723 822 quare
739 738 835 802 dixi?
853 738 901 803 Ut
917 739 1128 803 ostenderem
1146 738 1178 802 in
1196 739 1289 803 vultu
1311 737 1494 804 Salvatoris
1510 738 1636 824 aliquid
1653 740 1755 806 luisse
1770 741 1852 806 divi·

498 863 588 923 num,
613 843 702 927 quod
732 844 883 907 videntes
908 843 1061 908 homines
1077 843 1310 925 sequebantur.
1338 844 1500 908 Dicamus
1527 856 1560 910 et
1585 845 1675 910 aliud
1702 847 1850 912 testimo·

496 949 597 1014 nium.
613 953 620 981 ‘
639 947 683 1012 Et
699 967 784 1026 ecce,
800 947 916 1030 inquit,
931 965 1007 1012 cum
1036 947 1199 1022 transiret,
1214 947 1298 1011 vidit
1324 950 1504 1030 quemdam
1527 949 1697 1016 hominem
1716 951 1849 1016 nomine

497 1049 720 1128 Matthaeum,
745 1060 779 1115 et
805 1051 893 1115 dixit
918 1051 957 1128 ei,
982 1051 1129 1132 Sequere
1155 1069 1216 1113 me.
1235 1049 1279 1112 Et
1302 1051 1428 1116 dimisit
1444 1054 1567 1132 omnia,
1582 1064 1615 1118 et
1643 1065 1776 1120 secutus
1801 1067 1848 1119 est
1880 1069 1892 1122 5

495 1178 571 1221 eum
589 1156 605 1221 ’.
621 1157 700 1220 Non
718 1156 800 1220 vidit
824 1157 956 1238 signum
971 1175 978 1216 :
994 1153 1051 1216 sed
1077 1151 1257 1217 auctoritas
1281 1153 1313 1216 in
1339 1154 1484 1220 iubendo
1499 1157 1632 1240 signum
1649 1157 1720 1222 tuit.

541 1261 649 1344 Coepit
673 1261 768 1324 eicere
791 1259 961 1324 uendentes
975 1267 1007 1320 et
1020 1266 1157 1321 ementes
1179 1257 1214 1320 in
1232 1257 1354 1340 templo.
1381 1259 1417 1324 Si
1434 1260 1497 1323 hoc
1514 1259 1546 1324 in
1565 1259 1708 1338 Iudaeis,
1724 1271 1848 1344 quanto

496 1366 602 1450 magis
618 1364 652 1428 in
670 1365 765 1429 nobis
777 1370 790 1426 t
801 1365 837 1430 Si
855 1363 918 1427 hoc
935 1363 967 1426 in
985 1361 1066 1442 lege,
1083 1370 1211 1445 quanto
1228 1361 1334 1444 magis
1347 1363 1383 1426 in
1400 1363 1597 1444 evangelio?
1614 1363 1734 1447 Coepit
1745 1365 1847 1428 eicere

494 1470 677 1535 vendentes
694 1478 727 1533 et
743 1477 901 1533 ementes.
921 1464 1049 1548 Pauper
1065 1464 1206 1548 Xpistus
1230 1465 1350 1530 divites
1369 1466 1511 1532 Iudaeos
1528 1465 1604 1532 eicit
1620 1467 1804 1533 vendentes
1816 1477 1846 1531 et

495 1581 653 1637 ementes.
670 1572 716 1635 Et
743 1571 800 1653 qui
816 1571 939 1646 vendit,
957 1569 1061 1651 etqui
1085 1568 1176 1646 emit,
1192 1568 1343 1634 similiter
1369 1567 1494 1635 eicitur.
1511 1569 1590 1633 Non
1606 1569 1708 1634 debet
1730 1567 1847 1653 aliquis
1867 1595 1894 1631 ro

495 1677 626 1740 dicere:
643 1673 718 1755 Ego
746 1667 835 1757 quod
854 1694 964 1738 meum
982 1681 1033 1737 est
1059 1670 1171 1748 offero,
1188 1691 1325 1736 munera
1351 1673 1579 1738 sacerdotibus
1606 1672 1651 1737 do
1676 1694 1749 1758 ego,
1764 1675 1847 1740 sicut

496 1777 588 1840 Deus
605 1778 780 1860 praecepit.
799 1777 958 1860 Legimus
975 1777 1007 1839 in
1024 1776 1090 1840 alio
1107 1776 1181 1839 loco
1199 1777 1358 1858 scriptum
1375 1799 1382 1840 ε
1399 1781 1405 1807 ‘
1422 1777 1533 1842 Gratis
1549 1778 1734 1860 accepistis,
1747 1781 1849 1862 gratis

494 1878 573 1943 date
583 1878 598 1944 ’.
616 1879 731 1944 Gratia
755 1881 844 1945 enirn
864 1881 927 1945 Dei
954 1901 1020 1945 non
1037 1880 1200 1956 venditur,
1216 1880 1274 1943 sed
1300 1881 1453 1945 donatur.
1479 1880 1556 1946 Non
1577 1891 1709 1948 tantum
1735 1881 1790 1946 ille
1812 1884 1846 1947 in

494 1975 593 2064 culpa
608 1993 659 2047 est
674 1984 730 2066 qui
755 1986 880 2062 vendit,
896 1985 953 2049 sed
985 1984 1091 2067 etqui
1107 1981 1370 2066 emit.'Denique
1396 1983 1514 2048 Simon
1542 2004 1659 2068 magus
1676 2004 1742 2050 non
1771 1986 1847 2068 quia

494 2085 653 2164 vendidit,
679 2088 736 2150 sed
754 2088 833 2170 quia
858 2107 966 2151 emere
989 2085 1102 2161 voluit,
1118 2086 1297 2151 damnatus
1313 2095 1371 2150 est.
1390 2087 1507 2172 Usque
1534 2089 1634 2154 hodie
1661 2091 1693 2154 in
1722 2090 1847 2173 templo
1868 2116 1893 2168 ις

496 2188 591 2254 multi
619 2199 698 2254 sunt
722 2192 778 2274 qui
805 2193 963 2259 vendunt.
990 2190 1113 2256 Infelix
1137 2199 1187 2256 est
1215 2192 1270 2275 qui
1305 2193 1429 2269 vendit,
1456 2193 1573 2258 infelix
1597 2203 1648 2259 est
1678 2195 1735 2277 qui
1759 2194 1847 2258 emit.

494 2293 610 2358 Gratia
635 2295 724 2358 enim
751 2295 864 2377 Xpisti
889 2316 970 2360 auro
997 2307 1031 2387 et
1054 2306 1194 2378 argento
1219 2315 1284 2359 non
1316 2305 1428 2376 potest
1452 2299 1635 2382 conparari.
1651 2297 1699 2362 Et
1721 2319 1849 2363 mensas

495 2398 803 2464 nummulariorum.
829 2401 973 2464 Mensas.
993 2400 1060 2466 Ubi
1077 2399 1247 2464 debebant
1262 2419 1334 2462 esse
1352 2419 1455 2482 panes
1471 2403 1708 2486 propositionis
1725 2413 1758 2469 et
1773 2425 1846 2487 gra·

494 2505 614 2568 tiarum
629 2504 704 2581 Dei,
716 2505 760 2568 ibi
772 2506 929 2569 avaritiae
946 2505 1101 2569 victimae
1117 2513 1202 2569 sunt.
1222 2504 1267 2568 Et
1285 2523 1418 2568 mensas
1434 2504 1742 2572 nummulariorum.
1755 2506 1846 2570 Ava'-

493 2607 569 2673 ritia
586 2610 795 2674 sacerdotum
820 2610 938 2673 altaria
954 2630 1020 2673 non
1048 2619 1126 2673 sunt
1153 2608 1282 2685 altaria,
1296 2609 1354 2672 sed
1380 2629 1514 2674 mensae
1539 2609 1847 2676 nummulariorum.
1866 2637 1895 2674 ιο

491 2713 539 2778 Et
557 2713 728 2778 cathedras
744 2715 951 2779 vendentium
975 2714 1136 2778 columbas
1153 2713 1329 2778 'subuertit
1344 2713 1530 2779 Columbae
1551 2733 1615 2777 non
1634 2715 1850 2782 includuntur

495 2821 609 2904 utique
626 2821 658 2884 in
677 2821 854 2900 cathedris,
869 2819 926 2884 sed
946 2819 977 2882 in
1001 2819 1120 2882 caveis.
1138 2818 1249 2882 Nemo
1265 2817 1438 2883 columbas
1455 2818 1487 2882 in
1504 2818 1670 2882 cathedris
1698 2819 1850 2899 includit,

493 2927 550 2990 sed
568 2927 600 2988 in
618 2926 736 2990 caveis.
756 2927 800 2990 Et
815 2926 986 3009 quomodo
1013 2943 1101 2988 nunc
1118 2923 1208 3001 dicit,
1225 2923 1269 2987 Et
1284 2923 1461 2989 cathedras
1478 2921 1693 2986 vendentium
1721 2922 1848 2987 colum·

492 3032 550 3096 bas
567 3031 755 3095 subvertit?
771 3026 895 3094 Videte
919 3025 1009 3114 quod
1027 3028 1131 3092 dicit:
1148 3028 1204 3111 qui
1228 3026 1429 3106 vendebant,'
1445 3028 1476 3092 in
1494 3026 1661 3092 cathedris
1677 3026 1849 3092 sedebant.

492 3137 624 3220 ‘Super
651 3135 855 3212 cathedram,
882 3135 999 3218 inquit,
1027 3133 1136 3215 Moysi
1169 3133 1326 3197 sederunt
1357 3133 1483 3197 scribae
1508 3139 1542 3194 et
1570 3130 1737 3194 Pharisaei
1754 3132 1769 3193 ¹.
1797 3133 1849 3196 De
1868 3159 1895 3212 25

492 3243 564 3308 istis
591 3240 758 3306 cathedris
785 3250 819 3303 et
846 3239 995 3323 psalmus
1022 3236 1188 3319 loquitur:
1215 3236 1285 3300 ‘Et
1310 3237 1342 3298 in
1359 3236 1517 3300 cathedra
1542 3235 1751 3318 pestilentiae
1780 3255 1847 3300 non

492 3346 579 3410 sedit
590 3345 606 3410 '.
623 3345 710 3409 Vere
729 3345 887 3410 cathedra
905 3341 1123 3426 pestilentiae,
1138 3359 1225 3423 quae
1242 3340 1355 3404 vendit
1371 3339 1552 3416 columbas,
1567 3339 1681 3403 vendit
1702 3343 1847 3422 gratiam

492 3451 636 3536 Spiritus
652 3452 767 3516 sancti.
780 3450 909 3514 Multae
922 3446 1099 3512 cathedrae
1117 3454 1193 3509 sunt
1210 3464 1313 3527 usque
1331 3444 1438 3520 hodie,
1455 3453 1540 3527 quac
1556 3445 1704 3507 venduut
1721 3444 1847 3508 colum-

492 3558 561 3620 bas.
578 3555 645 3638 Qui
662 3528 776 3620 vendit
792 3553 975 3630 columbas,
990 3570 1056 3615 non
1084 3558 1161 3626 stat,
1177 3549 1235 3612 sed
1253 3548 1369 3613 sedet:
1386 3567 1451 3611 non
1469 3556 1519 3611 est
1535 3560 1672 3626 erectus,
1688 3551 1745 3614 sed
1767 3565 1847 3614 con·

493 3671 618 3724 tractus
629 3669 688 3725 est.
703 3660 740 3722 ln
752 3660 892 3723 eoenim
903 3657 992 3741 quod
1010 3653 1125 3718 vendit
1140 3653 1283 3735 gratiam
1296 3651 1370 3728 Dei,
1386 3663 1575 3718 contractus
1591 3663 1650 3730 cst,
1666 3665 1700 3720 et
1709 3654 1847 3720 humilis
1867 3681 1897 3734 ³0

493 3775 551 3830 est
581 3765 647 3830 Sed
674 3763 840 3827 Dominus
858 3772 977 3839 noster,
993 3759 1049 3842 qui
1066 3758 1157 3822 venit
1174 3767 1210 3820 ut
1234 3755 1375 3819 salvaret
1391 3756 1480 3838 quod
1506 3755 1656 3837 perierat,
1683 3757 1846 3824 subvertit

494 3891 560 3935 non
577 3890 634 3934 eos
650 3868 707 3953 qui
723 3867 924 3944 vendebant,
939 3864 997 3929 sed
1014 3861 1189 3928 cathedras
1205 3860 1441 3925 vendentium:
1457 3859 1689 3926 auctoritatem
1707 3863 1842 3928 subver-

493 3974 543 4066 tit,
559 3973 701 4038 salvabit
717 3983 832 4037 autem
849 3971 1009 4034 homines
1025 3959 1073 4032 Et
1088 3985 1158 4044 narr,
1176 3963 1291 4048 inquit,
1312 3963 1497 4028 dimittebat
1512 3975 1550 4028 ut
1563 3965 1728 4047 dfferreret
1748 3971 1847 4052 pread-

526 4155 557 4205 27
576 4143 645 4205 Vere]
657 4141 746 4208 scripsi
758 4160 765 4203 ;
778 4157 836 4192 uera
849 4157 876 4209 χ.

536 4283 561 4340 6.
577 4277 654 4360 eune]
672 4279 778 4339 Matth.
797 4295 823 4350 9,
842 4297 868 4351 9.
1199 4265 1346 4359 institores
1371 4269 1516 4330 sedebant
1531 4269 1561 4330 in
1583 4273 1739 4337 cathedris.
1756 4276 1849 4353 Quod

539 4381 582 4438 13.
594 4359 673 4441 date]
691 4361 796 4420 Matth.
818 4379 862 4429 10,
879 4359 905 4416 8.
1199 4360 1317 4426 penitus
1331 4350 1493 4412 absurdum
1505 4353 1639 4430 est,quia
1652 4354 1683 4416 in
1698 4359 1847 4420 cathedris

538 4465 582 4502 22.
598 4446 648 4503 sed
664 4446 696 4502 iu
709 4437 812 4519 caereis]
838 4439 963 4498 Hieron.
988 4435 1018 4496 in
1036 4433 1141 4494 Matth.
1199 4433 1403 4508 magistrorum
1420 4435 1512 4512 magis
1535 4435 1847 4513 dignitasindicatur'

498 4545 543 4600 er,
564 4545 596 4583 12
610 4545 653 4603 sq.
672 4531 679 4556 ⁸
696 4525 782 4583 quta
794 4520 959 4598 simplicem
975 4518 1144 4594 intellegen-
1196 4523 1252 4574 etc.

495 4609 567 4668 tiam
582 4607 739 4667 columbae
755 4623 817 4664 non
832 4611 916 4664 erant
941 4601 971 4660 in
986 4600 1143 4669 cathedris,
1242 4611 1285 4670 25.
1304 4593 1472 4682 Pharisaei]
1489 4599 1596 4659 Matth.
1615 4621 1661 4678 23,
1679 4622 1704 4662 2.
1780 4607 1782 4612 '

494 4691 549 4751 sed
574 4687 605 4748 in
625 4688 732 4762 eureis,
760 4686 815 4745 nisi
840 4686 914 4744 lorte
939 4680 1145 4741 columbarum
1243 4682 1287 4735 ab.
1304 4695 1361 4735 riou
1382 4679 1467 4758 sedit]
1484 4682 1528 4742 Ps.
1550 4701 1572 4754 ι,
1594 4703 1617 4742 r.
