4202 5492
666 431 923 493 TRACTATUS
947 432 1003 491 DE
1027 433 1193 495 PSALMO
1216 435 1344 495 XCVII.
1603 439 1677 524 147

323 647 475 724 Cantante,
501 651 725 732 cogitatione:
752 651 884 732 psallite
908 670 995 727 vero,
1011 649 1074 714 hoc
1099 659 1159 728 est,
1185 650 1341 715 omnibus
1370 652 1527 716 membris
1554 655 1679 719 vestris.

325 751 449 816 Psallat
467 773 585 818 manus
602 755 634 818 in
651 754 854 837 elemosyna,
869 754 991 838 psallat
1008 774 1066 837 pes
1082 754 1207 818 vadens
1224 755 1256 818 in
1273 775 1373 838 opere
1390 757 1486 822 bono.

366 854 506 919 Psallr'te
532 855 675 920 Domino
700 857 735 922 in
763 859 899 924 cr'tlrara.
917 857 1044 924 Omnes
1065 859 1186 922 cordae
1201 869 1330 923 vestrae
1350 861 1482 925 vocales
1509 862 1584 927 sint.
1601 862 1678 927 Non

324 969 433 1042 potest
450 980 522 1024 esse
538 961 673 1038 cithara,
690 964 717 1026 si
734 984 800 1028 una
825 964 926 1028 corda
942 963 1093 1029 desuerit.
1110 961 1199 1044 Quid
1216 962 1276 1027 tibi
1305 966 1440 1047 prodest
1456 965 1483 1028 si
1499 966 1543 1028 sis
1561 976 1681 1044 castus,
1740 987 1744 996 ·

290 1081 304 1135 5
324 1071 358 1127 et
375 1063 419 1126 sis
435 1070 580 1128 avarus?
597 1063 686 1148 Quid
704 1067 764 1130 tibi
781 1069 926 1150 prodest,
941 1068 968 1132 si
986 1069 1030 1132 sis
1047 1077 1079 1133 et
1094 1076 1215 1145 castus,
1226 1068 1253 1130 si
1269 1067 1314 1130 sis
1330 1078 1363 1132 et
1380 1067 1491 1151 largus
1508 1069 1540 1132 in
1557 1070 1680 1135 elemo-

324 1189 452 1253 synam,
468 1180 502 1235 et
518 1172 649 1236 invidus
665 1172 728 1236 sis?
745 1172 835 1255 Quid
852 1173 912 1237 tibi
936 1173 1082 1257 prodest,
1097 1172 1124 1234 si
1140 1191 1202 1235 sex
1222 1171 1340 1236 cordas
1357 1173 1502 1254 integras
1517 1172 1681 1252 habueris,

324 1281 358 1336 et
374 1293 474 1337 unam
493 1279 650 1358 ruptam?
671 1275 706 1339 Si
724 1296 790 1339 una
805 1277 906 1338 corda
922 1295 988 1339 non
1018 1274 1125 1352 suerit,
1141 1273 1306 1356 perlectus
1331 1275 1478 1340 citharae
1492 1297 1593 1342 sonus
1609 1299 1681 1345 esse

325 1397 391 1440 non
408 1378 538 1460 poterit.
554 1378 595 1441 ln
618 1379 704 1442 tuhr's
730 1378 907 1444 ductilibus
919 1389 952 1443 et
966 1399 1037 1444 voce
1061 1378 1155 1442 tubae
1169 1400 1305 1443 corneae.
1328 1379 1488 1462 Legimus
1504 1381 1538 1443 in
1555 1381 1681 1446 Nume·
1702 1459 1707 1468 ι

325 1498 435 1542 rorum
453 1479 537 1543 libro
546 1480 615 1545 duo
630 1503 753 1566 genera
770 1503 842 1547 esse
860 1483 1035 1546 tubarum:
1052 1503 1154 1548 unum
1172 1501 1277 1564 genus
1298 1502 1371 1546 esse
1387 1482 1543 1547 tubarum
1559 1484 1683 1550 ductile

276 1606 306 1642 ιο
325 1601 370 1645 ex
391 1591 541 1664 argent0,
555 1593 589 1647 et
605 1585 695 1650 aliud
712 1606 785 1650 esse
802 1606 908 1668 genus
924 1586 1079 1650 tubarum
1105 1605 1311 1652 comeatum.
1328 1586 1420 1668 Ergo
1435 1584 1489 1650 hic
1505 1595 1684 1672 utrumque

324 1686 467 1750 dicitur:
485 1685 525 1750 ln
552 1688 641 1752 tubis
657 1690 836 1755 ductilibus
852 1701 886 1755 et
902 1710 983 1754 voce
998 1690 1100 1754 tubae
1117 1707 1267 1756 corneae.
1284 1689 1384 1772 Quod
1401 1690 1530 1769 dicitur,
1545 1691 1608 1756 hoc
1624 1702 1684 1756 est.

326 1791 424 1859 Tuba
439 1793 573 1858 ductilis
587 1814 630 1857 ex
648 1805 788 1878 argento
801 1814 911 1860 sermo
928 1793 992 1856 Dei
1008 1802 1069 1858 est.
1082 1799 1090 1825 ⁴
1105 1793 1249 1876 Eloquia
1266 1793 1404 1858 Domini
1422 1793 1556 1877 eloquia
1570 1803 1684 1860 casta:

327 1905 501 1981 argentum
530 1897 607 1980 igne
634 1899 878 1976 examinatum,
904 1905 1084 1980 purgatum
1117 1895 1309 1980 septuplum
1338 1897 1352 1962 ’.
1379 1897 1525 1964 Rursum
1547 1897 1580 1964 in
1603 1918 1685 1964 voce

325 2002 428 2065 tubae
443 2017 592 2080 corneae,
616 2002 669 2066 hic
686 2022 829 2086 regnans
847 2002 1014 2066 inducitur
1029 2001 1078 2064 vir
1094 2000 1168 2064 Dei.
1186 2001 1225 2065 In
1242 2001 1412 2083 scripturis
1428 2001 1561 2086 proprie
1579 2021 1683 2066 cornu

278 2126 308 2179 15
326 2124 387 2188 pro
403 2124 506 2188 regno
521 2105 642 2168 dicitur
666 2116 698 2170 et
718 2126 779 2189 pro
803 2106 963 2189 potentia,
979 2105 1063 2168 sicut
1090 2104 1134 2168 ibi
1156 2104 1315 2186 scriptum
1332 2119 1405 2168 est:
1421 2109 1429 2136 ‘
1446 2104 1565 2168 Erexit
1581 2125 1684 2169 cornu

326 2209 443 2273 salutis
467 2208 596 2274 nobis'
620 2210 665 2273 Et
693 2211 726 2273 in
755 2208 821 2272 alio
849 2207 923 2272 loco
949 2209 1204 2290 scriptumest:
1231 2208 1349 2270 ‘Inte
1375 2205 1527 2272 inimicos
1555 2217 1685 2272 nostros

327 2311 561 2376 ventilabimus
587 2333 690 2378 cornu
707 2313 721 2378 ’.
751 2313 843 2397 Ergo
858 2313 969 2377 videte
993 2311 1047 2374 hic
1074 2311 1153 2394 quid
1170 2311 1269 2376 dicat.
1295 2311 1389 2374 Duas
1405 2311 1563 2376 habetote
1579 2312 1688 2391 tubas,

328 2426 363 2480 et
378 2425 570 2502 argenteam
598 2427 631 2481 et
658 2436 833 2481 corneam:
849 2426 1052 2498 argenteam,
1068 2425 1104 2479 ut
1120 2414 1272 2479 habeatis
1295 2435 1482 2480 sermonem
1498 2439 1505 2480 :
1521 2436 1688 2494 corneam,

329 2530 367 2586 ut
396 2519 548 2585 habeatis
584 2523 750 2586 virtutem.
782 2520 894 2585 Vultis
920 2520 1002 2583 scire
1026 2520 1184 2602 quoniam
1211 2539 1312 2582 cornu
1337 2538 1469 2603 semper
1499 2520 1532 2584 in
1563 2519 1687 2585 bonam

280 2652 313 2688 ιο
329 2634 458 2708 partem
484 2627 644 2709 ponitur?
670 2626 828 2708 Legimus
855 2625 886 2688 in
914 2625 1063 2688 Levitico
1078 2627 1108 2686 :⁴
1132 2622 1271 2687 Nullum
1300 2624 1424 2688 animal
1441 2621 1599 2689 offeratur
1625 2625 1687 2688 nisi

328 2733 565 2817 quodcumque
580 2741 755 2796 cornutum
776 2739 833 2794 est.
851 2729 857 2755 ¹
876 2729 954 2792 Tria
970 2749 1092 2812 genera
1115 2726 1309 2792 animalium
1332 2727 1536 2792 offeruntur:
1552 2728 1613 2794 bos
1630 2729 1687 2812 qui

329 2857 451 2901 cornua
468 2837 578 2914 habet,
593 2845 627 2900 et
643 2837 727 2900 aries
743 2835 798 2918 qui
816 2853 940 2897 cornua
962 2832 1072 2910 habet,
1088 2842 1121 2896 et
1136 2833 1246 2896 hircus
1258 2833 1314 2915 qui
1338 2852 1462 2896 cornua
1478 2831 1588 2897 habet.
1606 2832 1687 2898 Sine

329 2961 438 3018 causa,
455 2949 562 3024 putas,
577 2940 697 3004 dicitur
712 2948 748 3004 ut
765 2937 894 3003 nullum
907 2935 1065 3001 offeratur
1081 2935 1216 3014 animal,
1232 2936 1293 2999 nisi
1309 2937 1400 3018 quod
1417 2945 1595 3001 cornutum
1612 2942 1687 3000 est?

332 3045 378 3108 Et
402 3064 464 3108 nos
490 3064 571 3127 ergo
595 3043 755 3127 quamdiu
782 3042 945 3106 habemus
972 3061 1085 3118 cornu,
1111 3060 1274 3105 meremur
1300 3040 1435 3104 victima
1461 3059 1533 3104 esse
1560 3039 1633 3106 Dei.
1651 3040 1688 3105 Si

282 3173 313 3226 ²5
331 3158 443 3215 autem
461 3168 563 3213 cornu
590 3159 740 3213 nostrum
760 3147 858 3212 luerit
874 3164 1064 3223 excussum,
1085 3146 1180 3228 quasi
1195 3143 1323 3209 debiles
1340 3163 1464 3222 sumus,
1480 3155 1512 3208 et
1529 3143 1562 3208 in
1582 3165 1688 3209 saeer-

331 3253 427 3316 dotes
444 3252 508 3316 Dei
525 3253 636 3316 venire
652 3272 718 3315 non
736 3269 923 3334 possumus.

375 3355 555 3422 Moveatur
568 3377 658 3420 mare
672 3365 704 3419 et
711 3353 884 3438 plenitudo
895 3354 972 3418 eius.
985 3353 1162 3418 Moveatur
1178 3373 1277 3431 mare,
1293 3364 1326 3417 et
1347 3373 1480 3417 amarae
1498 3372 1605 3434 aquae
1619 3373 1689 3416 mu-

368 3549 540 3611 londoardo
552 3548 576 3618 β
662 3551 786 3614 membris]
799 3552 907 3601 menbris
920 3551 949 3601 B.
1034 3549 1168 3610 2Psallat]
1176 3549 1289 3613 psallant
1305 3549 1336 3600 C.
1422 3547 1691 3612 ynmsmrisscodd5

332 3633 441 3697 desuerit
452 3631 477 3700 β,
493 3633 518 3682 Η
530 3631 557 3682 in
570 3647 662 3682 rasura.
747 3645 775 3682 12
786 3635 830 3695 est]
844 3631 883 3702 βΟ
897 3633 970 3683 inser.
982 3641 1012 3682 et.
1095 3646 1123 3694 ¹4
1137 3629 1253 3696 regamus]
1265 3648 1354 3696 rogans
1366 3631 1398 3683 G.
1477 3641 1505 3694 15
1514 3639 1561 3697 pro
1568 3630 1691 3695 potentia]

334 3719 351 3768 S
363 3733 414 3767 non
427 3727 503 3783 repet.
514 3726 569 3782 pro.
644 3715 672 3766 18
684 3723 825 3779 argenteam
837 3733 856 3765 e.
871 3731 890 3765 c.
904 3712 1056 3780 argenteam]
1067 3721 1195 3778 argenteas
1206 3722 1229 3762 et
1239 3729 1346 3775 corraeos,
1358 3721 1487 3779 argenteas
1499 3714 1524 3765 S.
1603 3725 1635 3761 20
1646 3714 1690 3761 Lc-

333 3799 417 3859 vilr'ro]
430 3799 450 3847 C
464 3799 535 3851 inser.
550 3809 586 3852 ut.
686 3793 816 3862 mfiratur]
832 3797 981 3862 mfirehatrrr
990 3796 1043 3845 Deo
1055 3797 1081 3846 S.
1184 3809 1213 3844 22
1226 3800 1329 3862 cornua]
1343 3797 1404 3856 BC;
1422 3813 1499 3846 cornu
1515 3794 1616 3863 pHGP,
1630 3796 1690 3846 Sex

334 3895 444 3928 cornum.
545 3889 576 3944 25
588 3881 618 3929 r'n
629 3879 770 3940 sacerdotes]
782 3879 856 3928 codd.
869 3897 876 3939 ;
890 3881 957 3928 inter
967 3895 986 3928 s.
1002 3876 1017 3945 β
1030 3895 1037 3936 ;
1049 3879 1084 3926 ad
1092 3894 1111 3927 s.
1129 3878 1154 3926 H
1169 3891 1182 3925 2
1195 3895 1227 3927 m.
1242 3894 1299 3944 sup.
1312 3879 1356 3929 lin.

335 4053 433 4116 dicere
448 4073 509 4114 non
523 4065 567 4116 est
582 4055 671 4115 huius
685 4053 924 4132 temporis'5ep.
937 4057 984 4127 84,
1037 4073 1101 4130 sqq.
1140 4054 1334 4130 ‘Quomodo
1369 4049 1449 4114 enim
1485 4049 1596 4112 cithara
1630 4070 1690 4112 non

337 4155 364 4196 n.
381 4138 399 4195 6
416 4141 423 4167 ‘
438 4137 508 4196 Non
534 4147 579 4196 est
604 4134 691 4196 huius
717 4135 866 4213 temporis,
883 4147 986 4194 contra
1039 4134 1144 4194 emittit
1160 4137 1292 4195 vocalem
1310 4153 1416 4195 sonum
1442 4145 1532 4210 atque
1547 4133 1692 4210 composi·

336 4217 445 4294 dogma
471 4237 677 4295 perversum...
696 4218 781 4293 ’;ep.
812 4235 877 4294 133,
892 4235 920 4276 n.
952 4237 986 4292 ¹3
1039 4215 1256 4290 tunr,sisaltem
1269 4216 1449 4276 unachorda
1462 4213 1693 4292 ruptaiuerit...’

340 4299 409 4358 ‘De
436 4299 542 4360 ceteris
571 4318 632 4359 non
660 4309 704 4358 est
733 4299 820 4358 huius
845 4298 987 4374 temporis
1081 4299 1107 4356 8.
1124 4299 1156 4356 in
1172 4297 1369 4356 Nurrrerorum
1385 4293 1470 4376 libro]
1485 4315 1510 4354 c.
1532 4315 1575 4354 ro.

340 4379 465 4440 scribere
480 4382 507 4453 ’3
533 4382 655 4440 Advers.
683 4379 776 4439 Iovin.
797 4400 821 4451 1,
839 4397 872 4454 3¹
893 4380 986 4438 ‘Non
1084 4375 1380 4458 13.sepruplum]12s.
1402 4399 1445 4450 11,
1464 4395 1487 4451 7.

341 4470 384 4519 est
397 4460 484 4521 huius
498 4461 648 4538 temporis,
666 4461 695 4519 in
711 4479 823 4520 morem
839 4477 990 4520 commen·
1086 4463 1129 4519 16.
1147 4461 1225 4518 nobis
1255 4461 1325 4518 Luc.
1346 4479 1371 4530 1,
1387 4463 1434 4533 69.

344 4541 452 4599 uarii..)
465 4563 474 4616 ;
489 4543 611 4617 Quaest.
628 4541 709 4600 hebr.
726 4541 755 4600 in
782 4543 890 4603 Genes.
910 4562 955 4613 ιο,
972 4542 990 4598 6
1087 4559 1131 4615 17·
1146 4560 1233 4599 cornu
1264 4543 1308 4598 Ps.
1336 4559 1384 4615 43,
1401 4543 1427 4598 6.
1453 4539 1540 4600 Coni.
1558 4557 1647 4615 supra
1663 4559 1690 4616 p.

346 4623 425 4682 ‘non
440 4622 529 4682 huius
543 4621 600 4682 ioci
617 4641 672 4682 nec
697 4623 838 4698 temporis
852 4633 897 4682 est
912 4624 918 4650 ¹
933 4633 988 4682 etc.
1046 4640 1111 4692 124,
1127 4623 1144 4680 l.
1162 4643 1188 4692 4.

384 4722 409 4774 4.
424 4705 511 4763 corda
524 4699 659 4782 desuerit]
676 4704 758 4762 Hier.
772 4701 801 4762 in
819 4705 857 4766 Is.
886 4707 929 4775 rb,
956 4723 987 4760 11
1086 4721 1130 4760 ao.
1149 4704 1179 4761 r‘rr
1194 4697 1329 4780 [teutria]
1346 4701 1418 4760 ubi?
