4092 5502
564 439 819 503 TRACTATUS
842 439 900 500 DE
923 437 1090 502 PSALMO
1111 437 1267 503 CXLVII.
1513 437 1590 520 301

241 659 316 738 dici,
336 659 510 725 videamus
533 678 620 743 quae
654 663 721 729 sint
744 682 837 727 serae
861 659 1040 748 portarum.
1066 658 1155 723 Vere
1178 658 1267 723 enim
1293 656 1452 724 ecclesiae
1476 663 1593 740 portae

241 765 425 849 prophetae
455 775 554 830 sunt:
577 765 639 828 nisi
664 785 723 849 per
747 767 928 852 prophetas
955 766 1129 832 ecclesiam
1160 765 1288 849 ingredi
1316 784 1382 830 non
1405 779 1593 846 possumus.

241 869 460 935 Manichacus
490 870 612 935 intrare
640 871 745 936 voluit
770 870 841 934 sine
878 871 994 954 portis,
1017 879 1050 936 et
1077 889 1144 934 non
1172 867 1317 933 intravit.
1345 866 1496 932 Marcion
1524 884 1591 929 non

241 973 356 1057 recipit
382 983 478 1038 vetus
503 982 751 1052 testamentum,
776 983 809 1039 et
839 975 911 1039 sine
937 975 1041 1058 portis
1065 975 1186 1040 veteris
1213 972 1407 1036 testamenti
1427 971 1462 1035 in
1492 988 1593 1034 evan·

208 1090 223 1148 5
240 1075 363 1160 gelium
379 1077 503 1142 intrare
518 1097 584 1164 non
602 1078 720 1160 potuit.
737 1077 810 1143 Nos
825 1097 905 1161 ergo
932 1077 1109 1161 recipimus
1135 1084 1250 1160 portas
1278 1074 1468 1158 prophetas,
1484 1081 1519 1139 et
1535 1091 1593 1156 per

240 1189 353 1262 portas
376 1182 588 1265 ingredimur.
605 1182 672 1248 Sed
700 1183 873 1248 videamus
898 1202 983 1265 quae
1007 1182 1074 1248 sint
1100 1201 1194 1247 serae
1218 1190 1396 1263 portarum.
1421 1178 1520 1244 Multi
1546 1177 1591 1242 la·

239 1295 360 1362 trones,
377 1286 472 1350 multi
489 1287 576 1350 fures
590 1287 730 1370 cupiunt
746 1287 869 1351 intrare
885 1305 943 1369 per
958 1296 1080 1370 portas.
1096 1290 1103 1320 ‘
1120 1285 1249 1351 Omnes
1265 1287 1413 1370 quiante
1429 1305 1483 1351 me
1494 1305 1591 1350 vene-

239 1397 325 1468 runt,
340 1388 428 1454 fures
444 1389 575 1454 fuerunt
588 1400 622 1454 et
638 1389 784 1454 latrones
799 1390 816 1455 '.
833 1391 903 1456 Osi
919 1400 953 1454 et
969 1389 1049 1454 mihi
1066 1391 1263 1456 concederet
1276 1391 1453 1468 Dominus,
1469 1400 1505 1455 ut
1521 1409 1592 1454 sera

239 1513 345 1557 essem
363 1495 405 1559 de
420 1496 525 1578 portis
541 1494 622 1561 Sion
638 1495 644 1558 !
662 1494 699 1561 Si
723 1495 797 1578 quis
820 1495 1061 1560 haereticorum
1079 1516 1137 1578 per
1152 1494 1225 1558 illas
1241 1497 1273 1559 in
1294 1495 1456 1576 evangelii
1481 1495 1593 1576 dispo·

193 1617 221 1657 ιο
238 1597 392 1661 sitionem
406 1598 505 1663 vellet
516 1599 647 1674 intrare,
657 1619 720 1681 ego
732 1609 854 1664 starem
868 1600 900 1663 in
914 1599 1028 1683 portis,
1037 1608 1070 1664 et
1082 1599 1292 1681 prohiberem
1306 1599 1408 1664 illurn.
1424 1598 1592 1681 Quoniam

238 1701 440 1768 confortavit
455 1720 545 1766 seras
561 1711 732 1784 portarum
745 1702 1111 1770 tuarumconfortavit.
1123 1705 1177 1768 Da
1190 1703 1271 1768 mihi
1284 1704 1428 1787 aliquem
1441 1703 1594 1768 ecclesia·

238 1806 358 1870 sticum
375 1805 482 1869 virum
500 1805 671 1888 scripturis
695 1805 893 1871 caelestibus
921 1808 1108 1873 eruditum:
1124 1809 1236 1874 venire
1254 1807 1467 1886 Eunomium,
1482 1807 1594 1873 venire

242 1909 387 1989 Arrium,
399 1909 482 1973 velle
495 1909 611 1975 tollere
626 1909 752 1994 aliquid
770 1913 812 1976 de
828 1912 999 1995 prophetis
1011 1921 1129 1976 contra
1140 1933 1201 1978 nos
1216 1937 1223 1977 :
1236 1932 1302 1976 non
1314 1921 1381 1976 stat
1396 1911 1492 1996 quasi
1502 1911 1593 1975 sera?

240 2033 306 2077 non
334 2013 437 2077 vincit
463 2013 559 2096 quasi
588 2020 686 2079 sera?
714 2015 882 2098 Quoniam
910 2015 1111 2080 confortavit
1135 2036 1225 2080 seras
1253 2026 1423 2099 portarum
1451 2025 1593 2080 tuarum.

191 2137 221 2192 rs
241 2117 381 2182 Pulchre
396 2117 493 2196 dixit,
508 2116 708 2183 confortavit
722 2143 729 2184 :
741 2130 777 2184 ut
792 2121 929 2203 quando
944 2121 1066 2185 videris
1083 2120 1189 2185 virum
1202 2120 1463 2185 ecclesiasticum
1480 2121 1592 2202 dispu-

240 2231 378 2300 tantem,
388 2240 454 2284 non
469 2230 565 2304 putes
578 2221 670 2286 illum
683 2243 756 2288 esse
766 2226 823 2307 qui
836 2225 996 2308 disputat,
1008 2226 1065 2290 sed
1077 2226 1134 2308 qui
1144 2224 1310 2290 confortat
1322 2224 1594 2290 ecclesiasticum.

241 2323 287 2389 Et
303 2324 402 2406 adipe
414 2323 571 2389 frumenti
584 2325 709 2391 satians
725 2335 767 2391 te.
783 2332 790 2360 ‘
808 2327 891 2406 Nisi,
903 2329 1020 2413 inquit,
1032 2349 1173 2412 granum
1192 2329 1290 2394 tritici
1307 2329 1473 2404 ceciderit,
1483 2329 1592 2411 ipsum

239 2427 347 2494 solum
364 2428 492 2494 salvum
509 2431 592 2494 erit:
608 2431 635 2494 si
651 2440 764 2495 autem
781 2432 852 2515 ipse
868 2433 1031 2512 ceciderit,
1042 2433 1166 2498 multos
1181 2433 1291 2498 salvos
1308 2433 1387 2498 facit
1399 2433 1415 2498 '.
1427 2433 1593 2498 Dominus

239 2543 353 2597 noster
368 2554 508 2616 granum
526 2535 625 2599 tritici
653 2534 686 2598 in
714 2546 834 2600 terram
851 2537 979 2615 cecidit,
996 2547 1029 2600 et
1055 2558 1115 2602 nos
1141 2538 1382 2622 multiplicavit.
1399 2538 1466 2605 Sed
1491 2538 1591 2602 istum

190 2653 222 2696 co
239 2657 379 2721 granum
396 2638 553 2704 frumenti
570 2639 825 2721 pinguissimum
842 2649 901 2719 est,
918 2641 1098 2706 medullam
1121 2641 1232 2720 habet,
1248 2643 1380 2724 adipem
1398 2641 1508 2718 habet,
1520 2640 1592 2724 pin·

238 2744 417 2826 guedinem
434 2743 544 2808 habet
563 2744 608 2809 Et
624 2744 723 2827 adipe
739 2743 895 2809 frumenti
910 2747 1036 2810 satians
1051 2755 1094 2812 te.
1106 2746 1203 2810 Felix
1219 2755 1279 2824 est,
1293 2747 1350 2829 qui
1367 2746 1400 2809 in
1425 2744 1592 2808 frumento

238 2850 304 2912 isto
320 2848 453 2932 adipem
471 2847 643 2930 intellegit.
661 2848 820 2930 Legimus
831 2858 964 2914 sanctas
976 2851 1164 2934 scripturas.
1178 2851 1254 2932 Ego
1269 2868 1389 2932 corpus
1408 2849 1482 2912 Iesu
1493 2866 1592 2910 evan-

237 2951 362 3033 gelium
380 2958 632 3035 puto;sanctas
656 2952 835 3035 scripturas
863 2964 946 3038 puto
969 2955 1155 3020 doctrinam
1184 2955 1262 3018 eius.
1281 2955 1325 3019 Et
1349 2953 1485 3037 quando
1511 2950 1592 3016 dicit

237 3054 327 3137 ‘Qui
344 3075 411 3119 non
428 3055 610 3120 comederit
626 3075 758 3122 carnem
780 3077 889 3123 meam
906 3069 939 3124 et
954 3059 1075 3124 biberit
1091 3059 1288 3141 sanguinem
1307 3077 1418 3121 meum
1435 3057 1452 3133 ',
1467 3055 1544 3120 licet
1561 3065 1594 3118 et

186 3161 271 3230 asin
290 3160 449 3242 mysterio
476 3159 581 3243 possit
606 3160 764 3244 intellegi,
779 3170 890 3225 tamen
917 3183 992 3226 vere
1018 3181 1138 3246 corpus
1162 3161 1275 3244 Xpisti
1304 3169 1337 3224 et
1364 3161 1499 3242 sanguis
1523 3158 1593 3222 eius

274 3346 373 3412 iVere]
386 3343 625 3412 13veraeiietcet.
711 3349 1288 3416 2nisipcrprophetns]codd31inepropfrrtir
1301 3347 1326 3410 β.
1417 3350 1497 3412 35inc
1505 3346 1595 3412 portis]

235 3433 261 3480 si
272 3445 322 3478 non
337 3437 386 3494 per
398 3437 487 3494 portas
498 3429 522 3478 G
534 3429 644 3493 (proscd
654 3447 704 3480 non
718 3434 888 3496 perportatil
986 3436 1082 3498 elnon]
1093 3431 1196 3480 sednon
1208 3430 1235 3480 S.
1339 3430 1466 3491 Marcion]
1478 3429 1593 3478 Martion

236 3514 278 3564 CS
290 3531 297 3573 ;
310 3512 445 3562 Marchiorr
457 3513 495 3562 GI
507 3529 515 3571 ς
528 3513 655 3563 Marciam
668 3514 697 3563 B.
773 3528 789 3576 4
800 3515 899 3578 recipit]
910 3515 1000 3578 recepit
1012 3514 1087 3574 BSG,
1101 3513 1122 3563 C
1134 3529 1200 3563 corr.
1221 3525 1225 3533 '
1274 3521 1288 3573 7
1300 3520 1360 3562 ante
1371 3513 1418 3573 nte]
1430 3511 1473 3563 SG
1485 3526 1536 3560 nm.
1547 3524 1593 3558 mr.

235 3609 252 3658 9
264 3593 304 3656 in]
314 3611 365 3645 nm.
380 3595 447 3646 SGi.
547 3595 741 3659 dispositionem]
752 3596 921 3660 dispositiones
933 3597 945 3646 1
958 3614 965 3654 ;
976 3597 1155 3661 disputationes
1166 3595 1193 3646 S.
1207 3595 1247 3646 Cf.
1261 3595 1450 3660 inscriptionem
1463 3595 1518 3644 cod.
1533 3593 1556 3644 G
1569 3591 1595 3642 in

235 3680 323 3730 adnot.
337 3679 392 3730 crit.
406 3678 475 3744 adp.
492 3691 514 3738 1,
529 3679 545 3729 l.
562 3691 572 3727 1
589 3677 742 3744 ‘dispositio
753 3679 788 3730 sci
800 3677 933 3729 hieronimi
945 3695 1001 3743 sup.
1014 3679 1060 3728 sal.
1076 3677 1082 3699 '
1183 3691 1209 3729 ιι
1227 3678 1498 3742 Consortavit1Barld.
1511 3691 1595 3734 rerasr

236 3777 288 3812 non
301 3769 378 3828 repet.
394 3758 559 3829 βςειιριιιιει.
574 3761 600 3810 in
613 3761 643 3812 C.
747 3762 931 3825 rascn'pturis]
949 3762 979 3810 de
989 3760 1122 3825 scripturis
1134 3760 1163 3810 C.
1264 3759 1414 3821 caelestibus]
1430 3759 1528 3808 dr'rtinis
1546 3757 1592 3806 Gi.

235 3844 376 3906 erwfitum]
390 3843 405 3910 β
417 3845 490 3894 inser.
505 3843 530 3894 si
539 3843 640 3893 viderit.
744 3851 772 3903 13
784 3851 821 3905 sq:
833 3856 883 3890 non
933 3837 993 3899 non]
1001 3855 1084 3889 nonne
1131 3855 1212 3888 nonne
1226 3837 1249 3906 β.
1354 3838 1382 3888 18
1391 3836 1500 3897 salvum]
1509 3851 1560 3885 om.
1572 3835 1592 3884 1.

235 3925 367 3990 ipse1C83
380 3927 462 3989 iprmn
476 3923 501 3992 β.
584 3937 612 3986 ι9
624 3923 711 3985 istum]
725 3923 780 3981 BG,
794 3922 814 3971 C
830 3934 839 3970 ι
854 3938 896 3982 m;
909 3923 979 3971 istud
990 3920 1034 3990 βὸ,
1049 3921 1070 3972 C
1082 3937 1136 3984 sup.
1151 3921 1195 3972 lin.
1280 3935 1312 3973 20
1318 3922 1499 3987 pingrudinom
1512 3918 1593 3979 tator]

236 4023 288 4057 om.
304 4004 329 4075 β.
429 4019 461 4068 24
471 4006 609 4068 convedrrit]
620 4005 775 4055 corumderit
786 4004 807 4056 C
818 4019 881 4054 corr.
983 4014 1013 4067 25
1026 4004 1231 4070 vero1ABCGIS
1243 4023 1251 4065 ;
1264 4007 1349 4055 verius
1362 4004 1386 4072 β.

278 4156 306 4217 8.
321 4152 458 4236 latrones]
476 4157 519 4215 lo.
540 4174 583 4226 10,
600 4157 627 4214 8.
945 4171 1030 4214 verus
1057 4165 1101 4214 est
1131 4164 1227 4230 potus,
1258 4154 1338 4212 iuxta
1366 4156 1508 4229 ἀναγωγήν
1537 4150 1596 4209 hoc

282 4255 326 4314 ¹7·
338 4238 417 4310 Nisi,
430 4238 530 4313 inquit
538 4233 609 4318 etc]
624 4237 710 4299 Conf.
726 4237 830 4296 lohan.
847 4255 892 4308 12,
944 4235 1040 4295 solnm
1070 4235 1215 4296 habemus
1243 4235 1274 4293 in
1300 4233 1447 4310 praesenti
1476 4233 1597 4292 saeculo

240 4337 277 4392 24
294 4338 337 4396 sq.
944 4315 1438 4388 bonum,sivescan1urcarneeius
1453 4324 1597 4376 eteruore

279 4395 543 4480 24.meum]10.6,
561 4416 605 4476 54.
944 4409 1089 4474 potemur,
1114 4417 1175 4456 non
1199 4397 1296 4457 solum
1322 4396 1352 4455 in
1373 4395 1521 4472 mysterio,
1544 4395 1598 4454 sed

280 4500 324 4558 ²5·
343 4501 405 4541 vere
428 4491 528 4558 corpur
551 4481 656 4556 Xpisti
675 4502 697 4542 e.
722 4502 742 4542 s.
759 4503 780 4541 e.
801 4499 893 4539 sermo
942 4479 1031 4539 etiam
1058 4477 1088 4537 in
1112 4476 1321 4556 scripturarum
1342 4478 1479 4540 lectione.
1501 4479 1598 4535 Verus

236 4564 448 4641 scripturarum
472 4559 524 4641 est]
550 4562 674 4623 Hieron.
692 4563 721 4622 in
748 4564 846 4623 Eccle.
863 4581 890 4638 3,
943 4560 1022 4621 enim
1037 4559 1122 4620 cibus
1136 4570 1166 4619 et
1180 4569 1277 4636 potus,
1293 4558 1345 4636 qui
1367 4579 1402 4620 ex
1422 4558 1513 4621 verbo
1539 4557 1597 4618 Dei

241 4663 253 4701 r
259 4663 276 4720 3
293 4645 349 4722 (M.
374 4665 421 4722 23,
451 4665 524 4720 1092
542 4643 582 4712 Α)
596 4647 708 4705 ‘Porro
727 4645 798 4722 quia
822 4662 892 4703 caro
943 4640 1206 4713 sumitur‚scientia
1220 4641 1429 4720 scripturarum
1444 4643 1513 4702 est'.

239 4725 364 4788 Domini
377 4746 463 4789 verus
478 4739 521 4788 est
536 4724 620 4786 cibus
644 4739 675 4788 et
695 4725 814 4804 sanguis
829 4723 892 4786 eius
