4154 5494
447 407 530 514 198
820 427 849 488 s,
874 427 1128 490 nmuouuur
1152 431 1416 496 enusumunr

860 695 934 768 DE
968 695 1191 774 PSALMO
1222 699 1395 776 cvlltt.

491 933 592 998 Dirit
602 932 767 998 Dominus
784 932 923 997 Domino
939 954 1024 998 meo:
1042 935 1124 1000 Sede
1138 957 1160 1000 a
1174 937 1299 1002 dextris
1315 939 1402 1002 ruem.
1419 937 1576 1003 Psalmus
1591 936 1716 1002 David
1733 937 1800 1002 Da·

448 1037 503 1102 vid
519 1037 641 1120 estqui
658 1035 813 1120 loquitur,
829 1041 1001 1123 propheta,
1018 1043 1067 1107 vir
1091 1053 1236 1122 sanctus,
1251 1065 1320 1110 rex.
1338 1046 1412 1110 Rex
1431 1065 1511 1128 ergo
1527 1045 1608 1130 quid
1623 1045 1723 1108 dicit?
1740 1063 1799 1108 rex

447 1151 481 1207 et
496 1141 659 1224 propheta
675 1143 754 1225 quid
771 1142 872 1209 dicit?
888 1145 989 1210 Dixit
999 1148 1164 1214 Dominus
1178 1149 1320 1214 Domino
1336 1170 1410 1214 meo.
1429 1149 1535 1218 Istum
1553 1148 1663 1212 locum
1686 1147 1801 1214 Salvass

448 1256 500 1311 tor
523 1249 555 1310 in
572 1247 747 1330 evangelio
774 1251 933 1332 exposuit
959 1251 1095 1318 dicens:
1111 1257 1118 1284 ‘
1136 1253 1172 1320 Si
1201 1255 1341 1336 Xpistus
1369 1264 1429 1331 est,
1445 1251 1662 1336 inquisitius
1681 1251 1801 1327 David,
1838 1267 1852 1320 5

448 1351 619 1434 quomodo
635 1351 668 1415 in
685 1352 800 1434 spiritu
830 1363 928 1419 vocat
953 1375 1030 1421 eum
1049 1357 1260 1423 Dominum?
1276 1359 1282 1384 ¹
1303 1358 1405 1423 Vides
1421 1376 1501 1439 ergo
1527 1354 1609 1440 quid
1639 1355 1738 1420 dicat.
1765 1353 1802 1419 Si

450 1455 535 1520 filius
551 1468 601 1521 est
619 1441 922 1550 Davidjquomodo
938 1479 997 1523 vos
1020 1460 1140 1538 dicitis,
1155 1461 1325 1544 quomodo
1342 1462 1373 1524 in
1391 1459 1508 1541 spiritu
1525 1467 1623 1523 vocat
1639 1477 1714 1522 eum
1734 1457 1802 1521 Do·

450 1561 604 1624 minum?
622 1559 721 1624 Dicat
737 1559 877 1642 aliquis:
894 1562 986 1646 Ergo
1002 1583 1068 1626 non
1086 1573 1137 1628 est
1160 1562 1245 1628 filius
1263 1563 1399 1628 David?
1418 1563 1494 1626 Hoc
1510 1562 1643 1627 dicebat
1659 1563 1702 1625 de
1719 1560 1803 1625 Pha·

450 1665 572 1742 risaeis,
602 1667 658 1748 qui
691 1665 876 1748 simplicem
908 1664 1011 1732 filium
1041 1666 1152 1731 David
1179 1665 1423 1732 confitebantur
1455 1667 1623 1748 Xpistum.
1655 1666 1731 1748 Ego
1759 1664 1802 1729 ad

452 1767 613 1832 Iudaeum
638 1776 671 1831 et
688 1767 869 1834 Photinum
894 1768 958 1834 hoc
985 1771 1094 1853 ipsum
1121 1771 1211 1835 dico:
1230 1771 1266 1836 Si
1294 1769 1379 1835 filius
1411 1781 1462 1836 est
1490 1770 1611 1848 David,
1632 1769 1803 1852 quomodo
1824 1789 1855 1828 ιο

449 1883 546 1939 vocat
564 1873 667 1940 filium
683 1895 781 1939 suum
800 1874 1004 1940 Dominum?
1023 1873 1089 1957 Qui
1105 1883 1218 1938 autem
1237 1875 1421 1939 Dominum
1440 1875 1550 1940 Deum
1567 1872 1754 1952 confitetur,
1770 1882 1804 1939 et

450 1977 514 2070 Dei
533 1978 664 2056 Filium,
681 1979 770 2044 verbi
786 1979 894 2062 gratia
911 1979 1138 2056 Manichaeus‚
1150 1979 1206 2062 qui
1218 1989 1319 2062 negat
1335 1978 1429 2042 iilum
1448 1975 1551 2043 filium
1570 1979 1696 2043 David:
1712 1978 1802 2061 apud

449 2081 542 2146 illum
559 2084 674 2166 probo,
689 2084 778 2165 quod
798 2081 883 2146 filius
900 2082 1011 2148 David
1027 2093 1086 2148 est.
1106 2083 1211 2147 Nobis
1228 2103 1307 2165 ergo
1331 2082 1388 2164 qui
1406 2080 1491 2146 filius
1509 2082 1572 2146 Dei
1589 2092 1649 2161 est,
1665 2081 1736 2164 ipse
1752 2091 1802 2146 est

449 2195 482 2252 et
499 2185 584 2253 filius
602 2188 728 2253 David:
745 2207 810 2251 non
827 2186 911 2250 alius
936 2185 1022 2251 filius
1037 2197 1070 2251 et
1086 2187 1170 2251 atius
1197 2184 1291 2264 filius,
1308 2205 1374 2251 non
1392 2185 1477 2250 facio
1493 2186 1577 2250 duas
1593 2205 1753 2269 personas
1768 2185 1800 2248 in

449 2290 526 2355 Deo
541 2300 573 2355 et
590 2293 742 2369 homine;
757 2293 814 2355 sed
833 2292 904 2373 ipse
920 2291 975 2374 qui
993 2289 1078 2354 filius
1097 2291 1160 2354 Dei
1176 2301 1235 2368 est,
1252 2290 1323 2373 ipse
1349 2298 1400 2354 est
1416 2300 1449 2355 et
1465 2289 1551 2354 filius
1570 2290 1689 2354 David.
1706 2288 1806 2354 uuit
1824 2309 1854 2364 ις

450 2395 615 2460 Dominus
630 2397 774 2461 Domino
799 2415 880 2459 meo:
898 2395 1016 2460 sedeo
1027 2396 1151 2460 dextros
1166 2395 1253 2460 meis.
1273 2395 1311 2459 In
1328 2394 1485 2460 hebraico
1508 2395 1653 2476 primum
1681 2413 1802 2459 nomen

452 2497 590 2562 Domini
607 2498 658 2562 his
675 2498 793 2562 litteris
810 2499 970 2578 scribitur,
986 2499 1107 2582 quibus
1122 2500 1165 2564 de
1183 2499 1257 2562 Deo
1274 2509 1405 2564 tantum
1432 2497 1593 2562 scribitur.
1610 2497 1803 2562 Secundum

452 2621 530 2666 vero
546 2621 667 2666 nomen
687 2602 824 2666 Domini
841 2603 891 2667 his
908 2604 1026 2668 litteris
1041 2603 1202 2680 scribitur,
1212 2604 1333 2687 quibus
1349 2602 1456 2668 solent
1466 2601 1620 2665 homines
1629 2599 1804 2666 dominum

451 2724 585 2770 vocare:
601 2707 773 2789 quomodo
795 2719 828 2771 et
853 2726 873 2771 a
897 2707 1107 2791 quorundam
1134 2717 1272 2770 vocatur
1298 2707 1454 2770 dominus
1483 2725 1501 2769 a
1529 2725 1634 2782 servo,
1650 2714 1683 2769 et
1711 2723 1805 2786 reges

451 2820 612 2873 vocantur
625 2810 762 2876 domini.
775 2811 863 2876 Vide
879 2832 959 2894 ergo
974 2811 1054 2894 quid
1071 2811 1170 2876 dicat.
1188 2809 1285 2873 Diri!
1299 2810 1465 2874 Dominus
1482 2808 1622 2873 Domino
1638 2826 1718 2872 meo:
1729 2807 1804 2871 huic
1824 2832 1858 2871 ω

452 2901 609 2992 Domino,
624 2915 677 2977 cui
705 2916 906 2998 praecipitur
923 2925 959 2979 ut
974 2915 1097 2978 sedeat.
1116 2914 1208 2978 Deus
1237 2934 1302 2977 non
1329 2914 1433 2991 sedet,
1448 2914 1642 2997 adsumptio
1658 2911 1805 2996 corporis

450 3017 552 3081 sedet.
572 3017 660 3081 Huic
676 3038 756 3100 ergo
773 3021 975 3102 praecipitur
991 3030 1026 3082 ut
1043 3019 1167 3097 sedeat,
1182 3019 1239 3101 qui
1268 3019 1370 3082 homo
1385 3031 1445 3095 est,
1460 3019 1516 3101 qui
1530 3018 1729 3100 adsumptus
1745 3027 1805 3083 est.

453 3121 529 3185 Hoc
544 3111 704 3186 adversus
721 3123 881 3192 Arrianos
907 3125 1058 3198 dicimus,
1074 3133 1107 3186 et
1134 3124 1292 3186 adversus
1319 3143 1375 3186 eos
1399 3123 1454 3205 qui
1471 3121 1604 3184 dicunt:
1620 3121 1730 3184 Maior
1756 3130 1806 3185 est

452 3226 558 3305 Pater,
574 3227 630 3310 qui
648 3228 738 3292 iubet
757 3239 791 3292 ut
808 3229 932 3303 sedeat,
944 3247 1044 3310 quam
1065 3226 1120 3290 itte
1136 3227 1188 3291 cui
1205 3226 1345 3290 iubetur.
1362 3223 1487 3290 Omnia
1503 3222 1677 3306 evangelia
1694 3242 1806 3304 perso·

451 3317 590 3396 nant'de
607 3353 748 3415 persona
766 3333 918 3408 hominis,
930 3342 963 3395 et
977 3350 1063 3395 nunc
1081 3350 1146 3394 non
1161 3349 1295 3393 necesse
1307 3338 1357 3392 est
1369 3328 1585 3410 adprobatio:
1598 3327 1678 3410 quia
1692 3328 1806 3392 omnia
1826 3353 1858 3408 ις

451 3454 680 3519 quaecumque
697 3436 774 3500 vilia
791 3437 953 3514 videntur,
966 3435 1151 3500 reseruntur
1164 3434 1205 3497 ad
1218 3434 1398 3510 hominem,
1408 3431 1595 3494 referuntur
1607 3430 1649 3495 ad
1664 3451 1806 3496 carnem.

453 3538 552 3603 Nunc
568 3540 610 3602 de
626 3540 757 3621 psalmo
772 3541 924 3606 dicimus.

504 3640 641 3723 Virgnm
656 3642 794 3706 virtutis
817 3652 892 3706 tum
915 3642 1038 3706 emittet
1053 3640 1219 3704 Dominus
1243 3659 1282 3702 es
1309 3637 1400 3703 Sion.
1427 3637 1574 3720 Virgam.
1594 3638 1631 3701 In
1649 3638 1807 3703 hebraico

453 3765 520 3810 non
537 3756 607 3810 tam
624 3746 751 3828 virgam
768 3746 870 3811 habet
887 3766 986 3831 qnam
1004 3755 1182 3828 sceptrum,
1194 3744 1257 3808 hoc
1273 3753 1334 3820 est,
1346 3743 1477 3824 insigne
1494 3742 1604 3826 regiae
1620 3743 1807 3825 potestatis.

488 3929 558 3969 1οΕ
571 3927 701 3969 PSALMO
715 3921 820 3982 CVIIII]
832 3921 861 3968 ln
872 3917 1070 3979 Brer.coi.1233
1080 3931 1134 3980 sqq.
1204 3911 1347 3961 2Psolmus
1359 3909 1606 3974 Dnuid]CPS;om.
1616 3907 1639 3975 β
1709 3908 1810 3970 Daunii]

357 4005 361 4015 '
453 4021 503 4054 non
516 4013 595 4070 repet.
611 4005 681 4055 ABG
696 4005 706 4053 1
721 4003 786 4064 (cod.
803 4001 916 4051 Britann.
932 3999 994 4063 Reg.
1010 4013 1033 4058 4.
1048 3999 1079 4046 A.
1095 4009 1153 4045 xrv.
1167 3994 1211 4060 qui
1222 3995 1271 4043 hoe
1282 3993 1339 4042 loco
1350 3990 1458 4054 incipit).
1550 4000 1565 4052 3
1574 3989 1702 4054 propheta]
1715 3991 1737 4038 Α
1749 3989 1807 4040 odd.

451 4095 494 4148 est,
508 4099 533 4138 et
554 4087 589 4138 ita
609 4087 685 4137 verba
697 4084 844 4148 coniungit:
867 4082 982 4131 Psalmus
996 4080 1085 4128 David
1102 4086 1154 4128 est:
1174 4079 1222 4142 qni
1240 4077 1354 4140 loquitur
1370 4075 1487 4138 propheto
1505 4080 1548 4132 cst,
1561 4087 1584 4121 u.
1600 4086 1618 4120 s.
1634 4087 1655 4120 r.
1756 4069 1812 4122 tm

455 4169 610 4232 Pharisaeus]
624 4167 724 4237 βΑΒΙΡ
736 4187 743 4228 ;
755 4168 777 4219 C
788 4184 838 4219 orn.
852 4167 888 4216 de.
989 4165 1100 4226 ofilium
1115 4160 1213 4222 Dauid]
1234 4159 1324 4210 retinui
1344 4176 1374 4208 ex
1397 4155 1524 4206 Brevinrio
1535 4171 1542 4203 r
1553 4152 1646 4217 filium
1668 4152 1717 4202 Dei
1734 4155 1807 4204 codd.

456 4261 531 4317 13cst
541 4251 574 4313 et]
584 4260 645 4301 esset
655 4253 685 4303 C.
789 4263 818 4311 14
830 4266 880 4298 mm
891 4264 915 4298 a.
922 4247 1011 4314 filius]
1033 4245 1139 4313 {iinsen
1157 4244 1214 4292 Dei.
1315 4235 1466 4304 etnfilius]
1485 4233 1570 4304 βιὰιί.
1585 4233 1681 4283 Dauid.
1782 4235 1810 4283 iu

454 4334 507 4383 Deo
517 4340 541 4382 et
551 4334 661 4395 immine]
673 4334 701 4382 in
715 4333 796 4381 Deum
809 4337 832 4379 et
843 4329 966 4379 honniuem
980 4329 1006 4378 S.
1095 4339 1124 4387 19
1135 4342 1150 4374 a
1161 4321 1330 4389 quorundam]
1339 4321 1412 4370 codd.
1428 4319 1468 4370 Ci.
1482 4315 1598 4368 Roenseh
1610 4331 1634 4381 p.
1648 4327 1714 4376 4423
1728 4315 1748 4364 B
1759 4331 1808 4364 om.

454 4414 666 4480 praepositionem
676 4431 683 4473 ;
695 4430 711 4462 o
723 4413 873 4477 qur'busdam
887 4409 909 4477 β.
1012 4422 1040 4458 21
1058 4407 1176 4468 Doun'no]
1188 4421 1204 4453 n
1218 4405 1327 4454 Domino
1339 4403 1392 4461 sG.
1405 4414 1469 4466 quae
1482 4399 1558 4448 verba
1575 4406 1663 4462 postea
1674 4397 1700 4446 in
1713 4399 1730 4447 S
1742 4413 1812 4447 erasa

454 4507 521 4550 sunt.
623 4496 907 4559 27dr'cimus]dicamus
920 4491 944 4561 β.
1047 4505 1079 4556 29
1090 4507 1139 4540 uon
1152 4487 1327 4551 tomuirgom]
1341 4482 1417 4552 βοω,
1432 4483 1540 4546 uirgam.

498 4641 524 4699 ⁶.
542 4639 704 4698 Dominum
714 4635 740 4718 t]
757 4637 863 4697 Matth.
883 4656 929 4707 22,
945 4655 992 4712 43.
1162 4625 1408 4692 Commentatioi.
1425 4644 1452 4703 p.
1469 4625 1517 4696 80,
1533 4621 1551 4680 l.
1571 4639 1666 4696 1043.

499 4722 544 4781 16.
553 4720 686 4800 primum
702 4737 802 4778 nomen
831 4717 960 4778 Domini
975 4713 1046 4795 ete]
1062 4715 1108 4776 (ji.
