4060 5498
701 374 747 433 ru
773 375 934 435 usuratu
958 377 1012 446 vr,
1039 394 1093 450 η.
1507 390 1585 472 105

228 573 488 636 fundamentum
500 573 659 637 historiae
669 574 853 656 spiritalem
865 575 1129 656 intellegentiam
1143 574 1333 654 aedificans,
1344 579 1411 642 ait:
1427 582 1585 664 ‘Propter

226 677 290 739 hoc
316 677 479 759 relinquet
502 677 605 741 homo
628 689 756 759 patrem
778 699 876 741 suum
892 688 926 742 et
943 689 1083 742 matrem
1100 699 1207 754 suam,
1221 688 1256 742 et
1272 679 1468 747 adhaerebit
1485 687 1583 749 uxori

226 802 317 856 suae,
332 791 366 845 et
391 793 488 845 erunt
512 782 580 844 duo
604 781 636 843 in
660 801 760 844 carne
783 801 859 844 una.
882 781 1138 847 Sacramentum
1163 782 1226 846 hoc
1252 804 1411 866 magnum
1436 799 1497 864 est,
1519 809 1584 870 ego

228 897 340 949 autem
366 887 442 949 dico
465 887 498 948 in
522 886 657 951 Christo
683 887 772 950 etin
797 885 966 950 ecclesia'
991 888 1036 950 Et
1059 886 1148 961 alibi,
1164 907 1241 950 cum
1265 909 1309 949 ex
1334 889 1471 952 historia
1497 893 1582 955 anti-

192 991 389 1071 squissima
411 991 573 1072 proferret
595 989 801 1069 exemplum,
818 989 850 1050 in
875 1009 942 1071 qua
965 992 1126 1071 scriptum
1143 1001 1204 1066 est,
1219 993 1391 1072 quomodo
1407 995 1449 1055 ad
1470 994 1583 1076 Moysi

228 1094 357 1174 virgam
384 1093 427 1155 de
454 1106 548 1175 petra
573 1112 661 1174 aqua
688 1093 844 1173 eruperit,
870 1103 905 1154 ut
933 1094 1050 1156 sitiens
1077 1093 1222 1175 populus
1250 1095 1387 1172 biberet,
1414 1098 1461 1159 sic
1487 1109 1584 1180 aptat

229 1196 493 1278 intellegentiam
517 1197 724 1280 spiritalem:
747 1196 940 1260 ‘Bibebant
963 1197 1082 1280 inquit,
1105 1219 1149 1260 ex
1173 1198 1314 1279 spiritali
1339 1209 1500 1281 sequente
1526 1221 1583 1263 eos

228 1311 344 1381 petra3
361 1310 453 1381 petra
469 1310 581 1364 antem
598 1312 668 1365 erat
686 1301 866 1364 Christus.’
884 1300 1144 1382 Apertissimam
1161 1300 1251 1365 enim
1269 1303 1443 1364 historiam
1458 1322 1582 1384 nequa-

229 1423 329 1484 quam
347 1415 458 1486 negat,
473 1414 507 1467 et
523 1425 562 1468 ea
578 1423 665 1487 quae
681 1414 777 1486 gesta
793 1412 872 1467 sunt
884 1405 926 1467 ad
938 1403 1157 1468 excelsiorem
1171 1403 1435 1486 intellegentiam
1446 1404 1583 1467 trahens

175 1535 211 1571 ro
228 1507 275 1569 sic
302 1508 400 1590 erigit
427 1508 570 1586 culmen,
596 1519 632 1570 ut
660 1508 879 1572 fundamenta
907 1529 973 1571 non
1000 1509 1184 1572 subtrahat.
1210 1508 1246 1572 Si
1273 1511 1305 1571 in
1329 1507 1419 1571 hunc
1442 1509 1581 1571 modum

218 1612 393 1694 Origenes
418 1613 595 1694 allegorias
619 1623 803 1694 quaereret,
826 1624 860 1675 et
883 1633 945 1676 nos
969 1612 1111 1674 libenter
1126 1612 1326 1676 haberemus
1341 1635 1349 1690 ;
1364 1613 1422 1675 sed
1440 1613 1518 1694 quia
1534 1613 1582 1674 sic

228 1713 383 1779 aedificat
410 1718 621 1780 mendacium
648 1729 684 1781 ut
712 1718 864 1781 destruat
889 1718 1073 1794 veritatem,
1096 1716 1282 1778 refutamus
1314 1717 1385 1779 eius
1419 1715 1582 1798 explana-

226 1821 365 1886 tionem.

273 1924 529 1989 Consideremus
555 1947 635 2008 ergo
659 1927 740 2007 quid
767 1926 876 1989 dicat:
899 1929 906 1954 ⁴
924 1925 1001 1987 Non
1028 1933 1159 2005 poterat
1175 1944 1310 1987 cernere
1326 1923 1489 1986 visionem
1507 1944 1582 2004 pro-

172 2055 185 2092 r
191 2055 207 2106 5
228 2029 340 2110 pheta,
354 2031 514 2112 quamdiu
535 2028 668 2093 vivebat
686 2029 817 2092 Ozias.'
834 2028 879 2091 Et
895 2027 1075 2108 allegorice
1091 2028 1315 2108 interpretans
1331 2028 1445 2088 statim
1463 2025 1582 2090 insert:

226 2137 233 2162 ‘
252 2130 395 2213 Oportet
410 2134 593 2216 principem
612 2131 745 2193 animae
761 2130 880 2196 Oziam
898 2131 1043 2212 primum
1062 2129 1156 2204 mori,
1174 2139 1210 2191 ut
1226 2130 1272 2191 sic
1289 2130 1454 2211 propheta
1466 2142 1581 2194 cernat

226 2236 396 2300 visionem.
415 2237 421 2262 ¹
443 2236 534 2318 Quid
552 2257 632 2316 ergo
647 2237 798 2299 dicemus
815 2236 857 2298 ad
875 2235 908 2297 id
927 2236 1016 2315 quod
1037 2234 1155 2296 Esaias
1172 2232 1339 2314 loquitur:
1358 2233 1387 2296 O
1403 2235 1505 2296 miser
1517 2254 1582 2315 ego,

225 2337 380 2418 quantiam
395 2349 587 2421 conpunctus
595 2359 678 2415 sum,
690 2340 844 2419 quoniam
854 2359 925 2400 cum
938 2338 1001 2400 sim
1011 2335 1112 2413 homo,
1124 2347 1155 2398 et
1166 2336 1326 2400 irruruudu
1338 2337 1427 2400 lubia
1436 2336 1581 2415 habeam,

227 2442 265 2504 in
293 2445 394 2506 medio
415 2443 529 2524 populi
542 2443 703 2506 inmunda
726 2441 815 2506 labia
838 2442 985 2505 habentis
1007 2463 1063 2524 ego
1085 2441 1202 2518 habito,
1217 2452 1248 2503 et
1271 2464 1375 2524 regem
1401 2443 1581 2504 Dominum

168 2575 208 2612 ao
230 2543 377 2610 Sabaoth
402 2547 473 2608 vidi
493 2546 593 2608 aculis
615 2549 717 2609 meis?
744 2547 780 2610 Si
797 2546 885 2608 enim
904 2547 1065 2608 inmunda
1081 2544 1229 2608 habebat
1246 2545 1343 2620 labia,
1360 2546 1531 2627 quomodo
1548 2545 1580 2608 in

226 2651 325 2712 huius
351 2651 464 2712 anima
488 2663 638 2714 mortuus
662 2661 732 2712 erat
756 2669 815 2712 rex
836 2648 949 2725 Ozias,
965 2661 1000 2711 ut
1015 2659 1166 2711 cerneret
1183 2649 1371 2710 visionem?
1391 2648 1428 2712 In
1447 2660 1577 2712 tautum

226 2763 339 2816 autem
367 2765 400 2816 et
422 2773 482 2816 sua
505 2766 538 2818 et
565 2753 679 2835 populi
708 2752 796 2814 labia
821 2751 999 2818 confitetur
1025 2751 1196 2824 inmunda,
1227 2758 1262 2811 ut
1289 2763 1406 2833 postea
1430 2773 1465 2814 se
1488 2753 1579 2816 dicat

226 2858 436 2938 purgationis
459 2860 601 2940 gratiam
625 2868 853 2920 consecutum.
877 2856 1036 2937 Sequitur
1059 2856 1172 2918 enirn:
1194 2854 1241 2917 Et
1264 2856 1577 2920 inassumestadme

229 2984 333 3026 arrum
348 2963 386 3026 de
403 2963 576 3044 Seraphin,
590 2973 622 3026 et
636 2963 671 3025 in
687 2983 787 3024 mauu
804 2960 940 3025 habebat
954 2962 1129 3036 carbonem,
1143 2981 1236 3042 quem
1244 2960 1371 3041 forcipe
1397 2962 1519 3024 tulerat
1541 2961 1580 3024 de

165 3095 202 3148 25
225 3067 340 3130 altari.
355 3065 403 3129 Et
417 3067 524 3149 tetigit
538 3088 572 3128 os
598 3087 712 3142 meum,
727 3076 761 3129 et
782 3067 852 3130 ait:
877 3065 956 3128 Ecce
983 3067 1091 3148 tetegit
1113 3066 1172 3127 lroc
1192 3065 1281 3128 labia
1307 3076 1374 3144 tua,
1399 3077 1431 3129 et
1454 3067 1581 3145 auferet

227 3169 420 3252 iniquitates
443 3181 527 3249 tuas,
541 3181 572 3234 et
588 3181 716 3252 peccata
742 3181 801 3233 tua
816 3180 952 3253 purgat.
969 3170 1041 3233 Nec
1057 3180 1135 3233 ante
1152 3170 1345 3253 iniquitates
1362 3171 1432 3234 eius
1448 3171 1581 3234 ablatae

259 3385 273 3436 5
288 3374 382 3440 Moysi]
392 3375 480 3440 scripsi
493 3393 500 3435 ;
513 3375 597 3436 Moyse
610 3375 631 3425 C
644 3392 651 3432 ;
663 3375 757 3437 Moysis
770 3391 794 3424 a.
896 3385 909 3434 7
921 3373 1046 3438 sequente]
1058 3375 1172 3436 sequenti
1183 3375 1212 3423 C.
1314 3387 1330 3435 9
1343 3374 1426 3436 negat]
1445 3381 1540 3438 negant
1551 3375 1579 3424 C.

221 3453 257 3514 et]
270 3471 316 3520 pro
326 3456 386 3504 sedi
487 3469 515 3505 12
527 3457 649 3518 destruat]
660 3457 792 3505 destrulrat
803 3459 831 3506 C.
936 3457 966 3504 16
987 3458 1085 3518 Otium]
1106 3459 1179 3506 ozias
1191 3457 1221 3507 C.
1323 3467 1354 3518 25
1366 3456 1473 3520 auferet]
1484 3455 1581 3519 scripsi,

223 3553 262 3602 gr.
277 3533 383 3606 dpeieh
395 3538 483 3603 auser!
493 3554 509 3588 a
521 3556 529 3598 3
540 3539 647 3598 auferes,
660 3555 672 3586 s
684 3539 731 3587 sub
742 3554 828 3587 rasura
840 3538 869 3587 C.

266 3725 293 3776 4.
332 3706 364 3763 ia
403 3702 529 3784 ecelesia]
560 3707 671 3781 Ephes.
704 3725 729 3781 5,
761 3726 795 3782 31
830 3725 874 3781 sq.
921 3712 1040 3782 patrem
1066 3713 1094 3764 et
1116 3713 1237 3764 matrem
1262 3723 1353 3776 suam,
1370 3715 1398 3764 et
1416 3705 1584 3763 adhaerebit

223 3787 345 3847 Adserit
362 3785 569 3861 Hieronymus
589 3788 775 3864 (Continent.
793 3788 832 3846 ad
847 3787 874 3845 h.
929 3789 1020 3844 uxori
1038 3805 1115 3858 suae,
1131 3795 1159 3844 et
1181 3794 1268 3844 erunt
1287 3785 1345 3843 dua
1364 3787 1396 3844 ia
1411 3805 1497 3843 corne
1510 3805 1579 3844 uua.

224 3869 254 3937 l.,
273 3865 378 3942 Migne
402 3869 448 3938 26,
467 3870 525 3944 568
550 3869 589 3946 C)
615 3870 806 3943 Apostolum,
824 3887 877 3944 pro
930 3867 1098 3942 Statimque
1113 3866 1286 3944 subiungit:
1302 3867 1585 3926 Sacraruentumlroc

215 3955 309 4026 patre
331 3961 425 4007 suaet
440 3958 609 4022 matresua,
627 3949 807 4026 pronomina
829 3949 878 4006 ab·
930 3969 1068 4024 maguum
1083 3957 1131 4018 est,
1147 3967 1194 4023 ego
1209 3957 1312 4006 autum
1326 3951 1387 4007 dr'co
1408 3951 1439 4007 iu
1464 3948 1582 4008 Clrristo

223 4029 355 4099 stuiisse,
371 4041 401 4088 et
420 4040 535 4106 patrem
561 4043 677 4090 tantum
705 4031 838 4105 posuisse
853 4044 880 4088 et
930 4039 956 4087 et
982 4033 1012 4087 ia
1035 4031 1169 4087 ecelesia'.
1199 4031 1268 4087 Non
1296 4043 1340 4087 est
1362 4028 1457 4106 igitur,
1474 4048 1527 4086 cur
1551 4031 1578 4088 S.

224 4118 357 4181 enarrem,
387 4109 508 4188 insuper
537 4112 624 4171 verba
657 4120 684 4168 et
710 4113 879 4169 adhaerebit
930 4115 1094 4168 Doctorem
1112 4123 1213 4169 nostro
1229 4111 1379 4169 tractatori
1394 4127 1538 4186 opponas.

224 4192 316 4249 uxori
334 4209 404 4248 suae
424 4193 543 4268 penitus
558 4192 800 4268 praetermisisse.
818 4194 877 4250 Sed
972 4195 997 4250 8.
1018 4189 1167 4270 Christus]
1190 4213 1198 4248 r
1219 4193 1288 4252 Cor.
1310 4212 1353 4262 ro,
1370 4211 1396 4260 4.

224 4274 302 4330 haec
327 4271 450 4346 quidem
480 4274 520 4332 ibi
551 4273 600 4334 ille
629 4293 709 4332 anno
735 4275 795 4332 iere
820 4277 875 4348 387
976 4294 1017 4331 rr.
1035 4269 1402 4352 libenterlrabererrrus]Cf.
1416 4272 1581 4347 supra111²

226 4353 389 4430 Origenem
406 4369 526 4413 secutus
539 4367 688 4429 3ceterum
701 4374 751 4413 sex
762 4353 879 4413 circiter
936 4357 1000 4425 181,
1019 4375 1056 4426 ²4
1071 4378 1076 4412 :
1093 4353 1219 4430 ‘Angeli
1235 4353 1362 4412 libenter
1374 4353 1486 4411 habent
1499 4372 1581 4427 prae·

226 4448 296 4512 post
324 4453 420 4492 annos
449 4437 591 4495 adversus
621 4436 813 4494 lorinianum
839 4435 880 4495 ita
932 4435 1024 4494 dicari
1041 4453 1144 4493 eorum
1161 4449 1325 4492 creatorem
1337 4436 1351 4492 '.

226 4514 330 4576 scribit
346 4515 370 4585 1,
391 4518 425 4573 16
438 4538 444 4574 :
457 4523 463 4548 ⁸
477 4519 546 4576 Hoc
559 4517 655 4588 ipsum
670 4517 881 4589 interpretetur
975 4536 1020 4573 20.
1038 4511 1119 4595 meis]
1136 4517 1173 4573 is.
1192 4519 1218 4584 6,
1237 4532 1262 4591 5.

229 4598 411 4673 Apostolus:
427 4599 554 4675 Propter
566 4600 617 4656 lroc
637 4600 781 4672 relinquet
800 4599 881 4655 horreo
976 4600 1021 4654 26.
1033 4593 1156 4675 purgat]
1173 4596 1244 4654 ibid.
1263 4599 1279 4652 6
1296 4616 1338 4670 sq.

253 4725 366 4769 Arrecdots
376 4727 531 4769 Maredsolrtns
542 4727 586 4777 111,
597 4741 614 4777 ³·
