4092 5502
613 444 868 506 TRACTATUS
892 446 936 504 IN
961 445 1090 507 MARC.
1116 448 1205 521 v111,
1232 467 1285 524 ¹·9·
1540 450 1620 532 341,

267 665 349 730 rium
366 665 400 728 in
417 665 489 747 ipsa
515 663 629 746 lingua
650 661 794 726 hebraea
810 671 843 726 et
859 683 945 745 syra.
962 663 1066 747 Quasi
1094 666 1238 731 diceret:
1256 665 1381 745 Puella,
1402 688 1488 751 quae
1516 677 1624 735 mater

266 789 339 834 esse
364 769 519 846 debebas,
535 773 679 850 propter
700 765 932 832 infidelitatem
955 769 1067 852 puella
1083 769 1171 836 iacta
1197 791 1241 837 es.
1263 773 1307 838 Et
1323 773 1427 838 aliter·
1445 768 1621 858 possumus

266 875 396 939 dicere:
422 872 513 958 Quia
539 872 726 950 renasceris,
742 873 853 954 puella
880 874 1059 940 vocaberis.
1085 874 1200 941 Puella
1216 897 1314 959 surge
1340 877 1420 942 mihi
1434 903 1442 944 ε
1469 899 1535 942 non
1561 887 1623 944 tuo

267 983 394 1061 merito,
409 983 467 1046 sed
485 1001 558 1046 mea
574 981 688 1064 gratia
706 980 791 1044 Mihi
806 1001 887 1064 ergo
910 1000 1030 1064 surge:
1045 985 1135 1068 quod
1153 983 1288 1060 sanaris,
1304 1003 1369 1046 non
1387 983 1466 1066 [est]
1482 981 1535 1048 ex'·
1554 983 1622 1047 tuis

235 1101 249 1155 5
267 1087 450 1162 virtutibus.
467 1086 515 1150 Et
527 1084 695 1166 confestim
710 1085 854 1150 surrexit
859 1085 977 1168 puello,
991 1095 1024 1150 et
1037 1087 1234 1152 ambulabat.
1253 1087 1297 1151 Et
1307 1107 1369 1151 nos
1385 1097 1502 1172 tangat
1521 1090 1623 1166 Iesust

267 1201 299 1256 et
314 1191 427 1257 statim
444 1188 699 1254 ambulabimus.
716 1188 812 1254 Licet
828 1189 999 1273 paralytici
1016 1192 1129 1269 simus,
1145 1191 1222 1257 iicet
1239 1192 1327 1258 maia
1344 1193 1526 1260 habeamus
1542 1213 1620 1278 ope-

268 1317 311 1372 ra,
326 1304 361 1359 et
387 1292 559 1358 ambulare
574 1312 641 1356 non
658 1312 843 1375 possumus,
859 1293 935 1359 licet
960 1295 992 1358 in
1010 1295 1132 1360 lectulo
1158 1297 1324 1362 iaceamus
1348 1309 1560 1381 peccatorum
1587 1309 1621 1363 et

266 1400 412 1483 corporis
439 1397 565 1464 nostri:
592 1397 620 1461 si
645 1398 792 1480 tetigerit
818 1419 879 1462 nos
897 1400 1138 1478 Iesus,‘statim
1154 1403 1353 1468 sanabimur.
1382 1401 1505 1470 Socrus
1533 1403 1624 1468 Petri

267 1501 655 1570 laboraveratiebribus:
670 1501 780 1586 tetigit
796 1505 888 1569 Iesus
905 1503 1052 1583 manum,
1061 1515 1095 1569 et
1111 1507 1264 1584 surrexit,
1276 1517 1310 1572 et
1326 1509 1440 1573 statim
1455 1507 1623 1573 ministrass

219 1627 251 1665 ιο
266 1607 395 1673 batilli.
420 1607 543 1672 Videte
567 1614 696 1689 quanta
722 1606 917 1674 differentia.
937 1609 998 1673 Ilia
1014 1609 1172 1692 tangitur,
1187 1619 1221 1674 et
1242 1613 1366 1695 surgit,
1381 1621 1415 1677 et
1432 1613 1622 1677 ministrat:

267 1711 320 1777 isti
342 1711 477 1790 sufficit,
502 1711 581 1795 quia
606 1719 737 1775 tantum
763 1711 921 1777 ambulat.
947 1713 995 1776 Et
1014 1711 1250 1794 ,obstupuerunt
1272 1725 1399 1796 stupore
1425 1715 1577 1794 maximo,
1591 1726 1623 1779 et

258 1816 422 1901 proecepit
436 1817 505 1882 illis
519 1815 719 1880 vehementer
728 1825 768 1880 nt
780 1825 921 1880 tacerent
933 1828 965 1881 et
975 1817 1062 1881 noelli
1071 1818 1219 1882 dicerent.
1237 1819 1369 1882 Videtis
1384 1839 1529 1898 causam,
1555 1819 1623 1905 qua

267 1925 408 1987 eiecerat
423 1924 554 1986 turbam
582 1922 678 2004 signa
700 1919 870 1985 facturus?
887 1920 1068 2004 Praecepit,
1083 1931 1117 1986 et
1145 1941 1211 1985 non
1225 1922 1337 1986 solum
1362 1923 1540 2007 praecepit,
1562 1923 1621 1988 sed

268 2027 480 2092 vehementer
496 2027 673 2110 praecepit,
690 2034 725 2089 ut
742 2045 842 2090 nemo
857 2026 962 2091 sciret.
981 2026 1153 2108 Praecepit
1178 2025 1281 2090 tribus
1297 2027 1467 2108 apostolis,
1488 2047 1621 2111 praece-

220 2147 249 2201 15
268 2132 316 2212 pit
331 2143 365 2194 et
380 2131 581 2214 parentibus,
596 2139 633 2196 ut
649 2150 749 2196 nemo
764 2129 870 2195 sciret.
888 2130 1061 2212 Praecepit
1079 2131 1246 2196 Dominus
1258 2130 1424 2194 omnibus:
1440 2131 1498 2194 sed
1510 2128 1622 2213 puelia

267 2243 376 2300 tacere
395 2255 462 2299 non
488 2245 608 2319 potest,
623 2255 708 2318 quae
734 2235 887 2299 surrexit.
903 2234 952 2298 Et
971 2235 1059 2298 derit
1071 2233 1151 2298 dari
1167 2234 1200 2298 ei
1214 2235 1410 2300 manducare
1422 2260 1435 2299 .·
1459 2255 1501 2298 ne
1517 2253 1620 2298 resur·

267 2340 370 2405 rectio
410 2340 611 2422 phantasma
641 2349 821 2422 potaretur.
850 2339 894 2402 Et
930 2339 1001 2423 ipse
1032 2343 1206 2423 propterea
1241 2349 1318 2424 post
1349 2340 1624 2406 resurrectionem

266 2445 412 2510 comedit
427 2445 471 2508 de
484 2443 576 2526 pisce
587 2454 622 2508 et
643 2445 686 2508 de
700 2443 786 2509 savo.
802 2445 848 2508 Et
864 2443 952 2508 dixit
967 2445 1039 2508 dari
1056 2445 1085 2507 ei
1111 2445 1488 2512 manducare..0bsecro
1505 2443 1622 2508 Domi·

267 2569 318 2620 ne,
333 2559 366 2614 et
382 2550 479 2614 nobis
495 2549 680 2614 iacentibus
706 2559 807 2632 tange
824 2567 969 2626 manum,
985 2558 1019 2612 et
1043 2569 1104 2612 nos
1120 2551 1278 2614 resuscita
1290 2551 1335 2616 de
1359 2550 1482 2614 lectulo
1507 2567 1622 2632 pecca-

218 2673 251 2710 ro
267 2661 375 2716 torum
402 2663 599 2730 nostrorum,
625 2653 861 2736 ambulareque
892 2673 953 2717 nos
981 2652 1091 2718 iacias.
1116 2653 1202 2718 Cum
1230 2656 1519 2733 ambulaverimus,
1545 2653 1621 2719 iube

268 2756 363 2820 nobis
377 2755 448 2820 dari
472 2756 694 2820 manducare:
710 2755 855 2819 iacentes
874 2756 1077 2820 manducare
1105 2776 1171 2820 non
1198 2777 1374 2840 possumus
1389 2784 1396 2824 :
1413 2759 1474 2822 nisi
1491 2755 1618 2822 stete'ri·

267 2879 350 2936 mus,
373 2879 492 2943 corpus
508 2860 621 2943 Xpisti
636 2859 786 2942 accipere
812 2878 879 2923 non
896 2859 1054 2924 valemus.
1071 2860 1133 2924 Cui
1157 2861 1264 2943 gioria
1280 2884 1345 2928 una
1364 2883 1442 2928 cum
1468 2871 1562 2946 patre
1582 2871 1620 2925 et

267 2969 383 3054 spiritu
399 2979 516 3035 sancto
532 2971 564 3034 in
582 2970 694 3034 secula
710 2968 906 3035 seculorum.
922 2968 1044 3034 Amen.

629 3323 633 3330 .
669 3205 749 3312 [m
785 3207 951 3282 noae.
982 3206 1097 3292 vm,
1134 3201 1210 3308 1-9]
1307 3173 1309 3176 ’

219 3467 250 3520 25
274 3515 278 3522 ,
310 3446 352 3510 In
366 3445 479 3512 diebus
493 3446 570 3524 illis,
594 3466 666 3510 eune
683 3430 900 3510 turba'multo
920 3454 1001 3508 esset
1014 3465 1087 3508 cnm
1103 3427 1186 3519 Iesu,
1210 3462 1264 3506 nec
1288 3427 1418 3504 liaberet
1431 3438 1519 3521 quod
1532 3458 1623 3515 man·¹

266 3545 405 3624 ducaret,
430 3544 608 3609 conuocatis
632 3530 802 3628 discipulis
823 3545 873 3612 ait
889 3546 958 3610 illis
967 3570 979 3610 .·
995 3546 1158 3610 Misereor
1172 3533 1304 3621 turim,
1321 3533 1400 3627 quio
1424 3563 1487 3608 ecce
1513 3529 1623 3606 triduo

266 3649 434 3728 sustinuit,
449 3671 504 3714 nee
516 3648 634 3714 habent
646 3651 734 3733 quod
746 3636 945 3714 manducent.
956 3635 1003 3714 *In
1020 3649 1180 3732 superiori
1197 3637 1290 3732 parte
1307 3639 1449 3729 legimus
1461 3645 1620 3729 quoniam

269 3753 436 3818 Dominus
462 3754 590 3838 paverit
616 3754 659 3820 de
685 3754 832 3838 quinque
860 3753 1002 3838 panibus
1018 3755 1164 3837 quinque
1190 3754 1281 3817 milia
1305 3752 1479 3818 hominum
1498 3759 1554 3828 pet
1579 3737 1622 3845 de

268 3858 412 3940 reliquiis
428 3857 528 3924 levati
555 3869 633 3922 sunt
649 3857 825 3922 duodecim
854 3857 988 3940 cophini
1013 3845 1284 3943 fragmentorum.
1313 3856 1351 3919 In
1379 3854 1435 3918 iiia
1460 3841 1620 3940 parabola

219 3963 429 4046 3oquidquid
458 3963 565 4028 visum
594 3961 700 4026 iuerat
722 3961 779 4026 iilo
795 3971 948 4052 tempore
974 3959 1227 4042 disputavimus.
1255 3959 1349 4023 Haec
1376 3976 1455 4021 vero
1481 3953 1621 4018 historia

266 4086 351 4150 quae
368 4086 455 4131 nunc
471 4066 557 4131 lecta
572 4075 632 4144 est,
647 4075 680 4132 et
704 4065 844 4144 aliaest,
871 4075 904 4128 et
920 4067 991 4146 ipsa
1007 4073 1077 4129 est:
1094 4053 1138 4128 ex
1156 4074 1249 4146 parte
1271 4063 1360 4126 enim
1377 4060 1494 4124 similis
1511 4069 1570 4135 est,
1583 4066 1621 4158 et¹

298 4249 360 4307 uest
369 4244 411 4308 ex]
422 4243 510 4309 scripsi
521 4263 528 4306 3
541 4261 560 4313 χ
572 4257 621 4294 om.
635 4251 677 4295 est.
692 4243 731 4296 Ci.
748 4245 837 4294 Morel.
853 4259 894 4308 op.
909 4245 951 4293 cit.
966 4245 1013 4294 coi.
1032 4233 1076 4306 ἧος
1080 4253 1092 4306 5
1106 4249 1130 4292 et
1145 4238 1259 4302 107880.
1361 4249 1375 4299 7
1383 4235 1525 4302 possumus]
1545 4235 1580 4285 ita
1591 4249 1620 4304 χ.

266 4339 298 4389 24
310 4327 426 4378 Humilia
437 4333 522 4378 octaua
534 4343 562 4396 χ.

309 4496 334 4537 1.
349 4487 378 4536 et
389 4472 470 4556 syro]
489 4475 611 4536 Hieron.
630 4477 677 4537 De
692 4473 805 4536 nomin.
830 4474 912 4537 hebr.
1009 4491 1055 4549 ²7·
1072 4475 1111 4532 In
1136 4473 1281 4550 superiori
1297 4468 1396 4551 porte]
1421 4473 1513 4532 Marc.
1530 4473 1558 4544 6,
1583 4485 1619 4546 35

264 4557 323 4638 (M.
341 4579 387 4635 23,
405 4561 478 4634 888)
494 4563 501 4589 ‘
519 4558 619 4618 Potito
633 4558 915 4635 cunri:pue11asur·
967 4573 1032 4632 sqq.
1518 4605 1521 4612 ,

263 4659 307 4719 ge.
324 4641 430 4718 Syrum
446 4650 491 4700 est
505 4641 520 4699 ¹.
1009 4657 1054 4713 30.
1071 4633 1294 4716 disputavimus]
1319 4633 1474 4697 Intercidit
1495 4633 1544 4694 ilia
1568 4632 1620 4692 ho

308 4726 352 4783 18.
368 4721 402 4782 de
406 4719 495 4803 savo]
511 4723 583 4781 Luc.
602 4740 647 4794 24,
663 4740 710 4794 4²·
968 4719 1057 4779 milia.
