4060 5498
564 422 821 484 TRACTATUS
851 423 909 482 DE
938 421 1109 484 PSALMO
1138 423 1203 482 XV.
1551 425 1599 512 13

245 620 344 684 Nunc
360 641 439 684 vero
452 620 557 704 (quod
574 622 607 685 in
625 620 719 685 nullo
734 621 777 685 de
793 621 929 703 psalmis
945 621 1106 703 scriptum
1123 621 1190 704 est)
1205 641 1304 704 super
1319 621 1383 686 hoc
1399 623 1432 686 in
1446 623 1591 688 Actibus

242 725 470 806 apostolorum
490 725 706 808 repperimus,
722 727 811 809 quod
829 727 947 790 Petrus
969 747 1043 790 cum
1072 725 1197 792 Christi
1228 725 1400 810 apostolis,
1424 727 1489 792 iarn
1518 747 1593 794 cum

245 827 393 894 Mathias
409 832 442 893 in
455 830 635 896 duodecim
654 853 715 913 pro
735 832 818 895 luda
835 832 951 898 luerat.
968 831 1178 914 adsumptus,
1194 831 1419 914 interpretans
1436 832 1594 897 levaverit

243 953 360 997 vocem
378 946 532 1010 suamet
550 945 626 1018 post
644 935 751 1000 multa
767 936 913 1001 dixerit:
929 936 1019 1000 ‘Viri
1036 935 1163 1012 fratres,
1180 935 1278 1001 liceat
1303 936 1465 1000 audenter
1485 937 1598 1002 dicere

208 1051 224 1107 5
243 1039 285 1102 ad
302 1059 362 1102 vos
377 1039 420 1102 de
436 1040 628 1121 patriarcha
646 1040 767 1118 David,
783 1041 943 1123 quoniam
960 1050 994 1104 et
1010 1039 1189 1105 defunctus
1213 1052 1274 1118 est,
1298 1051 1332 1107 et
1358 1041 1511 1124 sepultus
1538 1051 1598 1119 est,

243 1153 277 1208 et
293 1143 508 1226 sepulchrum
524 1145 629 1229 ipsius
645 1154 696 1210 est
712 1146 801 1226 apud
819 1165 880 1208 nos
897 1146 1053 1229 usquein
1071 1145 1271 1209 hodiernum
1296 1147 1396 1210 diem.
1426 1145 1595 1228 Propheta

243 1247 345 1330 igitur
360 1269 435 1312 cum
452 1258 551 1326 esset,
573 1259 606 1315 et
618 1249 717 1313 sciret
733 1250 812 1331 quia
829 1250 1043 1314 iureiurando
1066 1251 1206 1314 iurasset
1222 1249 1269 1313 illi
1288 1251 1391 1326 Deus,
1415 1250 1458 1313 de
1485 1250 1594 1314 fructu

242 1351 349 1416 lumbi
365 1351 437 1416 eius
449 1354 566 1418 sedere
582 1375 681 1437 super
696 1355 810 1417 sedem
829 1355 908 1431 eius,
930 1354 1110 1436 providens
1127 1355 1258 1418 locutus
1286 1363 1337 1419 est
1363 1355 1406 1419 de
1434 1373 1594 1417 resurrec-

243 1457 336 1521 tione
352 1457 487 1536 Christi,
505 1460 583 1540 quia
601 1479 709 1541 neque
725 1458 903 1523 derelictus
920 1469 971 1522 est
988 1460 1021 1522 in
1040 1457 1180 1537 inferno,
1196 1479 1305 1543 neque
1326 1478 1403 1523 caro
1426 1459 1497 1521 eius
1512 1458 1597 1522 vidit

193 1579 225 1618 10
243 1563 498 1645 corruptionem.
517 1564 620 1629 Hunc
644 1565 755 1628 Iesum
783 1564 993 1628 resuscitavit
1019 1564 1121 1642 Deus,
1146 1565 1241 1628 cuius
1267 1584 1327 1627 nos
1354 1582 1472 1627 omnes
1495 1571 1598 1626 testes

242 1667 380 1732 sumus.⁸
404 1668 490 1734 Cum
518 1689 599 1752 ergo
630 1688 748 1732 omnes
776 1668 900 1749 pariter
925 1668 1071 1752 apostoli
1100 1670 1141 1733 ad
1168 1669 1355 1732 Dominum
1383 1667 1594 1733 Salvatorem

242 1772 409 1854 psalmum
438 1773 539 1837 istum
565 1774 749 1852 retulerint,
776 1774 884 1853 nobis,
910 1773 967 1857 qui
999 1773 1170 1852 christiani
1198 1793 1270 1836 esse
1292 1773 1456 1849 volumus,
1479 1769 1597 1853 utique

242 1876 374 1941 illorum
392 1877 564 1959 sequenda
580 1881 747 1944 sententia
764 1889 823 1944 est.
841 1880 912 1943 Nec
930 1879 1051 1942 mirum
1067 1879 1158 1962 quod
1176 1877 1242 1955 ille,
1265 1877 1321 1960 qui
1349 1885 1421 1941 erat
1445 1873 1596 1958 aequalis

244 1982 319 2046 Deo
334 1990 367 2045 et
383 2003 419 2046 se
435 1983 626 2048 humiliavit
636 1983 778 2049 formam
790 1985 875 2048 servi
886 1983 1062 2066 accipiens,
1079 1985 1164 2047 servi
1178 1981 1316 2046 vocibus
1333 2001 1421 2045 nunc
1432 1981 1595 2063 loquatur.
1608 2013 1609 2018 κ

193 2109 222 2166 ¹⁵
244 2085 346 2151 Unde
362 2097 395 2150 et
411 2087 444 2150 in
462 2088 538 2170 ipso
553 2088 652 2153 titulo
668 2089 804 2153 humilis
827 2099 860 2154 et
885 2089 1033 2171 simplex
1049 2099 1082 2153 et
1107 2086 1343 2152 immaculatus
1359 2084 1595 2168 perfectusque

242 2191 479 2273 perscribitur:
495 2194 574 2276 quia
589 2193 646 2276 qui
663 2193 786 2257 nullius
803 2193 978 2275 indigebat
994 2193 1133 2268 auxilio,
1149 2192 1181 2254 in
1199 2201 1332 2254 tantum
1344 2211 1380 2254 se
1393 2189 1598 2265 humiliavit,

242 2303 278 2359 ut
292 2316 353 2377 pro
368 2296 475 2374 nobis,
491 2318 552 2380 pro
568 2298 718 2374 ecclesia,
730 2299 763 2363 id
786 2308 846 2372 est,
869 2319 930 2382 pro
946 2317 1085 2380 corpore
1102 2317 1163 2360 suo
1180 2296 1366 2360 Dominum
1395 2301 1595 2378 precaretur.

243 2400 288 2465 Et
303 2419 428 2465 revera
444 2403 580 2484 grandis
596 2402 768 2468 humilitas
784 2413 844 2481 est,
861 2405 971 2466 Deum
986 2422 1103 2486 rogare
1114 2422 1174 2484 pro
1190 2401 1392 2477 hominibus,
1409 2399 1595 2463 Dominum

243 2524 360 2588 rogare
376 2527 437 2589 pro
452 2506 566 2584 servis,
580 2516 734 2571 sanctum
752 2529 813 2591 pro
828 2507 1073 2591 peccatoribus:
1090 2515 1126 2570 ut
1144 2527 1211 2570 non
1229 2507 1337 2571 solum
1354 2505 1387 2568 in
1405 2503 1509 2569 servis
1525 2503 1594 2566 suis

190 2637 225 2676 so
242 2610 314 2692 ipse
330 2619 363 2674 et
375 2612 533 2676 vestitum
551 2620 584 2675 et
601 2620 757 2694 potatum
773 2622 806 2676 et
823 2614 993 2677 visitatum
1018 2633 1090 2675 esse
1114 2632 1150 2674 se
1175 2609 1276 2688 dicat,
1300 2611 1358 2674 sed
1388 2610 1491 2673 etiarn
1517 2627 1594 2671 cum

242 2713 289 2778 illi
306 2717 541 2797 rogaverintet
558 2716 712 2780 exauditi
738 2716 869 2795 luerint,
896 2737 933 2780 se
960 2737 1096 2800 rogasse
1111 2725 1145 2780 et
1162 2716 1315 2780 auditum
1341 2733 1415 2777 esse
1443 2712 1598 2778 fateatur.

241 2819 431 2884 Assumens
448 2820 548 2903 igitur
563 2841 683 2902 corpus
699 2822 894 2898 humanum,
911 2822 995 2886 vidit
1013 2823 1197 2886 contrarias
1221 2818 1447 2894 fortitudines,
1463 2816 1547 2880 vidit
1563 2826 1597 2878 ct

241 2927 427 2989 exercitum
444 2924 569 2989 diaboli
587 2924 677 2990 iacto
704 2927 863 2990 adversus
885 2947 921 2990 se
945 2947 1053 2990 cuneo
1069 2927 1227 2991 dimicare
1242 2945 1250 3003 ;
1266 2934 1300 2987 et
1316 2932 1493 3007 propterea
1510 2939 1598 2983 nunc

241 3030 324 3094 dicit
342 3054 349 3094 :
366 3029 508 3094 Custodi
526 3049 580 3093 me
596 3029 754 3109 Domine,
771 3031 833 3094 nisi
857 3031 946 3094 enirn
975 3031 1174 3095 custodieris
1198 3048 1310 3094 meum
1338 3045 1471 3109 corpus,
1494 3023 1597 3089 eccle·

190 3157 223 3214 ²⁵
242 3135 325 3198 siam
339 3153 425 3216 quae
442 3135 475 3198 in
492 3144 526 3199 te
542 3145 665 3217 sperat,
681 3135 714 3198 in
734 3155 858 3198 vanum
877 3135 1017 3216 vigilant
1034 3136 1091 3218 qui
1106 3134 1302 3199 custodiunt
1319 3151 1403 3196 eam.

285 3237 385 3322 Quod
402 3248 515 3303 autem
532 3239 691 3322 sequitur,
705 3239 796 3303 Diri
807 3239 959 3316 Domino,
980 3241 1067 3304 Deus
1082 3259 1172 3303 meus
1192 3258 1225 3301 cs
1241 3247 1286 3314 tu,
1302 3237 1345 3301 ad
1369 3234 1542 3320 apostolos
1565 3241 1599 3297 et

241 3343 284 3408 ad
308 3342 491 3425 discipulos
514 3351 549 3407 et
572 3344 613 3407 ad
639 3364 709 3422 nos,
732 3345 759 3407 si
784 3353 897 3408 tamen
923 3365 1088 3409 meremur
1119 3365 1191 3407 esse
1221 3341 1386 3424 discipuli,
1410 3357 1598 3404 sermonem

242 3448 356 3524 mittit,
366 3448 490 3511 docens
503 3449 583 3531 quid
597 3449 729 3513 locutus
745 3450 788 3512 sit
802 3450 1028 3514 universitatis
1046 3449 1204 3513 Domino,
1221 3446 1312 3531 Quid
1330 3447 1433 3530 igitur
1450 3442 1599 3508 Domino

277 3633 286 3669 1
301 3619 388 3680 Nunc]
401 3619 462 3679 MV,
477 3635 541 3670 corr.
554 3619 580 3669 in
593 3635 670 3683 marg.
686 3637 716 3670 er
729 3621 807 3670 Hunc
818 3620 849 3670 Ο.
930 3621 1120 3684 arepperimus]
1132 3620 1168 3670 ita
1179 3620 1254 3670 codd.
1329 3633 1386 3667 cum
1400 3615 1499 3667 Christi
1507 3623 1599 3680 aposto·

239 3702 284 3765 iis]
295 3702 398 3752 fortasse
410 3701 518 3766 primum
529 3703 649 3767 scripturn
661 3713 714 3752 erat
726 3718 781 3752 rum
794 3703 840 3752 XI
847 3705 971 3768 aposrolis,
984 3703 1021 3753 uti
1033 3704 1091 3754 Act.
1106 3716 1129 3762 2,
1146 3716 1175 3763 14
1188 3699 1232 3752 obv
1244 3703 1299 3759 τοῖς
1311 3696 1410 3752 ἕνδεκα.
1485 3697 1601 3762 dipsitis]

242 3785 352 3843 Maius
363 3784 421 3834 OV.
524 3785 813 3849 riparr'ter]OV;om.
829 3788 865 3836 M.
971 3787 999 3836 1⁶
1019 3786 1196 3850 perscribitur]
1219 3785 1254 3834 ita
1274 3795 1325 3834 tres
1336 3782 1411 3834 codd.
1516 3779 1601 3840 vilest]

240 3869 371 3928 0V;om.
387 3868 424 3916 M.
520 3867 615 3928 Derrrrr]
628 3868 816 3926 M;dorrrimrm
829 3870 885 3920 OV.
978 3883 1010 3918 20
1015 3869 1143 3934 potntrrm]
1157 3870 1183 3917 M
1196 3887 1204 3928 ;
1211 3874 1339 3931 portatum
1351 3864 1407 3915 OV.
1498 3861 1602 3926 23sacio

239 3951 391 4000 adversusre
399 3950 484 4012 cuneo]
494 3949 543 3999 iam
552 3951 711 4014 scripseram,
725 3967 781 4000 cum
794 3952 904 4016 idipsum
916 3954 1015 4018 repperi
1028 3954 1052 4001 in
1067 3953 1093 4001 M
1106 3951 1219 4016 ,sartum
1230 3951 1351 3999 adversus
1360 3963 1384 3995 se
1394 3963 1474 3996 secum
1487 3945 1544 3996 OV.
1559 3943 1598 3993 Cl.

240 4049 315 4100 supra
328 4047 351 4093 2,
365 4046 405 4083 2¹.
506 4045 537 4094 24
560 4033 653 4094 mrrrrrr]
677 4049 771 4082 rrrrcrrrn
790 4035 821 4083 V.
923 4035 1059 4096 ecclesiam]
1071 4035 1159 4099 scripsi
1171 4053 1177 4092 ;
1190 4033 1304 4082 aecclesia
1317 4031 1343 4080 M
1357 4049 1363 4090 ς
1375 4037 1399 4079 rt
1409 4029 1532 4078 ecclesiam
1541 4025 1597 4077 OV.

242 4126 272 4180 25
284 4117 396 4179 vigilant
406 4132 430 4180 q.
444 4115 598 4176 custodiunt]
611 4116 659 4165 OV
670 4134 676 4174 3
689 4117 782 4180 vigilat
792 4135 815 4182 q.
828 4119 935 4167 custodit
947 4119 984 4168 M.
1086 4117 1117 4166 26
1138 4115 1258 4176 Drrrrirro]
1275 4122 1364 4164 mutat.
1384 4113 1409 4162 in
1428 4111 1556 4160 Dominus
1568 4107 1600 4158 0.

244 4199 323 4260 Deru]
335 4198 421 4260 codd,
434 4214 480 4263 pro
492 4199 628 4259 Dominus,
642 4199 674 4249 ci.
689 4216 714 4264 p.
728 4215 781 4264 seq.
796 4201 812 4250 l.
831 4214 849 4249 1.
951 4202 991 4262 ru]
1003 4218 1053 4250 om.
1069 4201 1105 4249 M.
1207 4208 1238 4259 27
1250 4198 1286 4246 ad
1294 4195 1394 4260 discip]
1406 4194 1429 4243 V
1440 4210 1491 4244 orn.
1503 4193 1544 4242 ad.

287 4353 331 4391 rr.
343 4331 455 4412 sumus]
472 4335 538 4390 Act.
557 4353 583 4404 ι,
603 4352 699 4408 2932.
990 4355 1033 4406 ¹4·
1052 4328 1204 4412 accipi'ens]
1222 4329 1297 4389 Phil.
1316 4349 1341 4399 a,
1359 4331 1435 4402 6sq.

289 4415 390 4490 rapui
397 4412 891 4495 clrrisir‘anr'ersrrrolumur]Hieron.
987 4417 1200 4473 22.corrirarr'as
1202 4405 1452 4490 fortitudines]Cl
1452 4454 1457 4466 .
1462 4409 1598 4481 Goelzer,

242 4499 329 4556 Trac.
346 4497 384 4556 de
400 4515 440 4570 ps.
461 4498 610 4556 LXXVII
635 4515 681 4574 59,
709 4519 727 4570 4
746 4497 793 4558 ‘Si
819 4498 893 4556 chri·
946 4500 1009 4556 Lat.
1026 4499 1065 4556 de
1078 4499 1104 4557 S.
1123 4497 1181 4572 Jer.
1199 4513 1225 4570 p.
1242 4512 1308 4568 231,
1322 4505 1352 4551 et
1363 4493 1462 4552 Tract.
1474 4491 1513 4554 de
1525 4491 1600 4573 pral-

242 4577 331 4639 stiani
352 4597 492 4639 sumus...
517 4577 588 4654 quia
603 4598 706 4638 sumus
729 4577 892 4650 christiani,
945 4598 995 4639 mo
1010 4581 1038 4637 X
1051 4597 1139 4658 supra
1155 4600 1182 4654 4.
1203 4577 1246 4640 16.

243 4659 390 4724 debemus
405 4662 528 4723 credere
539 4659 749 4747 evangelistis’.
1151 4689 1155 4696 ·
