4160 5500
465 421 547 508 392
853 427 882 485 S.
907 424 1160 486 HIERONYMI
1185 419 1448 481 PRESBYTERI

466 641 522 722 qui
550 635 662 705 servus
687 662 760 707 sum
790 642 883 707 istius
910 641 968 727 qui
993 652 1102 707 certus
1129 637 1188 720 est,
1211 660 1278 705 non
1303 645 1414 723 potest
1439 636 1608 702 includere
1634 637 1818 702 Dominum

466 763 587 824 meum,
602 767 677 811 cum
706 756 876 829 prematur
902 768 922 812 a
949 769 1044 812 servo
1071 767 1141 812 suo.
1160 746 1263 828 Lapis
1278 763 1358 826 ergo
1374 742 1429 807 ille
1457 763 1523 806 non
1550 741 1661 825 potuit
1687 739 1821 805 eludere

468 850 586 916 lesum.
605 851 650 914 Et
666 851 746 914 dicit
762 853 805 916 ad
823 849 977 916 mulieres
993 871 1079 935 quae
1089 859 1249 915 venerant
1265 847 1307 913 ad
1325 847 1553 931 quaerendum
1571 865 1647 909 eum
1663 867 1670 910 :
1686 851 1693 878 ⁸
1709 845 1819 908 lesum

464 954 647 1036 quaeritis?
676 954 753 1018 Non
782 965 833 1020 est
859 954 913 1019 hic
930 955 944 1020 ¹.
963 956 1032 1020 Ubi
1057 964 1117 1034 est,
1133 955 1166 1019 in
1184 952 1300 1020 caelo?
1317 950 1403 1015 ultra
1428 948 1539 1014 caelos
1566 948 1683 1014 estin
1707 953 1820 1013 terra?

465 1052 551 1121 ultra
575 1066 696 1122 terram
715 1066 774 1124 est.
792 1057 1006 1143 Ubicumque
1033 1069 1083 1124 est
1107 1069 1140 1124 et
1167 1059 1370 1141 ubicumque
1385 1054 1494 1130 fueris,
1511 1062 1547 1118 tu
1563 1053 1636 1136 ipse
1650 1053 1708 1138 qui
1725 1053 1819 1119 ilium
1863 1070 1879 1124 5

466 1161 608 1244 quaeris,
624 1163 656 1224 in
674 1162 747 1245 ipso
778 1183 812 1226 es
839 1183 938 1246 quem
964 1165 1104 1247 quaeris.
1120 1163 1212 1228 Audi
1236 1181 1317 1244 ergo
1339 1159 1418 1244 quid
1435 1157 1517 1223 dicit
1533 1156 1672 1239 angelus
1687 1157 1729 1222 ad
1748 1175 1820 1222 mu-

464 1263 569 1332 lieres.
584 1270 592 1298 ¹
609 1265 700 1348 Quid
717 1267 875 1349 quaeritis
887 1268 1054 1332 viventem
1065 1287 1141 1332 cum
1154 1267 1315 1333 mortuis?
1330 1263 1337 1290 '
1354 1263 1446 1347 Quid
1461 1261 1620 1346 quaeritis
1633 1261 1818 1327 Dominum

464 1368 496 1431 in
514 1369 692 1452 sepulcro?
711 1371 820 1435 iesum
849 1373 1018 1456 quaeritis,
1043 1372 1227 1436 Dominum
1251 1368 1432 1454 quaeritis:
1458 1367 1540 1451 quid
1556 1375 1688 1431 tantum
1709 1367 1818 1430 lesum

463 1473 647 1555 quaeritis?
664 1473 763 1539 Certe
778 1475 805 1536 si
822 1475 949 1540 sciretis
966 1476 1060 1539 illum
1083 1497 1155 1541 esse
1172 1477 1349 1552 viventem,
1365 1473 1544 1537 audiretis:
1560 1476 1567 1504 ⁸
1585 1471 1718 1536 Medius
1735 1470 1821 1534 inter

465 1596 524 1639 vos
541 1584 601 1652 est,
611 1575 711 1659 quem
728 1598 788 1641 vos
804 1578 964 1661 ignoratis
980 1578 997 1647 ¹.
1012 1586 1019 1614 ⁸
1039 1580 1195 1663 Regnum
1215 1581 1278 1644 Dei
1296 1580 1382 1643 intra
1398 1597 1458 1642 vos
1474 1585 1525 1640 est
1540 1577 1557 1642 '.
1575 1575 1727 1659 Angelus
1739 1575 1820 1658 quid
1847 1594 1882 1632 ¹0

467 1678 548 1743 dicit
566 1680 616 1743 his
633 1681 849 1747 mulieribus?
868 1682 979 1747 lesum
1006 1683 1166 1767 quaeritis
1182 1683 1214 1747 in
1232 1682 1409 1766 sepulcro?
1435 1681 1570 1746 Credite
1585 1699 1662 1744 eum
1679 1699 1820 1744 resurre-

467 1783 566 1860 xisse,
581 1793 615 1847 et
636 1785 760 1866 putatis
777 1786 809 1849 in
827 1786 921 1850 vobis
938 1807 1037 1870 quem
1055 1788 1222 1872 quaeritis.
1241 1787 1348 1852 Maria
1371 1784 1575 1869 Magdalena
1591 1805 1666 1850 cum
1683 1785 1821 1849 vidisset

466 1885 663 1965 Dominum,
679 1898 713 1953 et
734 1898 885 1972 putasset
905 1892 995 1975 quod
1014 1892 1210 1956 hortulanus
1226 1891 1310 1956 sit...
1337 1889 1481 1955 Putabat
1504 1888 1598 1954 illum
1622 1890 1713 1972 quod
1732 1897 1822 1953 esset

465 1991 684 2056 hortulanus:
700 1993 831 2058 errabat
847 1995 981 2077 quidem
1000 1995 1032 2059 in
1050 1997 1132 2074 visu,
1148 1998 1205 2061 sed
1224 1997 1294 2078 ipse
1310 2015 1399 2059 error
1415 1992 1561 2059 habebat
1578 2004 1696 2077 typum
1713 2013 1822 2059 suum.

465 2093 552 2159 Vere
565 2095 653 2160 enim
671 2094 868 2161 hortulanus
884 2108 954 2162 erat
968 2098 1060 2162 Iesus
1077 2101 1221 2183 paradisi
1234 2100 1294 2177 sui,
1309 2098 1464 2164 arborum
1482 2099 1635 2183 paradisi.
1652 2104 1659 2132 ⁸
1677 2099 1822 2164 Putabat
1848 2115 1881 2169 ¹⁵

469 2199 587 2283 inquit,
602 2201 694 2282 quod
711 2199 907 2265 hortulanus
923 2213 1011 2266 esset
1027 2202 1035 2231 ²
1051 2213 1084 2268 et
1100 2204 1205 2268 voluit
1229 2204 1394 2288 inquirere
1416 2203 1519 2286 pedes
1535 2203 1614 2267 eius.
1633 2203 1677 2267 Et
1693 2203 1772 2285 quid
1790 2202 1820 2266 ei

466 2303 554 2366 dixit
572 2303 764 2368 Dominus?
780 2310 787 2336 ⁸
806 2304 883 2367 Noli
911 2325 964 2368 me
992 2315 1139 2391 tangere,
1162 2309 1312 2372 nondum
1339 2308 1428 2371 enim
1453 2308 1588 2372 ascendi
1616 2306 1658 2371 ad
1687 2306 1818 2372 Patrem

466 2425 576 2470 meum
595 2406 611 2472 '.
628 2407 708 2471 Noli
737 2427 790 2471 me
806 2418 964 2492 tangere:
984 2430 1051 2476 non
1080 2413 1215 2476 mereris
1240 2432 1293 2476 me
1319 2419 1466 2494 tangere,
1481 2431 1580 2495 quem
1607 2410 1640 2473 in
1666 2410 1820 2493 sepulcro

464 2511 606 2593 quaeris.
620 2510 699 2574 Noli
717 2531 770 2576 me
786 2523 934 2596 tangere,
946 2535 1046 2598 quem
1063 2525 1194 2580 tanturn
1213 2524 1320 2599 putas,
1335 2525 1368 2580 et
1385 2535 1453 2579 non
1469 2513 1575 2578 credis
1592 2513 1819 2579 resurrexisse.

466 2613 547 2677 Noli
567 2633 620 2678 me
637 2624 784 2698 tangere,
800 2617 859 2680 tibi
885 2619 974 2682 euim
992 2618 1134 2684 necdum
1153 2620 1286 2684 ascendi
1302 2620 1345 2684 ad
1364 2620 1496 2684 Patrem
1514 2638 1625 2683 meum
1642 2641 1649 2682 :
1664 2638 1740 2683 curn
1757 2617 1819 2682 tibi
1842 2635 1881 2673 20

461 2719 646 2784 ascendero
661 2721 703 2785 ad
723 2721 866 2799 Patrem,
882 2732 962 2786 tunc
990 2724 1124 2787 mereris
1150 2742 1203 2788 me
1220 2733 1376 2807 tangere:
1393 2730 1584 2807 praestante
1608 2722 1732 2805 Xpisto
1749 2722 1819 2787 Do·

460 2822 551 2887 mino
567 2833 689 2903 nostro,
705 2825 760 2908 qui
777 2825 859 2890 vivit
875 2835 909 2890 et
925 2837 1043 2909 regnat
1060 2827 1092 2891 in
1110 2827 1242 2893 saecula
1259 2827 1476 2893 saeculorum.
1495 2827 1616 2894 Amen.

637 3077 889 3154 HOMILIA
921 3080 995 3154 DE
1032 3080 1388 3157 NATIVITATE
1421 3085 1647 3161 DOMINI.

500 3329 549 3392 Et
563 3329 734 3394 reclinavit
748 3352 821 3396 eum
851 3332 886 3395 iu
897 3334 1070 3416 praesepio,
1087 3335 1165 3418 quia
1183 3357 1244 3399 mm
1259 3347 1331 3402 erat
1344 3338 1392 3402 eis
1406 3339 1492 3404 locus
1507 3340 1542 3404 in
1568 3341 1753 3408 diversorio.
1772 3343 1819 3408 Et

461 3431 632 3497 reclinavit
647 3453 723 3498 eum
741 3444 855 3501 mater.
874 3436 997 3520 Ioseph
1012 3448 1123 3503 autem
1142 3459 1208 3503 non
1225 3440 1371 3507 audebat
1387 3445 1569 3529 adtingere,
1582 3466 1680 3529 quem
1691 3447 1819 3512 sciebat
1842 3471 1879 3523 ²5

491 3615 501 3650 1
515 3609 595 3668 certus
605 3607 650 3670 est]
661 3605 736 3656 codd.
750 3622 765 3656 a
777 3607 867 3672 quibus
880 3608 937 3660 licet
958 3609 1051 3660 invitus
1068 3611 1197 3663 discedere
1216 3614 1301 3675 nolui3
1321 3623 1403 3666 certus
1413 3633 1469 3667 sum
1481 3619 1548 3683 quod
1557 3634 1584 3687 χ.
1686 3631 1700 3668 2
1711 3619 1820 3682 clmiere]
1874 3659 1878 3666 .

456 3684 521 3733 codd
534 3686 668 3745 ;claudere
680 3703 708 3754 χ.
776 3687 1222 3760 Squidiscripsi5qurbzetcodd.
1294 3699 1442 3762 luntatis]
1453 3700 1515 3760 F1.;
1523 3707 1612 3766 putate
1624 3717 1652 3769 χ.
1725 3701 1819 3765 t3hor·

454 3766 571 3829 tulanus]
589 3769 676 3820 hortol.
692 3771 877 3824 Fconstanter.
982 3787 1012 3836 19
1018 3776 1107 3839 putas]
1125 3777 1210 3837 codd;
1224 3785 1297 3848 preter
1309 3795 1336 3847 χ.
1439 3795 1470 3830 22
1487 3784 1535 3848 qui
1544 3799 1569 3834 v.
1582 3799 1602 3834 e.
1617 3779 1714 3848 regnati
1731 3785 1775 3833 cui
1785 3786 1820 3832 sit

456 3849 536 3900 honor
553 3857 577 3899 et
592 3852 676 3915 gloria
688 3869 715 3920 χ.
818 3855 911 3918 Amen]
931 3857 1046 3920 Explicit
1056 3858 1113 3908 oml.
1129 3859 1248 3910 iohannis
1267 3863 1420 3926 evangelista
1432 3864 1452 3912 F
1454 3901 1461 3923 ‚
1475 3865 1500 3915 O
1514 3877 1524 3914 1
1538 3881 1582 3925 m;
1598 3881 1618 3915 e.
1632 3881 1653 3916 o.
1669 3867 1698 3916 r'rr
1711 3865 1820 3916 iohanne

454 3933 607 3995 evangelista
619 3934 649 3994 1..
664 3935 688 3984 Ο
700 3951 754 4000 sup.
770 3935 813 3986 lin.
915 3951 946 4001 23
958 3937 1063 3988 Contuli
1082 3955 1138 3989 cum
1158 3958 1177 4009 χ
1195 3949 1214 3992 t.
1230 3943 1312 3994 11t01.
1331 3956 1376 4009 ¹73
1386 3953 1412 3997 et
1424 3946 1554 3998 codicibus
1566 3949 1586 3996 F
1598 3948 1641 3999 iol.
1656 3949 1711 4010 Sal,
1727 3949 1749 3999 1.
1762 3957 1817 4012 W,

455 4011 479 4062 N
493 4013 508 4062 8
510 4025 547 4076 JV,
561 4015 585 4063 O
598 4025 643 4076 74ν
655 4017 698 4076 (de
710 4016 748 4067 his
761 4018 827 4067 notis
839 4035 913 4084 supra
926 4036 949 4084 p.
962 4021 1010 4083 318
1021 4031 1047 4071 et
1059 4021 1126 4084 376).
1228 4037 1260 4088 24
1271 4025 1318 4087 eis]
1331 4027 1405 4077 FNO
1416 4045 1423 4088 3
1434 4029 1460 4078 rr'
1470 4045 1498 4097 χ.

494 4184 521 4238 4.
538 4186 595 4226 non
610 4165 717 4248 esthr'c]
731 4169 838 4231 Matth.
858 4173 905 4244 28,
921 4189 937 4247 5
951 4190 994 4248 sq.
1164 4176 1314 4253 episcopo.

495 4263 520 4320 7.
535 4265 598 4342 cqm
614 4246 767 4344 rnortur'si]
784 4252 852 4310 Luc.
869 4271 914 4324 24,
929 4272 955 4330 5.
1207 4277 1251 4330 24·
1268 4257 1441 4354 diversorii]
1454 4263 1526 4322 Luc.
1545 4283 1571 4335 ι,
1586 4281 1601 4338 7
1617 4282 1681 4340 sqq.

497 4347 540 4386 ro.
557 4327 712 4411 ignoratis]
729 4333 771 4392 lo.
795 4353 817 4404 r,
836 4335 881 4392 26.
1204 4357 1250 4415 2⁵·
1268 4338 1373 4421 mater]
1400 4344 1526 4404 Hieron.
1549 4344 1690 4406 adversus
1717 4347 1821 4407 Helvi·

553 4407 605 4490 est]
618 4413 687 4472 Luc.
705 4431 749 4486 17,
765 4433 810 4473 21.
1161 4419 1243 4478 dium
1261 4441 1288 4480 n.
1306 4425 1324 4481 8
1352 4425 1445 4500 ‘Ipsa
1467 4425 1572 4501 pannis
1587 4424 1710 4487 involvit
1725 4427 1820 4489 inian-

496 4491 689 4572 16.esser]10.
708 4514 755 4567 20,
776 4513 819 4572 ¹5·
1161 4512 1229 4574 tem,
1246 4501 1309 4578 ipsa
1324 4517 1352 4564 et
1369 4517 1462 4565 mater
1484 4517 1512 4566 et
1538 4507 1679 4568 obstetrix
1694 4509 1756 4572 luit.
1773 4511 1823 4572 Er

495 4575 537 4630 18.
555 4571 660 4653 neerrm]
673 4575 743 4635 ibid.
764 4593 810 4651 17.
1157 4583 1303 4644 collocavit
1332 4605 1404 4658 curn,
1434 4585 1539 4664 inquit,
1569 4589 1600 4648 r'n
1628 4594 1816 4668 praesepto...

493 4671 507 4710 2
513 4673 539 4729 3.
564 4655 678 4715 Habita
693 4657 742 4717 die
759 4677 774 4716 2
778 4675 794 4734 5
812 4658 979 4720 decembris
1001 4679 1101 4720 coram
1156 4663 1251 4723 Maria
1265 4665 1328 4742 ipsa
1344 4667 1449 4744 pannis
1463 4666 1585 4730 involvit
1601 4671 1744 4733 infantem
1759 4673 1775 4733 ³.
