4092 5502
466 417 550 504 330
843 411 871 474 s.
897 409 1153 474 nmsouum
1176 411 1441 473 causariam

465 634 604 712 latrone,
618 651 736 698 omnes
746 640 937 696 sanctorum
951 630 1083 694 animae
1097 629 1140 693 ad
1158 628 1280 694 inferos
1296 628 1555 697 deducebantur.
1572 631 1728 715 Denique
1737 631 1816 696 dicit

465 749 499 804 et
518 739 638 804 Iacob:
654 737 809 819 ‘Lugens
825 744 858 799 et
873 753 1012 817 gemens
1028 733 1229 797 descendam
1246 734 1288 798 ad
1306 731 1427 798 inferos
1437 734 1453 797 '.
1465 733 1501 799 Si
1519 733 1692 801 Abraham
1710 736 1752 800 ad
1768 735 1816 800 in·

465 843 560 922 ieros,
575 843 650 927 quis
667 861 732 905 non
749 839 792 904 ad
819 837 967 903 inferos?
986 837 1025 900 In
1042 837 1115 919 lege
1138 837 1311 901 Abraham
1328 838 1418 920 apud
1435 837 1557 903 Inleros
1572 861 1579 903 :
1595 839 1627 904 in
1644 839 1816 922 evangelio

465 946 551 1011 Iatro
578 947 611 1008 in
638 943 803 1027 paradiso,
821 940 898 1005 Non
925 939 1131 1004 detrahimus
1158 938 1326 1018 Abrahae,
1341 941 1486 1022 inquius
1502 945 1706 1009 sinuomnes
1728 945 1817 1029 cupi·

465 1070 539 1114 mus
554 1049 788 1132 conquiescere
804 1068 811 1109 :
830 1043 887 1108 sed
916 1042 1076 1126 Xpistum
1098 1043 1314 1125 praeferimus
1341 1044 1510 1124 Abrahae,
1526 1047 1737 1131 evangelium
1754 1049 1816 1132 legi
1851 1066 1862 1118 5

464 1152 688 1236 praeferimus.
706 1149 866 1232 Legimus
888 1147 977 1228 quod
995 1155 1071 1228 post
1087 1147 1359 1212 resurrectionem
1385 1149 1497 1232 Xpisti
1516 1152 1611 1216 multi
1627 1161 1816 1216 sanctorum

465 1265 690 1341 apparuerunt
706 1255 739 1317 in
756 1261 872 1316 sancta
882 1250 1025 1314 civitate.
1038 1249 1205 1314 Dominus
1221 1260 1334 1315 noster
1349 1263 1451 1336 atque
1468 1254 1623 1319 Salvator
1638 1267 1671 1320 et
1688 1256 1817 1322 interra

465 1359 677 1444 praedicavit,
693 1367 726 1422 et
742 1355 831 1438 apud
848 1353 970 1418 inferos
984 1353 1196 1435 praedicavit.
1215 1353 1296 1418 ideo
1314 1365 1464 1421 mortuus
1479 1367 1540 1436 est,
1555 1359 1631 1422 ideo
1646 1360 1817 1424 descendit

465 1465 508 1529 ad
526 1463 657 1540 inferos,
673 1469 709 1525 ut
725 1461 856 1524 animae
872 1477 958 1540 quae
974 1456 1020 1519 ibi
1036 1458 1167 1521 vinctae
1184 1456 1315 1523 fuerant
1331 1457 1532 1526 laxarentur.

508 1567 707 1630 praedicans
730 1563 935 1648 evangelium
959 1561 1054 1642 regni
1077 1561 1151 1639 Dei,
1170 1571 1201 1625 et
1220 1562 1349 1627 dicens:
1364 1566 1518 1647 quoniam
1540 1566 1754 1650 adirrrpletrem
1774 1577 1820 1632 est
1835 1585 1865 1624 ἰο

466 1671 548 1753 legis
564 1679 695 1751 tenpus,
711 1668 802 1732 venit
814 1665 1012 1748 principium
1028 1663 1200 1748 evangelii,
1211 1665 1483 1751 adpropinquavit
1498 1689 1634 1758 regnum
1649 1671 1723 1736 Dei.
1743 1671 1817 1736 Non

465 1779 562 1855 dixit,
578 1778 644 1841 iam
661 1785 710 1840 est
727 1794 865 1857 regnum
884 1772 949 1836 Dei
968 1797 975 1836 ε
990 1772 1059 1850 sed,
1079 1773 1360 1856 adpropinquavit
1377 1793 1515 1855 regnum
1533 1773 1607 1838 Dei.
1622 1773 1816 1859 Antequam

465 1901 529 1962 ego
545 1880 652 1963 patiar
668 1886 702 1943 et
717 1877 912 1960 sanguinem
927 1874 1154 1954 lundam,non
1172 1887 1222 1940 est
1239 1888 1390 1959 apertum
1408 1897 1546 1958 regnum
1566 1877 1652 1943 Dei:
1669 1889 1817 1962 propter·

465 2005 504 2048 ea
520 1983 809 2066 adpropinquavit,
819 1981 897 2064 quia
909 1981 1051 2044 necdum
1068 1999 1185 2062 passus
1201 2001 1286 2046 sum.
1301 1980 1532 2058 Paenitemini,
1546 1991 1577 2043 et
1590 1980 1707 2045 credite
1722 2003 1817 2046 evan·

459 2087 567 2172 gelio:
590 2106 801 2170 nequaquam
826 2084 901 2166 legi,
917 2084 976 2146 sed
1001 2083 1183 2166 evangelio,
1200 2085 1304 2148 immo
1320 2104 1378 2166 per
1395 2084 1502 2166 legem
1528 2085 1712 2168 evangelio,
1736 2088 1819 2150 sicut
1840 2109 1864 2160 ις

465 2192 624 2274 scripturn
649 2199 700 2254 est
726 2189 806 2252 ‘Ex
835 2186 899 2250 lide
915 2187 949 2250 in
973 2185 1073 2250 fidem
1090 2188 1105 2250 '.
1132 2186 1231 2250 Fides
1259 2186 1341 2269 legis
1361 2185 1460 2252 fidem
1478 2189 1641 2271 evangelii
1664 2191 1818 2254 corrobo-

466 2298 558 2359 ravit.

507 2398 557 2462 Et
561 2397 762 2480 praeteriens
775 2415 863 2459 serres
877 2415 967 2458 mare
980 2393 1155 2470 Galilaeae,
1171 2392 1257 2457 vidit
1270 2393 1435 2457 Simonem
1449 2403 1481 2457 et
1497 2393 1665 2458 Andream
1672 2395 1819 2475 fratrem

464 2503 535 2567 eius
549 2503 711 2566 mittentes
720 2501 804 2565 retia
815 2501 849 2563 in
859 2519 949 2563 mare
962 2523 974 2562 .·
988 2508 1083 2562 erant
1093 2499 1180 2562 enirn
1188 2498 1372 2580 piscatores.
1389 2499 1517 2578 Simon,
1533 2501 1676 2564 necdum
1694 2501 1819 2579 Petrus,

465 2645 508 2656 -
524 2608 666 2671 necdum
682 2605 771 2669 enirn
789 2614 921 2668 secutus
946 2602 1052 2666 iuerat
1070 2602 1214 2680 Petram,
1230 2612 1266 2666 ut
1282 2601 1504 2686 appellaretur
1518 2603 1634 2668 Petrus
1645 2603 1817 2668 -Simon
1833 2625 1865 2668 ἰο

466 2712 566 2794 igitur
580 2719 614 2775 et
630 2708 785 2773 Andreas
801 2708 902 2772 irater
912 2707 992 2784 eius,
1007 2725 1083 2770 curn
1108 2713 1219 2770 essent
1234 2705 1330 2769 iuxta
1347 2724 1438 2768 mare
1454 2713 1486 2768 et
1503 2706 1675 2770 mitterent
1690 2707 1774 2772 retia
1785 2705 1817 2768 in

466 2834 598 2879 mare...
627 2812 800 2896 Scriptura
826 2831 892 2876 non
909 2812 989 2875 dicit
1005 2810 1084 2892 quia
1107 2809 1267 2874 miserunt
1283 2819 1316 2873 et
1332 2819 1490 2891 ceperunt
1516 2809 1631 2890 pisces.
1648 2810 1743 2874 Vidit
1771 2813 1817 2873 in-

465 2920 548 3002 quit,
564 2899 738 2983 Simonem
765 2925 799 2980 et
825 2915 998 2980 Andream
1015 2914 1149 2978 fratrem
1167 2913 1236 2978 eius
1253 2914 1425 2977 mittentes
1441 2912 1523 2975 retia
1540 2912 1573 2976 in
1591 2933 1682 2976 mare
1700 2937 1707 2977 :
1723 2923 1818 2978 erant

466 3023 555 3086 enim
572 3023 761 3105 piscatores.
778 3019 893 3084 Refert
908 3021 996 3083 enim
1022 3017 1230 3100 evangelium
1252 3017 1343 3098 quod
1360 3015 1442 3078 retia
1459 3015 1689 3081 mitterentur:
1705 3027 1817 3082 tamen

453 3147 533 3190 non
550 3126 631 3194 dicit
647 3125 724 3206 quia
740 3122 865 3206 aliquid
881 3121 1038 3205 ceperint.
1056 3121 1162 3202 Igitur
1188 3129 1266 3184 ante
1282 3119 1471 3202 passionem
1488 3120 1609 3184 dicitur
1624 3123 1716 3202 quod
1731 3121 1817 3186 scili·
1834 3145 1864 3199 ²5

466 3239 519 3294 cet
531 3229 681 3293 miserint
697 3229 778 3292 retia
792 3251 799 3291 :
814 3237 926 3290 tarnen
944 3245 1009 3290 non
1037 3225 1190 3289 scribitur
1214 3225 1302 3308 quod
1331 3225 1567 3307 prendiderint.
1586 3227 1665 3291 Post
1691 3229 1816 3310 passio-

466 3353 541 3398 nem
559 3353 637 3397 vero
653 3332 789 3396 mittunt
817 3340 886 3394 rete
902 3339 936 3394 et
952 3331 1139 3411 prendunt:
1155 3339 1188 3393 ct
1215 3338 1346 3392 tantum
1363 3329 1539 3412 prendunt,
1556 3341 1592 3394 ut
1617 3331 1699 3396 teria
1728 3353 1816 3398 rum·

466 3445 595 3520 pantur.
610 3435 787 3499 Mittentes
803 3433 885 3498 retia
900 3434 933 3497 in
951 3453 1051 3509 mare,
1068 3445 1162 3498 erant
1185 3433 1273 3497 enim
1291 3435 1481 3517 piscatores.

507 3635 532 3675 a.
548 3619 590 3675 ad
601 3611 718 3695 inseras]
734 3616 809 3675 Gen.
834 3631 881 3690 37,
904 3631 950 3692 35.
1167 3613 1197 3674 in
1223 3611 1346 3687 inferno,
1363 3613 1430 3690 quis
1452 3614 1482 3672 in
1507 3614 1659 3674 caelorum
1684 3617 1818 3693 regnoi’

549 3699 586 3758 Si
598 3697 751 3756 Abraham
770 3698 811 3754 ad
833 3691 951 3776 inferos]
967 3697 1038 3755 Luc.
1070 3697 1113 3766 16,
1246 3696 1285 3754 In
1297 3695 1354 3771 lege
1368 3695 1522 3756 Abraham
1532 3695 1616 3774 apud
1627 3696 1733 3773 inseras
1747 3693 1817 3777 ete]

466 3797 501 3837 aa
518 3797 613 3856 sq.-
637 3779 822 3855 iheronep.
843 3795 906 3854 129,
924 3797 951 3836 n.
971 3799 985 3836 2
1005 3778 1115 3836 ‘Haec
1167 3776 1292 3835 Hieron.
1319 3775 1389 3836 ibid.
1416 3779 1518 3836 ‘Ante
1547 3775 1699 3838 Christum
1727 3779 1818 3839 Abra·

464 3873 517 3934 est,
544 3873 577 3920 ut
604 3861 741 3933 diximus,
772 3873 848 3920 terra
886 3859 1048 3919 viventium
1166 3859 1234 3916 ham
1250 3859 1331 3934 apud
1346 3858 1476 3932 Inieros;
1491 3871 1558 3935 post
1573 3859 1726 3920 Christum
1742 3863 1817 3920 latro

463 3961 541 4019 quae
555 3955 624 4002 ante
644 3942 805 4002 adventurn
821 3940 851 3999 in
875 3959 963 4000 carne
990 3939 1114 3998 Domini
1165 3938 1195 3997 in
1218 3938 1374 4015 paradiso'
1390 3959 1399 4012 ς
1424 3958 1469 4015 ep.
1499 3941 1545 4014 78,
1570 3957 1663 4000 mans.
1696 3962 1734 4018 34
1761 3943 1816 4000 ‘In

464 4025 622 4084 Salvatoris
637 4043 693 4084 nec
715 4023 866 4082 Abraham
878 4041 935 4082 nec
962 4024 1046 4081 Isaac
1058 4038 1114 4080 nec
1165 4021 1229 4096 lege
1253 4021 1415 4081 descensus
1431 4022 1470 4080 ad
1494 4019 1603 4080 interos
1614 4043 1623 4096 ς
1638 4023 1668 4082 in
1695 4041 1818 4101 evange·

465 4106 557 4166 Iacob
583 4125 639 4166 ncc
668 4107 830 4182 prophetae
856 4103 948 4163 etalii
977 4102 1046 4162 iusti
1060 4099 1113 4160 viri
1165 4101 1205 4160 lio
1219 4101 1258 4160 ad
1280 4101 1450 4178 paradisum
1467 4102 1776 4179 transmigratio’etc.

463 4187 608 4264 consequi
623 4199 793 4266 potuerunt.
810 4185 950 4260 Denique
971 4197 1001 4245 et
1023 4183 1114 4242 Abra·
1207 4201 1232 4257 7.
1248 4179 1373 4263 onitate]
1391 4183 1498 4242 Matth.
1516 4200 1562 4257 27,
1580 4200 1616 4259 5²
1633 4203 1676 4262 sq.

464 4270 543 4342 ham,
569 4270 638 4328 licet
653 4268 776 4328 diversis
799 4266 882 4339 locis,
906 4285 976 4326 cum
1002 4267 1113 4324 Lazaro
1209 4271 1251 4323 rb.
1269 4261 1411 4344 infidam]
1427 4265 1515 4324 Rom.
1537 4283 1560 4336 r,
1580 4283 1624 4339 17·

464 4351 580 4410 videtur
601 4351 682 4428 apud
704 4349 835 4423 inieros3
856 4360 884 4408 et
903 4347 994 4406 iacob
1016 4347 1057 4406 vir
1073 4347 1113 4404 iu·
1207 4363 1251 4420 27·
1269 4343 1584 4426 utretritrnrpantnr]
1597 4349 1816 4425 'Appareqhoc

465 4445 527 4490 stus
541 4431 633 4492 dicit:
654 4433 768 4507 Lugens
789 4437 938 4506 etgernens
951 4429 1112 4487 descendam
1163 4427 1231 4487 ioco
1256 4427 1352 4504 inquit
1378 4429 1529 4500 Erasinus,
1555 4428 1729 4506 iruposituru
1751 4447 1815 4490 esse

464 4514 506 4571 ad
524 4515 671 4589 insonum
683 4515 689 4541 ’
702 4527 756 4572 etc.
1165 4527 1325 4570 meritonae
1350 4507 1479 4570 auctoris
1494 4511 1508 4569 '.
1537 4509 1583 4571 CI.
1609 4511 1680 4570 Luc.
1698 4529 1726 4587 5,
1743 4513 1761 4570 6
1786 4523 1815 4571 et

506 4615 532 4671 3.
548 4597 613 4671 quis
626 4614 684 4654 non
697 4595 740 4652 ad
760 4593 866 4668 inseras
878 4589 902 4673 l]
924 4593 1047 4653 Hieron.
1066 4610 1111 4668 ep.
1166 4590 1209 4650 lo.
1229 4610 1274 4664 21,
1295 4611 1338 4650 rr.
1674 4605 1676 4608 ·

465 4679 512 4749 60,
529 4696 556 4736 n.
574 4696 612 4752 3:
629 4681 635 4707 ‘
651 4675 682 4736 Si
697 4677 848 4736 Abraham
875 4677 960 4735 isaac
975 4687 1004 4736 et
1019 4674 1114 4732 Iacob
