4202 5492
601 442 855 504 TRACTATUS
879 443 935 500 DE
958 443 1125 503 PSALMO
1150 443 1325 503 LXXXIII.
1587 445 1643 527 91,

289 656 322 720 in
338 676 441 739 regno
456 658 634 734 caelorum,
651 659 756 724 maior
779 669 830 724 est
858 659 914 724 illo
926 657 942 726 '.
960 661 1085 725 Sensus
1111 661 1155 726 ibi
1183 662 1246 724 iste
1267 668 1339 724 est:
1362 661 1528 726 lohannes
1556 660 1643 725 inter

288 781 404 825 omnes
416 763 569 827 homines
586 763 691 827 maior
705 775 763 844 est,
790 775 832 844 et,
848 766 874 829 si
891 765 990 829 vultis
1007 767 1097 843 scire,
1114 767 1184 847 ipse
1199 775 1250 830 est
1267 765 1405 847 angelus
1420 786 1428 844 ;
1445 766 1507 829 iste
1527 776 1640 830 autem

288 865 344 949 qui
360 867 393 929 in
410 875 496 932 terra
513 868 650 950 angelus
667 879 726 944 est,
742 871 774 934 in
802 890 906 952 regno
930 871 1096 935 caelorum
1123 869 1321 933 novissimus
1347 878 1406 946 est,
1428 868 1491 932 hoc
1516 877 1576 945 est,
1598 871 1642 934 ab

287 971 414 1054 angelis
432 973 540 1036 minor
555 984 603 1036 est
621 974 694 1055 ;qui
710 985 822 1038 autem
835 975 942 1039 minor
954 985 1004 1038 est
1016 975 1050 1037 in
1064 971 1418 1056 regnocaelorumltoc
1430 981 1482 1036 est
1492 971 1642 1054 angelus,

254 1083 268 1135 5
288 1075 393 1139 maior
408 1086 457 1140 est
474 1077 517 1140 ab
532 1077 597 1139 isto
613 1077 668 1158 qui
684 1077 717 1140 in
735 1089 821 1142 terra
836 1079 992 1144 omnibus
1010 1079 1114 1142 maior
1130 1088 1188 1142 est.
1199 1077 1274 1141 Hoc
1290 1085 1341 1140 est
1356 1096 1435 1166 ergo
1452 1077 1639 1171 nuncquod

286 1180 367 1243 dicit
383 1179 545 1262 propheta
561 1205 567 1244 :
586 1181 684 1263 Elegi
694 1181 834 1246 abiectus
847 1203 912 1246 esse
927 1183 962 1245 ia
977 1181 1069 1246 domo
1080 1182 1147 1246 Dei
1158 1180 1229 1256 mei,
1244 1179 1307 1242 hoc
1322 1189 1383 1257 est,
1399 1179 1555 1243 minimus
1568 1199 1640 1246 esse

287 1283 375 1347 volui
397 1284 429 1346 in
447 1305 550 1368 regno
562 1285 739 1364 caelorum,
754 1307 854 1368 quam
882 1287 915 1350 in
932 1286 996 1350 isto
1012 1285 1144 1350 saeculo
1160 1285 1295 1367 primus.
1314 1283 1409 1366 Elegi
1421 1283 1562 1348 abiectus
1575 1305 1641 1348 esse

287 1387 322 1450 in
336 1388 429 1451 dorato
444 1390 511 1453 Dei
528 1391 598 1468 mei,
612 1411 711 1472 quam
737 1389 886 1454 habetare
904 1389 940 1454 in
964 1389 1180 1454 tabernaculis
1195 1397 1406 1471 pcccatorum.
1423 1386 1641 1454 Considerate

285 1490 366 1571 quid
382 1491 481 1567 dicat,
497 1490 608 1575 Quam
626 1492 775 1556 habitare
792 1493 823 1554 in
841 1492 1062 1557 tabernaculis
1078 1501 1300 1573 peccatorum.
1316 1491 1548 1557 Tabernacula
1559 1477 1638 1556 'non

238 1607 268 1643 ¹⁰
286 1589 409 1656 habent
437 1591 702 1674 fundamentum,
718 1597 774 1660 sed
805 1606 1056 1678 pertranseunt:
1077 1609 1189 1661 tamen
1216 1597 1272 1681 qui
1290 1605 1445 1678 peccator
1459 1605 1520 1675 est,
1543 1617 1638 1661 num·

284 1715 385 1779 quarn
402 1697 522 1761 accolit
534 1707 664 1777 terram,
680 1701 737 1763 sed
755 1700 920 1764 Inhabitat
936 1710 969 1763 et
985 1701 1141 1782 possidet

331 1800 419 1878 Quia
434 1802 690 1867 misericordiam
714 1813 745 1866 et
767 1804 937 1866 veritatem
962 1803 1074 1884 diligit
1092 1804 1187 1868 Deus.
1205 1804 1283 1868 Duo
1299 1804 1407 1888 diligit
1425 1804 1527 1882 Deus,
1543 1806 1639 1870 mise·

284 1905 459 1970 ricordiam
476 1914 510 1970 et
526 1908 708 1973 veritatem.
725 1906 760 1973 Si
779 1917 908 1972 tantum
927 1909 1112 1972 misericors
1126 1917 1223 1984 esset,
1238 1927 1355 1972 omnes
1368 1928 1428 1972 nos
1444 1910 1486 1972 ad
1504 1921 1639 1992 peccata

285 2021 502 2092 provocaret:
518 2011 545 2072 si
562 2021 691 2073 tanturn
709 2011 882 2075 veritatem
899 2011 1059 2094 diligeret,
1083 2030 1183 2073 nemo
1199 2031 1291 2092 spem
1314 2012 1451 2077 haberet
1467 2013 1640 2097 paeniten-

184 2101 211 2118 ”
235 2129 266 2183 ¹5
286 2117 360 2182 tiae.
377 2118 555 2199 Propterea
571 2119 639 2181 duo
655 2117 792 2201 quaerit,
807 2125 897 2179 etex
914 2114 1019 2178 altero
1035 2115 1175 2178 alterum
1193 2124 1366 2198 temperat.
1381 2115 1417 2180 Si
1431 2128 1641 2197 peccatores,

285 2223 362 2286 audi
379 2221 625 2286 misericordem
646 2222 765 2298 Deum,
788 2229 822 2283 et
838 2219 905 2282 noli
922 2220 1107 2310 desperare,
1123 2229 1156 2282 et
1171 2239 1234 2300 age
1245 2217 1495 2302 paenitentiam.
1509 2219 1545 2285 Si
1561 2240 1640 2284 uero

286 2324 390 2389 iustus
405 2345 450 2402 es,
466 2326 534 2389 noli
558 2325 738 2408 neglegens
753 2341 834 2397 esse,
850 2321 927 2404 quia
945 2320 1038 2386 Deus
1054 2322 1200 2386 clemens
1216 2331 1285 2386 est:
1313 2323 1471 2405 quoniam
1492 2324 1583 2387 Deus
1607 2333 1641 2388 et

285 2428 390 2492 iustus
406 2437 466 2504 est,
480 2439 514 2492 et
526 2429 699 2492 veritatem
716 2425 835 2506 diligit.

331 2531 485 2595 Gratiam
508 2540 541 2594 et
556 2531 701 2613 gloriam
725 2529 817 2594 dabit
844 2529 1011 2594 Dominus.
1038 2531 1115 2595 Non
1143 2531 1242 2608 dixit,
1263 2530 1411 2596 Gloriam
1439 2541 1473 2596 et
1496 2533 1638 2616 gratiam

234 2653 267 2690 20
285 2635 399 2700 dabit:
415 2637 472 2700 sed
489 2636 568 2719 quid
582 2636 695 2699 dixit?
714 2635 867 2699 Gratiam
879 2648 909 2698 et
919 2633 1063 2716 gloriam
1079 2633 1171 2698 dabit
1183 2635 1354 2702 Dominus.
1372 2636 1518 2702 Primum
1535 2638 1640 2703 donat

169 2821 174 2830 Ι
284 2746 431 2819 peccata,
446 2749 478 2802 et
495 2748 612 2821 postea
627 2747 773 2802 coronat.

328 2825 404 2904 Noa
426 2843 577 2924 privabit
598 2843 689 2906 ionis
713 2827 762 2905 eor
787 2842 846 2924 qui
868 2841 1040 2906 orabularrt
1064 2843 1098 2904 itt
1120 2843 1308 2908 innocentia.
1334 2844 1455 2908 Melius
1480 2844 1580 2909 babet
1605 2825 1639 2909 in

284 2945 527 3010 hebraico:‘In
554 2945 781 3027 perlectione'.
816 2947 1010 3011 innocentia
1037 2947 1125 3010 enim
1154 2967 1220 3011 non
1254 2957 1305 3013 est
1335 2949 1482 3031 perlecta
1511 2951 1640 3014 virtus:

283 3049 442 3128 quoniam
459 3049 514 3130 qui
530 3049 690 3112 innocens
707 3058 765 3126 est,
782 3051 844 3112 nisi
861 3049 1014 3114 habuerit
1029 3061 1062 3115 et
1078 3051 1299 3132 prudentiam,
1317 3072 1382 3116 non
1400 3063 1450 3117 est
1474 3053 1640 3136 perfectae

234 3171 264 3223 ²5
284 3135 602 3235 consummataeque
625 3153 764 3218 virtutis.
782 3155 960 3236 Propterea
987 3155 1070 3217 dicit
1095 3155 1196 3218 etiarn
1218 3156 1251 3218 in
1275 3156 1471 3238 evangelio:
1496 3157 1641 3223 ‘Estote

284 3259 463 3341 prudentes
489 3269 524 3322 ut
551 3269 730 3342 serpentes,
753 3268 787 3322 et
810 3259 977 3341 simplices
1002 3271 1039 3323 ut
1068 3259 1243 3324 columbae
1255 3259 1270 3323 '.
1297 3260 1439 3324 Domine
1468 3260 1639 3328 virtutum.

284 3361 407 3427 Videte
422 3363 503 3445 quid
519 3363 618 3438 dicat,
639 3363 785 3427 Domine
811 3363 980 3427 virtutum.
998 3365 1089 3446 Ergo
1105 3363 1241 3446 quando
1257 3375 1394 3448 peccata
1409 3365 1521 3449 aliqua
1537 3365 1639 3431 habe·

285 3487 357 3532 mus
374 3467 407 3531 in
424 3467 530 3544 nobis,
546 3467 648 3542 Deus,
663 3469 719 3549 qui
735 3468 900 3531 Dominus
917 3468 1076 3534 virtutum
1092 3479 1153 3545 est,
1169 3489 1235 3532 non
1252 3479 1303 3532 est
1321 3469 1488 3533 Dominus
1505 3481 1640 3535 noster:

284 3573 360 3656 quia
374 3555 541 3636 Dominus
558 3580 687 3635 nonest
704 3583 925 3653 peccatorum,
940 3573 998 3635 sed
1016 3572 1185 3637 iustorum.
1203 3573 1325 3636 Beatus
1341 3571 1397 3635 vir
1409 3572 1469 3655 qai
1482 3577 1590 3654 s'perat
1605 3572 1649 3636 ire.

234 3693 266 3744 30
283 3683 320 3739 te.
341 3674 402 3739 Ille
426 3685 538 3757 sperat
564 3676 595 3738 in
621 3674 779 3753 Domino,
791 3676 848 3757 qui
869 3675 1108 3740 conscientiam
1138 3695 1205 3739 non
1224 3675 1326 3740 habet
1343 3685 1566 3758 peccatorum,
1582 3677 1638 3760 qui

283 3779 396 3844 oculos
421 3779 542 3843 liberos
562 3780 604 3843 ad
631 3779 761 3842 caelum
787 3779 883 3842 levat.
910 3778 980 3842 Iste
1004 3787 1124 3862 sperat,
1143 3775 1200 3860 qui
1224 3797 1260 3843 se
1281 3779 1343 3842 scit
1369 3797 1436 3842 non
1459 3776 1639 3842 offendisse

284 3885 467 3950 Dominum
485 3903 591 3948 suum.

315 4071 412 4137 ascire]
423 4070 528 4135 recepere
540 4069 594 4119 GP.
699 4079 726 4130 17
738 4069 841 4117 cientem
852 4067 896 4128 est]
908 4065 994 4116 Codex
1008 4065 1024 4117 S
1036 4066 1072 4116 ita
1084 4067 1258 4132 prosequitur:
1278 4067 1341 4132 quia
1354 4065 1423 4116 Deus
1440 4065 1578 4116 misericors
1588 4069 1640 4115 cst:

282 4159 305 4201 et
316 4152 399 4202 iustus
408 4159 444 4202 est
453 4168 473 4202 e.
487 4167 511 4200 v.
525 4151 550 4202 d.
652 4162 684 4214 30
692 4148 855 4216 peccatoram]
862 4149 1020 4213 peccatricem
1032 4149 1084 4199 SG.
1420 4155 1423 4160 ’

323 4339 350 4391 4.
376 4317 428 4377 icoc
445 4323 494 4390 cst,
510 4313 641 4396 angelus]
664 4315 790 4376 Hieron.
801 4314 831 4374 in
853 4315 933 4374 hunc
978 4357 981 4362 -
1026 4335 1041 4373 2
1047 4335 1072 4392 3.
1087 4316 1117 4374 in
1123 4313 1304 4398 perfectione]
1319 4319 1405 4376 Psalt.
1418 4315 1498 4376 hebr.
1512 4317 1636 4376 Hieron.

284 4397 429 4459 Matthaei
441 4397 558 4458 locum:
576 4397 724 4473 ‘Quidam
738 4395 931 4456 novissimum
986 4401 993 4428 ‘
1009 4417 1064 4456 ncc
1079 4398 1247 4474 prohibebit
1263 4399 1376 4458 bonum
1390 4397 1430 4458 ab
1446 4396 1491 4456 his
1506 4395 1557 4473 qui
1577 4413 1636 4454 am·

283 4481 419 4557 angelum
443 4477 473 4538 in
494 4477 584 4538 caelis
608 4478 741 4538 Domino
766 4478 932 4538 ministran·
986 4478 1089 4537 bulant
1105 4478 1133 4537 in
1149 4479 1356 4558 perlectione'.

283 4571 342 4622 tem
358 4559 511 4620 meliorem
527 4561 629 4620 volunt
644 4559 779 4636 accipere
799 4559 934 4636 quolibet
1027 4562 1072 4620 2⁶.
1088 4557 1242 4640 caluariae]
1260 4563 1365 4620 Matth.
1386 4581 1429 4634 ro,
1449 4562 1494 4620 16.

283 4641 377 4720 primo
392 4640 515 4701 homine
530 4639 581 4718 qui
596 4653 727 4701 versetur
743 4643 770 4700 tn
786 4640 868 4701 terris
882 4643 898 4700 ¹.
