4060 5498
460 411 716 485 rancrnrus
747 425 804 484 ur:
834 424 1004 485 rsauuo
1034 425 1242 488 Lxxxvrrr.
1477 431 1531 520 59

179 623 235 682 Ille
245 622 325 682 enim
336 622 387 700 qui
397 625 568 696 anathema,
579 625 609 685 id
621 635 673 696 est,
687 624 887 703 perditionem
900 627 1021 702 prolert,
1037 644 1149 687 novum
1165 636 1377 687 testamentum
1388 629 1530 702 ostendit,

176 720 205 780 in
232 740 294 798 quo
319 735 444 799 peccata
463 723 713 784 anathematizare
733 723 879 795 iubemur,
902 722 1024 786 dicente
1041 725 1176 785 Domino
1202 724 1288 784 ‘Nisi
1314 725 1529 802 paenitentiam

175 819 311 896 egeretis,
327 839 433 881 omnes
448 820 536 879 simul
552 819 685 898 peribitis
697 822 711 878 '.

216 919 347 977 Domine
371 921 403 978 in
426 919 537 978 lumina
558 920 659 978 tultus
682 921 731 978 tui
751 920 950 980 ambutabunt.
978 922 1014 980 In
1036 920 1256 982 illuminatione
1279 920 1382 997 utique
1403 921 1529 998 Spiritus

125 1027 139 1078 5
175 1015 279 1074 sancti.
296 1017 344 1074 Et
356 1017 388 1077 irr
403 1019 518 1080 namr'ne
531 1027 588 1090 tuo,
605 1018 635 1078 id
651 1030 704 1091 est,
720 1017 891 1079 christiano.
1103 1089 1108 1098 ¹

221 1113 369 1189 Quoniam
381 1116 479 1192 gloria
494 1117 617 1176 or'rtutis
636 1117 757 1177 illorum
781 1126 814 1177 tu
839 1139 874 1191 rs,
898 1127 926 1178 et
948 1120 979 1179 in
1002 1120 1172 1197 beneplacito
1185 1130 1235 1179 tuo
1247 1120 1430 1179 exaltabitur
1441 1139 1530 1180 cornu

176 1221 315 1272 nastrum.
332 1213 415 1273 Sicut
431 1213 474 1274 eis
488 1213 676 1292 beneplacita
698 1217 818 1276 luerunt
839 1227 999 1294 praecepta
1019 1228 1079 1290 tua,
1096 1217 1136 1277 ita
1151 1217 1205 1278 tibi
1228 1216 1451 1293 beneplacitum
1473 1229 1528 1290 est,

174 1324 202 1371 et
218 1311 248 1370 in
263 1322 292 1372 te
308 1311 484 1372 exaltabitur
499 1313 590 1373 virtus
605 1333 717 1374 eorum.

220 1410 370 1486 Quoniam
396 1411 527 1472 Domini
545 1418 587 1470 est
608 1413 774 1489 assumptio,
800 1411 898 1471 carnis
921 1411 1033 1490 utique.
1058 1414 1104 1472 Et
1123 1414 1330 1473 sanctilsrael
1340 1416 1414 1490 regis
1428 1417 1528 1474 nostri.

125 1528 156 1564 ιο
175 1509 274 1584 Ipsius
291 1509 415 1569 Domini
432 1509 525 1569 nostri
542 1509 611 1568 Ie'su
628 1509 749 1583 Christi,
765 1508 816 1584 qui
831 1509 863 1568 in
878 1512 997 1570 saecula
1011 1523 1122 1588 regnat.

215 1608 299 1668 Hinc
315 1609 422 1670 iterum
439 1607 586 1686 propbeta
607 1608 646 1667 ad
669 1610 787 1668 Patrem
810 1608 963 1682 loquitur:
989 1611 1072 1667 Tunc
1091 1609 1199 1668 locutus
1220 1630 1249 1669 es
1273 1611 1303 1670 in
1325 1619 1439 1688 asprata
1451 1611 1530 1687 filiis

174 1709 252 1768 tuis:
285 1707 314 1766 in
348 1706 463 1766 'visione
495 1704 605 1766 sanctis
637 1704 705 1779 tuis,
731 1706 884 1784 prophetis
908 1706 966 1765 tuis
991 1718 1083 1783 atque
1105 1707 1219 1768 electis.
1244 1711 1292 1768 Et
1312 1710 1533 1783 dicistil’asui

176 1807 361 1865 adiutorium
378 1810 472 1882 'super
485 1815 640 1885 patentem,
663 1814 691 1866 et
710 1809 845 1867 exaltavi
863 1809 977 1866 deatum
998 1810 1032 1865 de
1046 1809 1127 1884 plebe
1147 1828 1229 1867 mea:
1249 1809 1402 1871 Christum
1427 1811 1529 1870 Domi-

174 1923 256 1977 num,
272 1905 324 1982 qui
340 1916 497 1982 propterea
513 1907 626 1965 electus
641 1904 680 1964 de
695 1907 810 1981 populo
825 1903 943 1978 dicitur,
959 1908 1030 1982 quia
1040 1925 1161 1966 carnem
1175 1907 1336 1985 assumpsit
1348 1928 1384 1967 err
1395 1909 1528 1969 homine.

124 2026 134 2064 r
140 2024 155 2075 5
214 2003 324 2062 Inveni
335 2001 444 2061 Dauid
455 2021 569 2062 serviam
584 2023 685 2062 meana.
703 2004 742 2062 ld
758 2014 812 2074 est,
828 2003 918 2080 elegit
944 2015 976 2062 ut
997 2002 1060 2062 eius
1085 2021 1194 2080 genere
1218 2016 1382 2066 assumeret
1397 2025 1528 2067 carnem.

175 2101 267 2175 Quod
283 2111 386 2160 autern
401 2099 450 2172 ait,
468 2119 586 2160 servum
602 2111 714 2172 meum,
737 2101 893 2178 apostolus
915 2101 1074 2179 explanat:
1102 2101 1192 2160 ‘Non
1215 2101 1347 2178 rapinam
1371 2104 1529 2165 arbitratus

174 2209 218 2258 est
233 2217 299 2259 esse
314 2218 346 2258 se
361 2200 518 2275 aequalem
535 2201 612 2272 Deo,
639 2199 693 2260 sed
718 2199 915 2276 semetipsum
940 2198 1113 2272 exinanivit,
1136 2201 1263 2260 sormam
1284 2205 1359 2263 servi
1384 2204 1528 2283 accepit'.

179 2298 247 2357 Olea
262 2304 360 2356 sancto
374 2316 434 2356 mea
448 2297 527 2356 unxi
537 2317 600 2356 eum
614 2319 620 2357 :
639 2298 697 2356 hoc
712 2309 766 2371 est,
782 2297 895 2358 laetitia
909 2308 941 2359 et
954 2297 1120 2358 sanctitate.

214 2397 330 2456 Manus
345 2396 421 2455 enirn
436 2415 498 2454 ntra
513 2396 714 2456 auxiliabitur
725 2399 759 2470 ei,
774 2405 803 2456 et
815 2398 965 2456 brachium
980 2417 1071 2456 areum
1081 2397 1325 2472 confortabrtrum
1335 2399 1364 2458 in
1374 2413 1530 2478 assumpto

117 2515 155 2552 ιο
172 2515 306 2573 corpore.

211 2597 306 2656 Nihil
315 2596 445 2673 profics’rt
457 2596 593 2656 inirnicns
607 2597 638 2656 in
653 2617 699 2657 eo:
724 2597 863 2658 diabolus
879 2596 1001 2657 scilicet.
1017 2599 1063 2656 Et
1069 2598 1156 2672 fitius
1169 2598 1335 2674 r'rrrbuitatis
1349 2618 1406 2655 non
1424 2598 1531 2657 nocebit
1597 2645 1600 2650 ,

169 2697 202 2754 ei.
221 2695 313 2756 Iudas
328 2694 461 2756 traditor.

212 2795 259 2852 Et
271 2795 417 2853 cancritam
433 2795 562 2854 inimicos
576 2795 636 2854 eius
649 2814 668 2852 a
675 2795 755 2870 firn'e
767 2795 878 2872 ipsius:
899 2806 929 2854 et
953 2795 1085 2854 Iudaeos
1108 2793 1220 2869 utique,
1243 2791 1294 2868 qui
1316 2812 1406 2869 saepe
1427 2811 1445 2850 a
1468 2794 1528 2852 Do-

170 2891 253 2950 mino
270 2891 398 2964 confusi,
415 2904 569 2967 tamquam
585 2891 699 2951 concisi
714 2891 830 2968 gladiis,
847 2890 1044 2951 discedebant
1059 2909 1077 2950 a
1092 2902 1256 2966 conspectu
1268 2889 1340 2950 eius.
1353 2890 1528 2950 Etodientas
1595 2959 1605 2976 υ

115 3006 149 3060 ²5
169 3011 234 3050 eant
252 2991 400 3067 insugam
414 2998 575 3050 convertam
590 3009 659 3049 curn
675 2989 877 3050 daemonibus
902 2988 976 3049 dicit
998 2988 1119 3066 iniquis,
1145 2988 1197 3064 qui
1223 3007 1323 3048 coram
1348 3007 1386 3048 eo
1407 2987 1526 3063 saepius

168 3089 332 3167 fugiebant.

213 3191 259 3249 Et
269 3189 383 3251 'veritas
398 3208 460 3248 ntea
475 3197 502 3247 at
515 3188 711 3247 misericordia
727 3207 789 3245 mea
803 3206 866 3246 cura
880 3187 949 3263 iaso,
965 3194 993 3244 et
1004 3186 1036 3244 in
1051 3187 1165 3245 nantino
1178 3204 1237 3244 mm
1250 3187 1528 3251 exaltabiturcarnu

170 3287 241 3346 eins.
258 3288 305 3345 Et
314 3297 427 3365 ponam
443 3287 475 3346 in
491 3287 704 3343 marimanam
720 3284 787 3357 eins,
803 3293 830 3342 et
843 3285 875 3342 in
881 3283 1059 3359 fluminibus
1074 3283 1192 3341 dextera
1207 3285 1283 3344 eries:
1299 3285 1357 3346 hoc
1371 3301 1424 3362 est,
1438 3311 1528 3370 super

170 3385 355 3462 principatus
370 3396 399 3444 et
417 3394 579 3461 potestates
594 3382 708 3442 mundi.

114 3509 150 3558 3⁰
211 3487 278 3561 Ipse
292 3483 439 3545 invocabit
451 3501 502 3554 me,
519 3482 612 3542 Pater
625 3499 703 3540 rrrrus
725 3501 752 3540 rs
773 3488 813 3540 tu.
838 3481 904 3556 Ego
920 3481 1144 3557 porniogenitum
1154 3490 1264 3556 ponam
1279 3485 1372 3558 r'tlum,
1388 3493 1526 3548 excelsum

167 3593 242 3660 prae
257 3583 370 3658 regibus
383 3590 486 3642 terrae.
504 3579 624 3639 Etenim
641 3579 791 3639 Dominus
807 3580 894 3638 Iesus
911 3577 1147 3655 ‘primogenitus
1162 3599 1199 3639 ex
1214 3581 1339 3642 mortuis
1349 3586 1364 3656 '‚
1387 3584 1463 3645 sicut
1485 3588 1526 3648 ait

168 3682 334 3759 apostolus,
351 3682 485 3740 excelsus
500 3680 608 3751 factus,
626 3680 725 3737 caelos
739 3679 916 3749 ascendens,
930 3697 1022 3753 regna
1036 3678 1143 3736 mundi
1159 3677 1309 3738 subiciens
1324 3695 1442 3743 cuncta.
1491 3693 1493 3698 ’

210 3783 250 3840 ln
275 3787 427 3839 aeternum
442 3781 560 3839 servabo
574 3779 623 3838 illi
635 3779 862 3838 misericordiam
877 3797 978 3849 roseam,
1001 3785 1029 3835 et
1040 3784 1239 3837 testamentum
1260 3780 1446 3857 rnerrmfidele
1460 3784 1523 3861 absi.

169 3881 257 3939 Haec
272 3879 302 3937 in
318 3878 446 3939 ecclesia
460 3877 675 3954 perpetualiter
690 3888 857 3949 conservat,
868 3894 957 3952 quam
970 3875 1098 3935 redemit
1109 3894 1161 3952 per
1173 3885 1385 3937 testamentum
1401 3899 1523 3941 suorum

112 4003 145 4056 33
166 3987 405 4054 praeceptorum.
461 4019 463 4023 -
1515 4037 1516 4040 ,

206 4077 254 4134 Et
260 4084 373 4153 ponam
389 4075 422 4134 in
436 4075 579 4134 saeculum
593 4075 703 4133 saeculi
713 4074 887 4146 sedernrius,
903 4081 932 4132 et
943 4073 1080 4131 thronum
1101 4073 1162 4131 eim
1182 4072 1256 4132 sicut
1274 4075 1333 4134 dies
1351 4078 1427 4136 carli.
1445 4080 1524 4140 Con-

209 4341 235 4396 3.
253 4319 390 4396 peribitis
425 4321 496 4377 Luc.
517 4338 563 4394 13,
580 4337 607 4394 3.
845 4319 849 4324 ’
873 4336 943 4376 men
965 4317 1122 4392 quoddam
1145 4315 1338 4374 christianum
1362 4315 1430 4375 lreic
1444 4335 1522 4376 conr-

172 4457 178 4469 ,
213 4419 257 4475 17.
281 4399 385 4478 accepit
412 4399 488 4459 Phil.
508 4419 533 4471 a,
550 4402 568 4457 6
583 4419 625 4475 sq.
872 4399 1051 4460 memorari:
1075 4397 1244 4457 ‘Dominus
1260 4398 1346 4455 Iesus
1360 4396 1373 4476 l
1389 4399 1523 4458 excelsus

210 4502 258 4560 3¹·
281 4500 317 4540 ax
330 4479 465 4562 mortuis]
480 4482 548 4542 Col.
568 4502 593 4553 r,
613 4483 656 4541 18.
727 4511 737 4522 =
870 4483 982 4558 lactus(
993 4481 1094 4540 caelos
1106 4480 1286 4556 ascendens)
1299 4497 1388 4556 regna
1399 4479 1523 4558 mundis

211 4585 257 4642 32.
268 4559 509 4646 excelsusfortus]
520 4563 609 4624 Conl.
623 4562 717 4624 Hebr.
731 4579 756 4638 7,
772 4566 817 4622 26.
871 4561 1023 4622 subiciens
1035 4573 1144 4621 cuncta
1153 4563 1168 4620 '.

166 4648 324 4724 Simulque
340 4657 422 4706 recte
442 4644 611 4732 suspicetur
632 4644 739 4724 aliquis
751 4663 819 4706 car-
