4092 5502
485 447 568 530 294
863 448 891 506 S.
917 444 1169 506 HIERONYMI
1193 443 1458 504 PRESBYTERI

481 684 584 748 quare
611 664 784 730 diximus?
800 665 851 730 Ut
877 664 1020 728 sciamus
1046 663 1078 724 in
1107 661 1171 726 isto
1187 660 1318 744 psalmo
1344 660 1475 727 alleluia
1502 683 1575 727 esse
1600 665 1837 748 praepositum.

482 768 634 833 Laudate
655 769 848 832 Dominum.
867 769 961 832 Haec
978 768 1216 848 interpretatio,
1233 788 1308 831 cum
1325 769 1448 850 egressi
1464 767 1632 848 fuerimus,
1646 771 1835 835 considera·

481 873 570 937 bitur
585 874 617 936 in
635 873 790 938 cordibus
806 873 923 937 vestris
939 893 947 948 ;
962 881 1108 935 ceterum
1125 890 1235 934 sermo
1250 870 1452 936 dilatabitur.

528 975 674 1040 Laudato
698 976 889 1053 Dominum,
903 975 1058 1057 quoniam
1076 974 1192 1039 bonum
1211 975 1363 1057 psalmus
1395 975 1471 1038 Non
1501 976 1597 1054 dixit,
1612 976 1721 1042 bonus
1747 978 1835 1060 psal·

481 1099 564 1157 mus,
580 1082 636 1145 sed
654 1081 815 1157 absolute,
831 1080 956 1143 bonum
975 1078 1143 1162 psalmus:
1168 1077 1230 1141 hoc
1258 1087 1317 1156 est,
1332 1079 1421 1143 bona
1437 1098 1487 1141 res
1511 1088 1562 1143 est
1577 1080 1726 1162 psallere
1744 1079 1834 1144 Psal-
1870 1103 1882 1155 5

480 1185 548 1250 lere
564 1195 685 1264 autem,
702 1207 768 1250 non
783 1205 872 1262 voce,
884 1185 942 1248 sed
958 1185 1065 1247 corde.
1080 1184 1205 1267 Quanti
1219 1182 1342 1246 bonam
1353 1203 1469 1248 uocem
1486 1183 1621 1260 habent,
1630 1192 1664 1248 et
1675 1185 1834 1267 quoniam

483 1299 673 1372 peccatores
693 1300 779 1368 sunt,
792 1290 878 1354 male
890 1288 1044 1371 psallunt.
1056 1289 1146 1350 Bene
1162 1287 1273 1368 psallit
1286 1284 1341 1369 qui
1355 1297 1469 1350 cantat
1481 1289 1514 1350 in
1525 1289 1633 1364 corde,
1642 1289 1699 1372 qui
1722 1298 1836 1353 cantat

482 1394 606 1477 Xpisto
622 1395 654 1458 in
666 1395 879 1459 conscientia.
893 1394 962 1456 Deo
973 1395 1080 1456 trustra
1089 1392 1136 1454 sit
1143 1391 1277 1455 iocunda
1287 1390 1441 1455 laudatio.
1460 1390 1512 1455 Sit
1523 1391 1666 1456 iocunda
1678 1391 1836 1467 laudatio,

481 1518 546 1561 non
560 1518 649 1576 voce,
664 1501 722 1562 sed
740 1499 950 1562 conscientia.
969 1497 1123 1578 Denique
1133 1506 1165 1558 et
1179 1495 1252 1559 Noe
1263 1495 1385 1560 obtulit
1398 1495 1523 1558 hostias
1539 1500 1547 1528 ‘
1563 1505 1597 1558 et
1606 1497 1767 1561 odoratus
1784 1505 1835 1558 est

480 1601 646 1666 Dominus
662 1603 798 1667 odorem
817 1602 990 1665 suavitatis
1006 1599 1022 1665 ’.
1042 1601 1151 1664 Multa
1168 1609 1244 1662 sunt
1255 1599 1524 1682 quaedicantur:
1539 1601 1597 1663 sed
1616 1619 1676 1663 nos
1692 1599 1835 1662 breviter
1855 1630 1883 1666 ιο

477 1704 638 1770 debemus
655 1726 785 1770 summa
801 1725 953 1788 quaeque
968 1706 1199 1787 perstringere,
1209 1713 1244 1767 ut
1254 1723 1387 1767 sensum
1406 1704 1513 1786 magis
1529 1705 1833 1788 indicemus,quam

477 1809 579 1874 verba
594 1808 720 1876 latiora.
1358 1809 1361 1818 “

521 1914 711 1998 Aedificans
726 1915 935 1979 Hierusalem
951 1913 1125 1991 Dominus,
1140 1911 1349 1993 dispersiones
1364 1911 1495 1978 Israhel
1507 1913 1719 1996 congregabit.
1740 1913 1833 1998 Quo·

360 2025 368 2040 '
479 2019 581 2081 modo
592 2017 1015 2096 aedificeturHierusalem,
1027 2017 1198 2100 quomodo
1209 2017 1372 2100 dispersio
1384 2029 1614 2101 congregetur,
1626 2018 1692 2083 iam
1705 2019 1832 2104 dictum

480 2132 537 2186 est.
555 2121 723 2204 Quoniam
741 2123 842 2205 igitur
857 2122 898 2186 de
915 2122 985 2186 istis
1001 2123 1132 2186 duobus
1147 2120 1315 2185 versiculis
1332 2121 1508 2186 dissertum
1522 2130 1581 2198 est,
1593 2130 1626 2185 et
1643 2141 1742 2204 super
1755 2118 1832 2185 alie·
1854 2145 1880 2197 ις

480 2245 558 2289 num
590 2224 844 2290 fundamentum
883 2247 948 2289 non
986 2226 1148 2289 debemus
1179 2223 1361 2304 aedificare,
1387 2226 1429 2289 ad
1463 2226 1587 2310 reliqua
1616 2235 1833 2290 transeamus.

478 2329 664 2394 Videamus
680 2331 779 2412 igitur
794 2331 966 2411 quomodo
992 2328 1183 2396 aedificetur
1202 2333 1434 2398 Hierusalem:
1451 2335 1484 2398 in
1502 2335 1635 2419 reliquis
1652 2335 1740 2398 enim
1758 2355 1833 2417 pro·

479 2433 630 2517 pheticus
646 2452 755 2496 sermo
770 2433 952 2516 descripsit.

526 2539 594 2617 Qui
615 2547 713 2602 sanat
738 2540 889 2603 contritos
910 2539 1008 2603 corde.
1025 2539 1156 2604 Videtis
1181 2543 1351 2622 quomodo
1377 2543 1570 2606 aedificatur
1597 2542 1831 2606 Hierusalem:

479 2653 638 2707 sanantur
653 2643 785 2706 contriti
802 2644 909 2707 corde.
926 2642 992 2707 Cor
1018 2645 1196 2708 contritum
1215 2656 1248 2709 et
1265 2645 1474 2710 humiliatum
1493 2645 1585 2710 Deus
1602 2667 1668 2710 non
1697 2647 1831 2729 spernit.
1852 2669 1881 2705 20

480 2747 527 2812 Et
541 2747 685 2829 alligans
702 2746 906 2810 contritiones
919 2763 1037 2811 eorum.
1053 2746 1105 2809 Tu
1122 2757 1287 2812 cortuum
1305 2755 1448 2822 contere,
1463 2757 1496 2810 et
1514 2747 1681 2810 Dominus
1697 2745 1833 2828 colligat

480 2854 695 2917 contritiones
719 2862 799 2916 tuas.
819 2851 1048 2916 Samaritanus
1076 2849 1129 2914 ille
1156 2851 1213 2933 qui
1239 2851 1463 2916 descendebat
1490 2852 1532 2915 de
1560 2849 1769 2914 Hierusalem
1795 2849 1831 2912 in

482 2957 794 3040 Hiericho,quando
810 2957 893 3020 vidit
909 2955 1116 3019 vulneratum
1135 2957 1296 3018 iacentem
1313 2956 1345 3018 in
1365 2955 1489 3032 itinere,
1498 2955 1679 3037 conligavit
1695 2953 1832 3018 vulnera

477 3062 555 3126 eius.
574 3062 643 3124 Iste
668 3071 717 3126 est
742 3061 784 3124 de
810 3081 878 3144 quo
894 3069 927 3125 et
952 3078 1039 3124 nunc
1066 3059 1195 3136 dicitur,
1212 3059 1256 3122 Et
1284 3058 1424 3142 alligans
1451 3059 1667 3122 contritiones
1691 3057 1832 3122 illorum.

479 3163 554 3228 Hoc
573 3165 692 3229 dicitur
707 3165 749 3229 de
765 3165 816 3229 his
833 3165 889 3247 qui
906 3174 1010 3247 agunt
1028 3164 1276 3246 paenitentiam.
1290 3163 1445 3228 Ceterum
1463 3163 1566 3227 dehis
1577 3163 1633 3246 qul
1650 3182 1716 3226 non
1728 3171 1832 3244 agunt
1850 3191 1878 3243 ²5

478 3269 726 3349 paenitentiam,
743 3269 862 3332 dicitur
877 3292 884 3331 ε
900 3273 907 3300 ¹
925 3267 1002 3331 Non
1019 3276 1070 3331 est
1097 3268 1263 3350 malagma
1281 3269 1447 3350 inponere,
1465 3286 1572 3349 neque
1587 3266 1708 3342 oleum,
1725 3285 1833 3347 neque

477 3375 668 3458 alligaturas
684 3375 699 3440 ¹.

523 3477 591 3557 Qui
607 3489 758 3542 nrrmerat
785 3477 1027 3542 multitudinem
1043 3477 1220 3540 stellarum.
1238 3475 1334 3559 Quae
1359 3475 1597 3558 consequentia
1624 3475 1720 3538 iuxta
1745 3473 1831 3537 litte-

481 3605 561 3663 ram,
572 3585 617 3648 Et
630 3583 770 3667 alligans
780 3584 995 3648 contritiones
1007 3603 1135 3647 eorum:
1148 3582 1204 3665 qui
1216 3589 1367 3645 numerat
1381 3579 1628 3644 multitudinem
1642 3577 1832 3643 stellarum?

509 3789 719 3853 ainterpretatio]
733 3788 748 3856 β
761 3789 836 3840 inser.
849 3798 893 3840 est.
986 3787 1113 3852 3inlom.
1129 3787 1158 3838 B.
1252 3787 1453 3850 vestn'anostrr's
1467 3783 1490 3850 β.
1585 3785 1732 3850 4qrronr'onr
1743 3785 1833 3834 mnam

473 3873 598 3937 psolnrur]
609 3889 633 3937 q.
647 3874 724 3922 bonus
730 3881 757 3937 p.
772 3873 793 3923 C
806 3891 813 3932 3
825 3891 847 3937 q.
863 3875 939 3922 barrus
950 3882 984 3924 cst
991 3881 1017 3938 p.
1033 3875 1089 3933 Gl;
1106 3889 1130 3936 q.
1144 3872 1233 3920 bonurn
1243 3869 1369 3933 psalmum
1384 3869 1410 3918 B.
1513 3879 1526 3930 5
1545 3884 1582 3917 res
1601 3863 1645 3926 est]
1665 3867 1704 3916 Gl
1723 3883 1773 3916 om.
1788 3873 1829 3917 cst.

477 3955 493 4004 6
505 3971 555 4003 non
567 3956 631 4017 uoce]
644 3958 673 4004 r'n
685 3972 739 4006 uoce
749 3956 782 4005 G.
865 3951 898 4004 ’22
910 3955 1011 4016 latiora]
1020 3957 1163 4004 lamlatiora
1175 3953 1197 4003 G
1212 3971 1219 4012 ;
1231 3954 1366 4002 laurstr'ora
1380 3953 1400 4012 l,
1414 3967 1443 4001 ex
1455 3953 1588 4001 Iautr'tr'ora
1599 3951 1642 4011 (cl.
1653 3966 1728 4016 supra
1738 3967 1762 4015 p.
1775 3951 1830 4016 283,
1896 3995 1899 4002 ,

476 4037 557 4098 1.29).
629 4037 851 4102 14dr'spersrolom.
864 4037 887 4105 β.
960 4034 1626 4100 17llrrmsaIerullinser.etadmlr'quotranseanrur.
1697 4045 1726 4094 19
1742 4033 1834 4084 Vnum

475 4135 497 4183 q.
513 4135 548 4168 ae.
565 4121 598 4169 H.
614 4137 632 4168 s.
647 4137 666 4170 c.
680 4121 758 4182 corde]
772 4118 787 4187 β
800 4137 849 4170 orn.
950 4118 1369 4185 aedificatur]aedistcrturCcorr.
1471 4115 1793 4184 nospemr'tldssrdespr'cr'!
1802 4118 1832 4177 C,

475 4202 578 4266 dispicit
589 4203 622 4262 G,
635 4204 748 4268 dr'spiciet
762 4204 781 4253 l.
851 4215 879 4253 21
893 4201 1012 4266 allrpanr]
1026 4204 1045 4252 B
1056 4220 1064 4262 ;
1077 4204 1165 4266 alle'gat
1178 4201 1193 4268 β
1206 4209 1229 4250 et
1242 4209 1289 4249 cet.
1366 4197 1473 4263 colligat]
1486 4199 1505 4248 B
1516 4215 1524 4258 ;
1536 4201 1629 4262 rollipn't
1641 4197 1656 4266 β
1668 4216 1675 4257 ;
1687 4199 1780 4264 collegit
1793 4199 1815 4250 G
1826 4216 1833 4258 3

475 4285 570 4346 colliga
584 4285 595 4333 l
608 4301 614 4342 ;
627 4285 718 4346 alluat
729 4285 758 4334 C.
837 4297 867 4333 22
880 4284 1219 4349 Sarrtoritonu518unrarilis
1232 4283 1263 4332 G.
1333 4283 1364 4332 r'n
1376 4281 1506 4342 Hiericho]
1519 4283 1541 4330 G
1554 4299 1603 4332 om.
1619 4283 1656 4332 iu.
1734 4283 1833 4344 24allr'·

473 4363 547 4428 gans]
562 4366 620 4415 BGI
634 4385 640 4426 ;
653 4367 742 4429 alluat
756 4365 802 4432 βΟ.
905 4379 936 4428 29
948 4367 985 4415 Et
994 4366 1114 4429 allr’gans]
1126 4373 1148 4416 rt
1159 4366 1248 4430 allegat
1261 4363 1276 4431 β
1289 4373 1314 4414 et
1325 4365 1399 4415 codd.
1414 4363 1454 4414 hic
1465 4383 1472 4424 3
1485 4363 1497 4412 Ι
1510 4379 1560 4414 om.
1574 4371 1604 4415 rt.

520 4571 563 4609 10.
579 4547 745 4632 suauitatis]
762 4553 838 4611 Gen.
853 4553 880 4622 8,
899 4571 944 4610 21.
1183 4569 1246 4611 ron.
1264 4549 1506 4612 Commentariol.
1524 4551 1552 4610 h.
1570 4570 1612 4629 ps.
1630 4573 1658 4629 p.
1677 4571 1733 4612 100
1756 4555 1833 4614 ‘Iste

518 4653 562 4690 20.
582 4653 637 4690 nan
649 4631 771 4713 spernit]
793 4635 832 4690 Ps.
854 4651 900 4708 50,
922 4653 965 4706 19.
1182 4643 1225 4692 est
1242 4634 1280 4692 de
1296 4633 1449 4710 evangelio
1465 4633 1640 4694 Samarites’
1655 4645 1711 4695 etc.

517 4733 562 4786 ²4·
580 4716 639 4774 Iste
652 4725 693 4776 est
705 4715 738 4773 de
758 4734 814 4792 quo
827 4721 854 4774 el
873 4734 952 4773 nunc
964 4711 1034 4795 etc]
1058 4713 1130 4775 Hie·
1224 4731 1269 4790 27.
1286 4712 1475 4795 alligaturas]
1494 4715 1531 4774 Is.
1554 4735 1578 4789 1,
1595 4719 1621 4774 6.
