4154 5494
437 417 517 476 212
821 415 850 476 S.
875 413 1129 476 HIERONYMI
1151 415 1416 476 PRESBYTERI

437 633 577 716 mystice
593 631 719 716 loquor.
735 633 806 697 Nee
830 633 918 697 enim
943 652 1031 698 nunc
1054 632 1235 716 periculum
1259 641 1309 696 est
1333 645 1451 698 sancto
1475 633 1544 698 viro
1570 654 1592 699 a
1613 633 1796 699 latronibus

438 735 597 808 interfici:
616 735 778 820 siquidem
796 746 958 820 martyres
973 738 1136 818 sanguine
1152 757 1212 800 suo
1226 735 1383 800 vicerunt.
1396 737 1584 802 Convertere
1597 738 1711 802 anima
1726 759 1797 801 mea

438 843 473 906 in
489 842 631 923 requiem
653 853 744 904 tuam
760 864 767 904 :
781 841 860 923 qnia
883 841 1048 907 Dominus
1069 841 1219 922 benefecit
1237 841 1304 905 tibi.
1322 840 1433 925 Quod,
1448 841 1566 925 inquit,
1595 842 1796 906 converteris

438 967 459 1010 o
476 947 588 1010 anima
608 945 640 1008 in
658 945 847 1028 paradisum
865 969 872 1008 :
889 966 954 1009 uon
972 946 1049 1027 quia
1065 945 1167 1028 digna
1183 965 1227 1022 es,
1242 945 1301 1009 sed
1318 946 1562 1011 misericordiae
1579 945 1716 1010 Domini
1736 956 1796 1011 est.

439 1051 489 1116 Ut
505 1051 614 1114 exires
639 1049 681 1112 de
712 1051 878 1131 paradiso,
893 1059 952 1113 tuo
968 1049 1049 1113 vitio
1065 1049 1188 1112 sactum
1205 1059 1254 1112 est
1270 1071 1276 1112 :
1294 1058 1330 1113 ut
1346 1059 1458 1113 autem
1476 1050 1600 1127 redeas,
1614 1050 1794 1115 misericor·
1829 1068 1846 1123 5

439 1155 515 1220 diae
531 1153 669 1218 Domini
690 1153 760 1217 suit.
773 1153 818 1216 Et
831 1174 891 1216 nos
907 1154 1058 1217 dicamus
1073 1154 1204 1216 animae
1220 1162 1371 1218 nostrae:
1384 1154 1585 1219 Convertere
1598 1155 1631 1218 in
1649 1155 1794 1238 requiem

439 1269 541 1323 tuam.
558 1257 703 1339 Requies
731 1265 844 1320 nostra
880 1256 1021 1338 Xpistus
1046 1267 1095 1320 est
1112 1257 1205 1321 Deus
1221 1269 1340 1323 noster.
1361 1257 1397 1324 Si
1417 1259 1553 1342 quando
1577 1257 1734 1322 fuerimus
1761 1258 1794 1322 in

439 1363 602 1446 angustia,
617 1371 651 1424 et
666 1361 811 1442 coeperit
828 1381 888 1424 nos
903 1362 1064 1442 cogitatio
1080 1362 1246 1443 captivare
1263 1363 1294 1425 in
1322 1361 1688 1445 peccatum,dicamus:
1707 1361 1793 1426 Con-

438 1477 564 1531 vertere
579 1465 692 1528 anima
708 1473 820 1528 nostra
837 1464 869 1527 in
887 1466 1032 1547 requiem
1049 1475 1151 1530 tuam.

488 1569 577 1650 Quia
590 1568 711 1651 arriduit
730 1570 878 1632 arrimom
894 1590 998 1632 ineam
1021 1569 1060 1634 de
1082 1579 1190 1635 morte.
1210 1571 1362 1635 Necdum
1380 1569 1477 1634 rediit
1494 1570 1526 1633 in
1544 1571 1745 1653 paradisum,
1760 1578 1794 1633 et
1811 1591 1852 1654 ro·

440 1676 507 1740 iam
524 1695 560 1738 se
575 1674 607 1737 in
633 1673 843 1736 securitatem
868 1673 991 1737 redisse
1015 1675 1104 1738 dicit.
1120 1671 1229 1764 Dixit,
1245 1674 1446 1740 Convertere
1469 1673 1581 1737 anima
1606 1693 1680 1738 mea
1696 1673 1729 1736 in
1745 1693 1794 1736 re·

439 1780 552 1863 quiem
568 1786 660 1842 tuam
674 1797 682 1854 ;
694 1786 727 1840 et
744 1776 837 1859 quasi
857 1797 990 1842 securus
1006 1778 1096 1854 dicit,
1108 1777 1195 1861 Quia
1206 1778 1326 1862 eripuit
1341 1778 1489 1843 animam
1503 1797 1613 1840 meam
1625 1777 1667 1842 de
1679 1787 1794 1844 morte.

441 1882 587 1966 Quando
602 1880 722 1962 eripuit
744 1879 890 1962 animam
912 1901 1020 1944 meam
1038 1883 1080 1944 de
1097 1886 1225 1944 morte?
1243 1883 1306 1945 Pro
1323 1901 1376 1946 me
1393 1900 1509 1964 passus
1522 1891 1571 1944 est
1583 1882 1675 1945 Deus
1692 1901 1795 1958 meus,

439 2007 500 2071 pro
517 2003 570 2049 me
590 1982 768 2046 crucifixus
791 1991 841 2048 est
870 1983 962 2048 Deus
987 2003 1089 2062 meus,
1104 1995 1137 2048 et
1152 1983 1228 2048 dico
1243 2008 1249 2048 :
1265 1989 1272 2016 ‘
1289 1984 1358 2049 Ubi
1382 1998 1431 2050 est
1457 2006 1545 2050 mors
1560 1985 1698 2050 victoria
1714 1990 1794 2049 tua?

438 2087 494 2152 ubi
511 2097 560 2150 est
577 2083 702 2149 inferne
722 2085 876 2150 stimulus
892 2088 1003 2150 tuus?'
1022 2087 1135 2152 Oculos
1157 2107 1240 2151 meos
1254 2109 1275 2151 a
1290 2088 1443 2154 lacrimis.
1455 2089 1594 2168 Ploravi,
1606 2099 1643 2154 ut
1655 2090 1795 2154 rideam:
1811 2111 1844 2166 ις

440 2192 521 2271 luxi,
536 2201 573 2255 ut
588 2189 621 2254 in
638 2190 877 2272 sempiternum
906 2192 1081 2272 gaudeam.
1098 2190 1164 2275 Qui
1181 2191 1213 2253 in
1230 2194 1396 2273 praesenti
1417 2213 1482 2258 non
1502 2193 1667 2276 ploratio
1686 2194 1795 2259 futuro

439 2293 671 2360 lacrimabitur.
687 2299 695 2326 ⁴
712 2293 807 2356 Beati
843 2294 930 2356 enim
959 2294 1016 2377 qui
1045 2294 1168 2376 lugent,
1183 2295 1261 2378 quia
1277 2296 1347 2378 ipse
1361 2298 1622 2363 consolabuntur
1638 2298 1653 2362 ’.
1672 2298 1701 2362 E
1717 2318 1795 2362 con-

440 2401 542 2464 trario
557 2406 669 2462 autem
696 2397 857 2460 dicimus:
873 2401 880 2428 ‘
897 2397 969 2460 Vae
986 2397 1081 2462 vobis
1103 2398 1159 2481 qui
1175 2399 1299 2475 ridetis,
1314 2401 1470 2481 quoniam
1489 2401 1644 2484 lugebitis
1660 2402 1675 2466 ¹.
1693 2401 1797 2466 Pedes

439 2525 523 2568 meos
548 2524 569 2566 a
594 2502 697 2584 lapsu.
734 2499 822 2584 Quia
845 2520 912 2563 non
935 2511 1097 2565 steterunt
1121 2502 1223 2584 pedes
1246 2504 1310 2566 mei
1337 2523 1435 2586 super
1458 2514 1597 2588 petram,
1620 2513 1795 2589 propterea

440 2613 448 2642 ‘
465 2629 571 2693 paene
589 2607 671 2671 moti
685 2613 762 2668 sunt
774 2604 875 2687 pedes
889 2607 963 2682 mei,
976 2627 1080 2688 paene
1096 2605 1191 2671 effusi
1207 2617 1284 2671 sunt
1299 2627 1431 2690 gressus
1447 2610 1512 2674 mei
1523 2610 1538 2675 '.
1557 2611 1704 2675 Liberali
1715 2619 1795 2675 sunt
1811 2635 1849 2674 oo

440 2716 542 2798 pedes
559 2713 623 2777 mei
643 2732 664 2776 a
680 2711 783 2794 lapsu.
801 2709 938 2794 Quare?
954 2713 1030 2795 quia
1043 2733 1202 2776 conversa
1212 2725 1261 2778 est
1273 2714 1386 2777 anima
1398 2733 1472 2778 mea
1484 2715 1517 2777 in
1531 2715 1677 2797 requiem
1689 2735 1792 2779 suam.

480 2819 616 2884 Placebo
637 2837 744 2882 ceram
765 2817 907 2882 Domino
936 2818 971 2880 in
990 2819 1116 2900 regione
1138 2818 1297 2883 vr'vorum.
1322 2817 1457 2896 Videor,
1471 2818 1588 2898 iuquit,
1604 2817 1795 2882 hominibus

440 2945 511 2989 esse
528 2926 643 3000 iustus,
665 2922 721 3005 qui
738 2941 839 3005 opera
866 2921 954 2986 bona
978 2942 1043 2987 non
1068 2922 1195 2986 habeo:
1211 2922 1325 2986 videor
1348 2922 1539 2986 hominibus
1555 2943 1627 2986 esse
1651 2933 1796 3002 sanctus,

440 3029 495 3112 qui
512 3028 612 3091 verba
629 3027 717 3090 bona
738 3044 803 3088 non
821 3024 936 3091 babeo.
952 3026 1028 3089 Hoc
1044 3039 1155 3090 autem
1174 3026 1283 3089 David
1300 3027 1390 3102 dicit,
1401 3026 1581 3092 hocsaucti
1597 3027 1795 3107 dicunt,hoe

438 3132 581 3216 apostoli
598 3132 771 3194 locuntur:
797 3141 951 3212 peccator
966 3131 1054 3194 enim
1072 3131 1135 3193 hoc
1151 3150 1216 3193 non
1234 3130 1387 3212 loquitur.
1402 3131 1491 3215 Quid
1509 3131 1655 3216 loquitur
1671 3133 1795 3195 iustus?
1812 3157 1848 3210 ²5

439 3238 529 3322 Quia
544 3236 644 3300 verba
660 3244 693 3298 et
709 3254 811 3317 opera
835 3232 924 3297 bona
941 3254 1007 3298 non
1024 3234 1140 3312 habeo,
1157 3245 1190 3298 et
1205 3245 1340 3300 sanctus
1355 3235 1479 3312 videor,
1495 3244 1528 3301 et
1544 3234 1661 3298 laudor
1676 3234 1719 3298 ab
1734 3235 1794 3298 ho·

440 3341 603 3406 minibus:
620 3358 684 3421 ego
699 3348 810 3402 autem
835 3339 911 3402 novi
935 3339 1171 3403 conscientiam
1190 3359 1308 3418 meam,
1324 3341 1393 3403 scio
1409 3339 1562 3422 qualibus
1582 3338 1793 3422 cogitationi·

438 3444 501 3508 bus
525 3460 580 3505 cor
603 3460 714 3504 meum
738 3439 886 3518 fluctuat,
907 3443 976 3505 scio
1002 3451 1147 3524 quantae
1178 3443 1257 3506 milri
1274 3443 1427 3508 libidines
1454 3443 1600 3519 veniunt,
1616 3453 1649 3507 et
1671 3443 1795 3507 ‘video

439 3547 539 3612 aliam
556 3546 663 3628 legem
681 3553 922 3625 repugnantem
945 3545 1049 3608 menti
1067 3563 1161 3608 meae
1177 3557 1209 3609 et
1225 3547 1450 3627 captivantem
1469 3565 1521 3609 me
1538 3545 1570 3609 in
1590 3545 1662 3628 lege
1679 3566 1794 3628 pecca·

439 3649 464 3714 ti
481 3650 497 3714 ’.
515 3650 694 3731 Propterea
710 3647 786 3709 dico
799 3671 805 3710 ι
820 3650 827 3678 ‘
845 3645 947 3709 Miser
968 3667 1032 3728 ego
1045 3647 1156 3726 homo,
1167 3650 1241 3731 quis
1253 3669 1305 3712 me
1318 3649 1667 3732 liberabitdecorpore
1681 3652 1797 3714 mortis
1815 3685 1850 3736 30

476 3851 773 3917 tloqnor]lerrrCcorr.
855 3852 1028 3916 3Qv0d1quo
1041 3849 1065 3918 β.
1150 3853 1584 3922 4miserirordiae]misericordialt.
1669 3855 1797 3905 baninrae

440 3935 547 3996 nostrae]
557 3931 591 3999 llS
602 3950 610 3991 ς
621 3933 709 3981 anima
718 3939 802 3980 neslra
814 3931 891 3982 BCG.
960 3933 975 3982 8
985 3935 1013 3982 in
1020 3933 1189 3996 peceatrrnr]G
1200 3949 1249 3982 om.
1261 3935 1289 3982 in
1301 3951 1308 3992 3
1321 3935 1349 3982 in
1356 3943 1449 3998 percote
1459 3938 1487 3986 B.
1556 3949 1572 3998 9
1585 3941 1741 4002 nostra1mea
1754 3935 1794 4004 βΙ.

443 4027 469 4064 11
482 4031 507 4064 se
518 4015 558 4076 in]
576 4031 626 4064 om.
641 4015 698 4076 G1;
717 4015 765 4063 sihi
776 4017 819 4074 A;
840 4015 915 4062 etiem
936 4022 959 4062 el
977 4017 1131 4063 securitatem
1152 4015 1284 4064 reddidisse
1301 4017 1327 4066 S.
1431 4017 1460 4068 18
1471 4019 1588 4080 dicimus]
1605 4019 1702 4068 dicitvr
1721 4017 1794 4086 βΑΒ.

440 4109 471 4146 22
483 4095 575 4157 coram]
596 4095 611 4166 β
632 4105 656 4146 et
674 4111 762 4146 omnes
779 4095 854 4145 codd.
870 4096 927 4146 licet
946 4097 993 4147 hoc
1010 4112 1112 4161 quoque
1128 4097 1279 4161 superfluum
1297 4115 1350 4149 esse
1367 4100 1464 4150 adserat
1487 4101 1657 4165 Hieronymus
1677 4101 1702 4150 in
1722 4117 1797 4166 saepe

440 4178 542 4227 laudata
553 4178 626 4242 epist.
644 4178 697 4238 106,
711 4194 735 4228 n.
751 4188 790 4240 73.
892 4190 923 4240 23
936 4179 983 4242 qui
993 4177 1075 4241 opera]
1095 4177 1206 4241 B;qrrie
1217 4195 1238 4228 o.
1253 4179 1333 4230 CISG
1344 4199 1351 4240 3
1362 4197 1441 4245 qnare
1451 4199 1471 4232 o.
1488 4180 1511 4249 β.
1614 4195 1646 4242 24
1656 4183 1703 4246 qvi
1713 4182 1797 4244 verba]

441 4261 480 4320 B;
497 4261 559 4325 quia
571 4277 595 4311 v.
609 4261 668 4320 CS;
686 4277 733 4310 cur
749 4276 773 4309 v.
790 4259 821 4318 1;
843 4277 913 4325 quur
930 4277 954 4310 v.
970 4261 1001 4309 G.
1104 4260 1167 4320 Her]
1185 4259 1270 4328 Ιιαιτβ
1287 4263 1347 4322 (om.
1361 4265 1462 4323 orsleve).
1564 4275 1595 4324 29
1606 4261 1797 4326 repugnantem]

440 4345 595 4408 repugnanti
606 4343 638 4394 G.
739 4343 821 4392 retenti
824 4345 833 4408 ]
844 4343 919 4406 legem
931 4343 1021 4391 mentis
1033 4341 1059 4391 S.
1161 4342 1189 4390 in
1201 4341 1260 4406 lege]
1272 4343 1300 4393 in
1312 4345 1386 4406 legem
1400 4345 1428 4394 C.
1621 4349 1624 4356 “

485 4537 529 4598 15.
542 4522 635 4580 tuus?
653 4539 664 4578 1
683 4519 750 4580 Cor.
772 4535 816 4594 15·
834 4535 879 4594 55.
1187 4535 1232 4574 20.
1251 4511 1320 4595 mei]
1337 4517 1382 4574 Ps.
1402 4532 1447 4591 72,
1466 4537 1490 4575 2.

485 4620 528 4677 17.
545 4596 778 4679 consolabuntur]
796 4599 900 4657 Matth.
919 4617 946 4675 5,
963 4616 989 4674 5.
1187 4615 1231 4671 29.
1242 4593 1365 4678 peccati]
1382 4600 1469 4658 Rom.
1488 4615 1514 4672 7,
1533 4619 1577 4675 ²3·

485 4687 529 4744 18.
544 4677 686 4762 lugebitis]
702 4683 773 4740 Luc.
791 4682 818 4754 6,
836 4699 851 4738 2
856 4697 881 4755 5.
1394 4705 1396 4710 ·
1606 4727 1610 4734 .
