4112 5496
438 425 492 506 24
892 424 1046 486 SANCTI
1077 423 1330 482 HIERONYMI
1719 413 1789 497 [xm

435 667 560 724 cerna
592 639 775 751 pedibus
818 639 924 722 meis
963 638 1144 723 verbum
1181 651 1318 735 tuum,
1359 634 1557 718 Domine.
1598 634 1605 662 '
1640 633 1794 715 Iustus

435 776 858 887 auternquo‘dseco't?
879 777 930 860 Id
952 788 1033 859 est:
1057 774 1163 858 nihil
1186 774 1370 885 dignum
1387 773 1495 872 fecit,
1512 783 1559 854 ut
1582 782 1793 854 mereatur

435 918 627 1002 interfici.

1069 1052 1148 1134 XI.

490 1304 633 1390 Lobo‘a
649 1307 804 1406 dolosa,
824 1306 869 1388 in
886 1304 1009 1388 corde
1022 1310 1066 1386 et
1079 1304 1202 1387 corde
1221 1302 1477 1386 locutr'sunl.
1499 1299 1789 1410 Symmachus
1827 1329 1842 1382 s

435 1445 493 1528 ita
514 1444 754 1528 transtulit:
779 1453 788 1484 ⁴
813 1443 947 1525 Labia
968 1442 1146 1525 lubrica:
1170 1442 1213 1524 in
1236 1439 1361 1524 corde
1381 1437 1499 1523 aliud
1521 1450 1598 1538 est,
1614 1449 1656 1520 et
1670 1437 1788 1519 aliud

434 1583 634 1693 loquitur.
660 1583 745 1664 ’ln
765 1581 952 1663 circuitu
974 1579 1102 1690 impii
1119 1579 1358 1661 ambulant.
1384 1579 1496 1660 Cum
1523 1574 1789 1660 transtulerit

433 1748 513 1804 nos
543 1721 596 1803 de
627 1719 839 1830 praesenti
871 1719 1041 1801 saeculo
1073 1718 1114 1799 in
1158 1717 1363 1816 Iuturum,
1397 1727 1500 1797 tunc
1531 1714 1651 1824 impii
1684 1714 1787 1796 Ioris

430 1859 731 1941 ambulabunt:
758 1885 832 1940 nec
854 1868 1055 1967 poterunt
1086 1857 1243 1937 intrare
1273 1883 1368 1938 cum
1402 1853 1574 1954 sanctis
1598 1879 1709 1962 quos
1741 1865 1787 1934 tu

432 1998 670 2081 secundum
694 1993 1038 2109 magnitudinem
1062 2009 1180 2076 tuam
1204 2005 1278 2080 tua
1299 1991 1590 2075 sollicitudine
1618 2017 1843 2073 conser-10

430 2136 554 2219 vasti.

1043 2270 1175 2353 XIII.

491 2515 591 2608 Non
614 2525 741 2608 habet
758 2523 1092 2633 inscriptionem.
1117 2519 1255 2602 Dixit
1275 2519 1484 2629 insipiens
1498 2519 1543 2600 iro
1559 2519 1682 2602 corde
1696 2547 1782 2602 suo.

432 2666 517 2747 Pro
537 2689 587 2746 eo
608 2662 724 2773 quod
746 2673 812 2744 est
835 2669 843 2700 ‘
866 2661 1076 2770 insipiens
1099 2661 1119 2758 ',
1145 2659 1187 2740 in
1219 2657 1401 2740 hebraeo
1422 2682 1575 2740 NABAL
1595 2657 1785 2766 positum

429 2815 505 2886 est.
532 2800 663 2885 Unde
684 2812 724 2883 et
746 2797 920 2909 Abigail
943 2798 995 2880 de
1016 2797 1109 2880 viro
1131 2823 1210 2879 suo
1230 2795 1369 2878 Nabal
1386 2795 1446 2877 ait
1461 2795 1504 2877 in
1523 2808 1668 2880 monte
1685 2797 1787 2878 Car·
1810 2823 1842 2874 ¹5

431 2940 559 3022 melo:
584 2950 591 2981 ⁴
615 2940 725 3021 Vere
747 2937 983 3021 secundum
1007 2962 1163 3018 nornen
1186 2960 1314 3016 suum
1337 2933 1546 3045 insipiens
1562 2946 1627 3018 est
1645 2935 1664 3017 '.
1682 2934 1786 3016 Non
1811 2960 1814 2964 ·

428 3085 492 3161 est
506 3077 745 3187 qm'foco'ot
765 3077 929 3173 bonum,
948 3101 1030 3156 non
1050 3079 1116 3155 est
1137 3099 1268 3179 usque
1282 3073 1501 3156 adunam.
1526 3075 1659 3158 Hunc
1671 3075 1785 3185 psal-

430 3245 549 3300 mum
571 3218 624 3300 de
644 3215 847 3327 passione
870 3211 1016 3322 Xpisti
1039 3211 1237 3311 referunt,
1260 3211 1436 3321 quando
1456 3239 1608 3295 omnes
1633 3213 1785 3295 Domi-

430 3383 535 3437 num
576 3355 868 3465 reliquerunt:
900 3351 944 3431 in
985 3361 1153 3432 tantum
1196 3361 1244 3430 ut
1286 3348 1440 3431 Petrus
1481 3375 1665 3459 quoque,
1708 3349 1784 3460 qui

428 3491 723 3603 apostolorum
756 3489 836 3571 fuit
858 3489 1066 3600 princeps
1090 3487 1319 3597 negaverit.
1352 3487 1609 3596 Sepulcrum
1623 3491 1787 3596 patens
1806 3520 1843 3558 20

427 3635 493 3712 est
505 3635 671 3738 gutlur
688 3655 843 3710 eorum.
868 3627 938 3709 Ab
960 3625 1040 3724 hoc
1059 3653 1186 3709 versu
1210 3653 1346 3736 usque
1375 3625 1429 3708 ad
1451 3653 1550 3708 eum
1572 3625 1646 3707 ubi
1668 3625 1782 3728 dicit,

431 3775 439 3806 ‘
465 3768 565 3850 Non
596 3778 662 3849 est
693 3766 821 3847 timor
845 3764 926 3847 Dei
951 3764 994 3846 in
1015 3777 1245 3873 conspectu
1276 3763 1498 3846 oculorum
1524 3790 1673 3847 eorum
1697 3763 1716 3864 ’‚
1740 3763 1784 3845 in

300 4013 303 4020 ι
429 3905 622 3989 hebraeis
638 3903 858 3986 codicibus
881 3929 966 3984 non
988 3901 1191 3985 habetur:
1210 3901 1430 4012 quaeritur
1445 3928 1547 4013 ergo
1562 3902 1783 4012 quomodo

427 4043 650 4154 apostolus
673 4041 752 4125 hoc
772 4068 878 4124 usus
910 4041 966 4124 sit
996 4041 1246 4125 testimonio
1276 4041 1320 4123 in
1351 4041 1536 4151 epistula
1565 4069 1696 4153 quam
1727 4041 1780 4124 ad

430 4181 653 4264 Romanos
675 4179 855 4289 scripsit.
882 4178 1259 4288 Respondebimus
1280 4183 1526 4291 apostolum
1547 4182 1601 4266 de
1624 4184 1784 4266 Deute·
1807 4216 1842 4269 2⁵

460 4384 767 4448 9amou1abunr100dd.;
800 4384 931 4433 ambulant
944 4382 968 4451 β
1050 4397 1080 4434 10
1090 4386 1253 4448 conservasti]
1266 4383 1376 4452 EAM&
1409 4390 1516 4438 scr-vasti
1526 4387 1555 4440 C.
1639 4403 1669 4450 14
1680 4391 1786 4453 aanor]

429 4465 508 4536 EC&
541 4480 631 4514 aanor
643 4466 707 4516 ΑΜ.
808 4477 836 4515 21
850 4466 886 4514 ad
893 4466 962 4526 oum]
973 4465 995 4516 C
1007 4466 1064 4515 add.
1079 4467 1166 4516 lotum.

473 4612 518 4668 16.
540 4608 677 4684 insopitus
690 4603 742 4687 est]
763 4627 773 4665 r
793 4609 865 4685 Reg.
886 4625 931 4684 25,
950 4627 994 4687 25.
1176 4627 1220 4686 25.
1243 4611 1277 4669 de
1304 4613 1527 4672 Deuteronomio
1560 4611 1631 4694 etc]
1661 4617 1697 4676 In
1729 4618 1786 4677 hac

473 4711 517 4762 24·
540 4691 582 4748 ad
593 4685 752 4770 Romanos]
768 4709 811 4765 3,1
819 4710 835 4766 3
851 4709 915 4768 sqq.
1134 4691 1261 4768 primum
1290 4693 1435 4754 sententia
1459 4694 1546 4755 luerit
1572 4696 1785 4775 Hieronymus
