4158 5492
441 426 497 486 20
819 429 847 487 S.
874 427 1128 489 HIERONYMI
1153 429 1415 488 PRESBYTERI

445 645 566 711 uostris
583 645 769 728 sepulcrum
785 644 947 724 videmus,
962 646 1120 730 exempla
1143 667 1209 711 non
1227 647 1430 733 quaerimus)
1446 671 1453 730 ;
1473 671 1514 716 eo
1530 651 1631 736 igitur
1646 663 1797 739 tempore

441 750 578 833 quando
605 749 809 814 moriebatur
835 749 1001 828 Rachei‘
1028 749 1167 832 Peperit,
1195 751 1312 834 inquit,
1339 751 1512 831 infantem,
1535 763 1568 819 et
1594 767 1798 824 vocaverunt

441 875 564 918 nomen
589 855 692 938 ipsius
720 853 882 931 mulieres,
909 854 978 918 sive
1003 853 1077 936 ipsa
1101 841 1186 938 quae
1215 855 1426 935 moriebatur,
1454 859 1627 938 Benonim,
1651 859 1714 926 hoc
1738 871 1799 942 est,

441 957 527 1024 filius
543 959 666 1024 doloris
691 958 755 1022 mei
772 959 787 1022 ¹.
801 949 1004 1022 'Econtrario
1019 977 1099 1022 vero
1122 957 1224 1024 Iacob
1239 970 1335 1042 pater
1350 961 1500 1026 dolorem
1517 963 1633 1027 matris
1647 965 1748 1030 vertit
1764 965 1797 1029 in

441 1063 592 1145 gloriam,
619 1071 653 1127 et
678 1083 745 1127 non
772 1082 849 1126 eum
876 1070 975 1126 vocat
1000 1061 1173 1139 Benonim,
1200 1061 1263 1126 hoc
1288 1073 1348 1142 est,
1372 1063 1458 1129 fiiius
1485 1065 1610 1130 doloris
1639 1069 1714 1147 mei,
1740 1069 1797 1133 sed
1835 1089 1849 1143 5

443 1166 627 1244 Beniamin,
643 1166 707 1230 hoc
727 1174 787 1244 est,
803 1164 888 1229 filius
900 1165 1070 1243 dexterae,
1092 1164 1155 1229 hoc
1170 1176 1221 1230 est
1237 1167 1368 1231 virtutis
1385 1187 1487 1234 meae.
1504 1169 1678 1234 Beniamin
1697 1171 1799 1254 igitur

441 1290 486 1333 ex
512 1270 643 1334 duobus
670 1270 881 1352 conpositum
908 1287 1028 1333 nomen
1055 1279 1115 1347 est,
1141 1289 1185 1332 ex
1208 1269 1285 1348 filio,
1311 1281 1344 1336 et
1372 1291 1416 1336 ex
1431 1273 1595 1338 dextera:
1619 1288 1692 1340 suu
1709 1277 1798 1342 eninr

442 1375 563 1440 dicitur
588 1373 682 1451 filius,
715 1387 829 1439 1AM1N
860 1371 981 1436 dicitur
1008 1372 1156 1437 dextera.
1189 1373 1343 1439 Sciamus
1375 1375 1475 1458 igitur
1505 1397 1637 1462 semper
1674 1378 1797 1446 tribum

445 1479 620 1542 Beniamin
637 1477 797 1562 appellari
820 1476 950 1542 Iemini.
963 1477 1123 1560 Legimus
1140 1476 1171 1540 in
1192 1477 1388 1560 Regnorum
1402 1479 1496 1559 libro,
1513 1499 1553 1546 eo
1569 1489 1721 1567 tempore
1732 1504 1800 1569 quo

442 1583 485 1646 de
503 1583 582 1648 Saul
599 1584 774 1648 scribitur:
793 1587 801 1616 ‘
818 1581 863 1646 Et
880 1601 965 1658 ecce,
981 1581 1098 1664 inquit,
1115 1581 1164 1645 vir
1179 1582 1221 1646 de
1237 1583 1324 1648 tribu
1343 1584 1530 1665 Beniamin,
1546 1587 1681 1652 nomine
1698 1587 1800 1668 Saui;
1821 1614 1852 1651 ιο

444 1687 538 1767 iilius,
554 1688 671 1773 inquit,
687 1688 754 1766 Cis,
767 1685 853 1752 filius
870 1686 1004 1764 Abibei,
1020 1685 1106 1751 filius
1123 1687 1245 1766 Iethra,
1261 1687 1346 1752 filius
1365 1689 1485 1768 lether,
1502 1688 1587 1755 fitius
1600 1689 1698 1770 Gera,
1715 1693 1801 1758 iilius

446 1794 563 1859 lemini
581 1795 597 1859 ’.
624 1794 668 1859 Et
684 1793 798 1858 statim
821 1792 866 1856 ibi
882 1791 1005 1857 dicitur
1031 1791 1080 1855 vir
1098 1791 1274 1870 lemineus,
1302 1793 1365 1858 hoc
1382 1803 1442 1872 est,
1467 1795 1613 1860 detribu
1643 1797 1802 1876 leminea,

442 1899 507 1964 boc
531 1909 591 1976 est,
607 1899 649 1962 de
674 1898 761 1962 tribu
780 1896 965 1962 Beniamin.
987 1896 1116 1959 Demus
1141 1904 1174 1960 et
1198 1896 1288 1961 atiud
1313 1898 1554 1980 testimouium,
1580 1920 1622 1965 ne
1647 1901 1802 1967 dubitare

443 2005 618 2089 possimus.
647 2004 759 2070 Semei
781 2003 845 2081 iile,
862 2002 919 2085 qui
939 2003 973 2065 in
999 2009 1115 2066 monte
1140 2000 1264 2067 Oliveti
1280 2020 1321 2066 eo
1348 2012 1500 2086 tempore
1527 2003 1663 2087 quando
1688 2005 1800 2072 David

443 2109 594 2192 fugiebat
622 2107 724 2172 filium
752 2127 849 2171 suurn
867 2104 1065 2182 Abessalon,
1089 2104 1169 2169 dicit
1195 2106 1258 2169 hoc
1281 2106 1465 2188 scriptura:
1490 2108 1561 2173 ‘Et
1584 2128 1669 2189 ecce,
1685 2109 1803 2194 inquit,
1823 2133 1851 2187 ¹5

445 2213 556 2279 Semei
568 2214 610 2278 de
626 2212 828 2297 cognatione
845 2209 935 2288 Saul,
947 2210 990 2274 de
1006 2210 1093 2274 tribu
1108 2209 1292 2273 Beniamin.
1310 2209 1356 2274 Et
1372 2209 1510 2304 lapi-des,
1525 2213 1643 2296 inquit,
1658 2212 1801 2278 iaciebat

445 2319 479 2382 in
502 2318 623 2397 David,
638 2327 671 2382 et
686 2317 841 2382 dicebat:
870 2315 1048 2398 Egredere,
1063 2314 1230 2396 egredere,
1246 2314 1294 2378 vir
1319 2315 1531 2398 sanguinarie
1547 2317 1563 2381 ¹.
1582 2317 1634 2381 Eo
1648 2325 1801 2401 tempore

446 2424 583 2507 quando
608 2423 689 2489 dicit
716 2444 801 2488 unus
817 2422 859 2487 dc
885 2422 1025 2486 ducibus
1046 2421 1125 2499 eius,
1147 2421 1281 2486 nomine
1308 2422 1427 2487 Abisai
1443 2426 1451 2454 ‘
1467 2421 1611 2500 Vadam,
1628 2421 1744 2506 inquit,
1768 2431 1801 2486 et

446 2527 642 2593 interficiam
659 2547 736 2592 eum
753 2527 778 2606 ¹;
793 2527 874 2610 quid
891 2527 972 2591 dicit
988 2526 1017 2590 ei
1035 2526 1165 2589 David?
1182 2530 1189 2558 ⁸
1207 2525 1296 2608 Quid
1315 2525 1395 2590 mihi
1409 2535 1442 2590 et
1458 2525 1562 2604 vobis,
1573 2525 1629 2589 filii
1647 2525 1801 2591 Sarviae?

447 2633 545 2711 Ecce,
571 2632 688 2716 inquit,
715 2632 830 2714 quide
855 2630 977 2694 lumbis
1005 2631 1086 2694 meis
1113 2649 1266 2712 egressus
1290 2637 1349 2707 est,
1374 2639 1503 2712 pugnat
1527 2641 1643 2695 contra
1669 2651 1744 2695 me:
1769 2641 1803 2696 et
1820 2656 1854 2694 20

447 2737 613 2801 miramini
630 2737 657 2799 si
675 2734 761 2801 filius
789 2735 919 2812 lemini‚
935 2735 998 2798 hoc
1022 2746 1081 2810 est,
1102 2733 1248 2798 detribu
1266 2733 1451 2812 Beniamin,
1466 2734 1508 2798 de
1525 2735 1613 2800 tribu
1630 2734 1722 2814 Saul,
1746 2736 1803 2818 qui

447 2839 509 2905 iuit
535 2840 688 2905 inimicus
714 2839 861 2905 meusi'
888 2839 964 2904 Hoc
991 2846 1100 2903 totum
1128 2856 1230 2919 quare
1256 2838 1354 2902 dixi?
1379 2846 1416 2902 ut
1442 2838 1653 2904 ostenderem
1684 2839 1804 2904 Iemini

447 2945 570 3009 tribum
587 2965 659 3008 esse
675 2943 860 3010 Beniamin.

493 3049 652 3113 Diximus
673 3050 729 3132 qui
746 3048 789 3112 sit
811 3047 996 3124 Beniamin,
1020 3046 1170 3110 diximus
1190 3065 1312 3108 nomen
1339 3046 1462 3128 patris:
1490 3044 1663 3111 videamus
1679 3047 1737 3130 qui
1761 3047 1804 3112 sit

448 3153 551 3218 Chusi
568 3151 654 3216 filius
673 3153 801 3218 lemini.
821 3150 911 3216 Chus
929 3152 1041 3234 lingua
1062 3149 1204 3214 hebraea
1224 3151 1462 3233 interpretatur
1477 3150 1655 3234 Aethiops,
1674 3155 1804 3218 hoc-est
1822 3177 1854 3230 25

449 3258 541 3339 niger
557 3265 591 3321 et
617 3257 821 3333 tenebrosus,
845 3256 902 3338 qui
923 3255 1025 3320 tatem
1046 3254 1148 3319 habet
1171 3255 1317 3318 animam
1344 3253 1442 3337 quate
1468 3263 1502 3317 et
1519 3273 1648 3339 corpus,
1671 3256 1714 3320 de
1737 3275 1804 3340 quo

448 3361 529 3426 dicit
547 3360 750 3425 Hieremias:
766 3365 773 3392 ‘
790 3359 826 3424 Si
845 3359 988 3423 mutabit
998 3357 1166 3441 Aethiops
1182 3357 1303 3440 petiem
1315 3378 1419 3435 suam,
1432 3369 1464 3422 et
1475 3359 1598 3442 pardus
1608 3359 1804 3424 varietatem

483 3555 659 3618 ividemuslG
674 3569 684 3606 ι
699 3572 731 3606 m.
744 3556 779 3616 S;
796 3556 908 3606 vidimus
929 3555 1028 3618 pauc,
1042 3556 1065 3606 G
1079 3568 1094 3604 2
1106 3571 1139 3605 m.
1225 3567 1239 3618 3
1252 3555 1413 3620 moriebatur]
1433 3555 1576 3605 rnortbaeur
1587 3556 1615 3606 B.
1703 3566 1745 3620 3·5
1758 3555 1804 3605 Be·

449 3639 546 3701 mm'm]
566 3638 651 3699 codd.;
668 3639 770 3688 Benonr'
789 3655 816 3702 μ.
926 3651 942 3698 4
962 3639 1029 3700 vero]
1045 3655 1095 3688 om.
1119 3639 1148 3688 C.
1261 3651 1341 3702 9an
1359 3637 1389 3686 de
1408 3638 1485 3700 Saul]
1506 3639 1569 3702 μῦ;
1586 3637 1654 3702 quod
1669 3639 1736 3688 Saul
1753 3638 1803 3689 CS.

452 3734 477 3771 ιι
493 3722 545 3782 Cis]
558 3721 579 3772 C
591 3722 607 3770 d
619 3729 753 3786 expuncta,
768 3722 790 3770 G
802 3739 810 3781 ;
831 3719 891 3770 ctis
905 3721 958 3783 μΑ,
972 3719 1014 3768 Cr
1029 3737 1062 3769 m.
1164 3719 1266 3782 Abitel]
1275 3720 1337 3783 pus
1350 3739 1357 3780 ;
1368 3719 1482 3780 abie!C;
1500 3720 1584 3770 habiel
1594 3719 1627 3770 G.
1730 3719 1806 3782 Gom]

449 3805 510 3864 CG;
528 3819 581 3853 cera
593 3805 611 3854 S
623 3823 630 3862 ς
647 3805 701 3854 iera
711 3803 786 3868 μΑΒ.
885 3813 913 3865 13
925 3801 1010 3863 aliud]
1021 3802 1102 3851 alium
1115 3801 1136 3852 C
1148 3810 1213 3867 post.
1223 3802 1377 3852 emendatus.
1483 3815 1511 3863 14
1519 3803 1547 3852 r'n
1560 3799 1691 3862 meuldin
1700 3807 1806 3851 montem

406 3933 409 3938 .
449 3886 500 3937 GS.
572 3885 661 3948 1651]
673 3883 962 3948 anterapurespumm.
976 3883 1051 3934 CGS.
1119 3883 1742 3947 zze'm'enicusmeuslsadd.taecagiladversum
1752 3883 1807 3932 me?

449 4051 570 4112 inventa
602 4069 696 4130 nuper
721 4069 786 4112 esse
810 4051 984 4112 referuntur.
1013 4051 1103 4130 (Rev.
1156 4051 1304 4127 quaedam
1341 4047 1464 4111 nomina
1499 4046 1670 4110 memoriter
1700 4049 1806 4124 recitat

450 4133 526 4194 Bibl.
547 4136 632 4210 1895,
646 4154 672 4211 p.
687 4133 770 4210 443.)
1155 4143 1303 4206 tractator,
1318 4152 1397 4209 quae
1408 4150 1444 4191 eo
1456 4131 1616 4208 scripturae
1628 4133 1696 4191 ioco
1706 4131 1735 4191 in
1746 4151 1807 4192 cas-

491 4235 516 4288 4.
530 4217 636 4275 doloris
647 4210 713 4294 mei]
726 4217 834 4275 Genes.
849 4232 896 4294 35,
917 4216 960 4275 18.
1156 4232 1220 4273 sum
1237 4213 1405 4290 quaesieris.
1434 4214 1520 4274 Haec
1536 4211 1724 4273 emendatius
1743 4233 1807 4291 pro

492 4303 517 4358 6.
543 4301 684 4372 dexterae,
719 4301 770 4358 hoc
795 4305 838 4356 est
870 4296 990 4358 vertutis
1014 4294 1102 4376 meae]
1155 4296 1288 4355 seruntur
1302 4293 1332 4354 in
1351 4293 1608 4358 Comrnentariolo
1623 4293 1711 4355 huius
1734 4296 1806 4374 psal-

452 4381 576 4442 Hieron.
592 4381 714 4455 Quaest.
730 4380 810 4442 hebr.
824 4379 854 4439 in
867 4381 976 4440 Genes.
994 4395 1042 4455 35,
1058 4381 1102 4438 18:
1156 4376 1195 4436 mi
1208 4398 1216 4450 ς
1230 4375 1281 4436 ubi
1296 4387 1374 4438 recte
1389 4377 1477 4454 filius
1502 4376 1581 4437 Gera
1603 4374 1719 4450 dicitur,
1745 4395 1806 4436 non

453 4462 567 4523 ‘Filius
589 4480 658 4522 vero
681 4464 810 4533 dextrae,
827 4461 885 4522 hoc
909 4471 953 4521 est
978 4458 1100 4532 virtutis,
1157 4457 1220 4536 ipse
1235 4459 1313 4532 Saul,
1333 4459 1386 4518 sed
1401 4468 1545 4534 cognatus
1560 4455 1623 4518 eius
1644 4457 1753 4533 Semei,
1768 4457 1808 4518 de

451 4546 534 4621 quod
557 4541 794 4616 iacobmutavit,
815 4544 979 4621 appellatur
1000 4539 1103 4601 Benia-
1157 4559 1217 4615 quo
1233 4541 1321 4616 paulo
1336 4539 1417 4599 inira.

452 4625 514 4686 rnin
526 4629 540 4686 ’.
1201 4641 1212 4678 ι
1219 4638 1244 4698 5.
1261 4623 1307 4680 Et
1319 4642 1371 4680 ecce
1382 4618 1441 4702 etc]
1456 4643 1470 4679 2
1486 4623 1558 4698 Reg.
1572 4641 1596 4680 c.
1615 4626 1657 4682 16.

496 4729 539 4768 10.
562 4710 602 4768 Ee
623 4729 675 4768 ecre
696 4705 756 4788 etc]
775 4728 787 4766 1
808 4709 880 4783 Reg.
898 4727 925 4784 9,
947 4725 967 4764 1.
991 4707 1101 4763 Verum
