<?xml version="1.0" encoding="UTF-8"?>
<!DOCTYPE html PUBLIC "-//W3C//DTD XHTML 1.0 Transitional//EN"
    "http://www.w3.org/TR/xhtml1/DTD/xhtml1-transitional.dtd">
<html xmlns="http://www.w3.org/1999/xhtml" xml:lang="en" lang="en">
 <head>
  <title>
</title>
<meta http-equiv="Content-Type" content="text/html;charset=utf-8" />
  <meta name='ocr-system' content='tesseract 3.04.00' />
  <meta name='ocr-capabilities' content='ocr_page ocr_carea ocr_par ocr_line ocrx_word'/>
</head>
<body>
  <div class='ocr_page' id='page_1' title='image "./commentarioliin00morigoog/commentarioliin00morigoog_0219.png"; bbox 0 0 4202 5492; ppageno 0'>
   <div class='ocr_carea' id='block_1_1' title="bbox 465 394 1439 478">
    <p class='ocr_par' dir='ltr' id='par_1_1' title="bbox 465 394 1439 478">
     <span class='ocr_line' id='line_1_1' title="bbox 465 394 1439 478; baseline -0.008 -1"><span class='ocrx_word' id='word_1_1' title='bbox 465 394 519 478; x_wconf 81' lang='lat'>62</span> <span class='ocrx_word' id='word_1_2' title='bbox 845 415 874 474; x_wconf 91' lang='lat' dir='ltr'>s.</span> <span class='ocrx_word' id='word_1_3' title='bbox 898 412 1152 474; x_wconf 75' lang='lat' dir='ltr'>HIERONVMI</span> <span class='ocrx_word' id='word_1_4' title='bbox 1176 411 1439 470; x_wconf 69' lang='lat' dir='ltr'>Pausaniam</span> 
     </span>
    </p>
   </div>
   <div class='ocr_carea' id='block_1_2' title="bbox 390 627 1872 2696">
    <p class='ocr_par' dir='ltr' id='par_1_2' title="bbox 390 627 1872 1651">
     <span class='ocr_line' id='line_1_2' title="bbox 509 627 1818 716; baseline -0.001 -20"><span class='ocrx_word' id='word_1_5' title='bbox 509 633 660 715; x_wconf 82' lang='lat' dir='ltr'>Nefianl</span> <span class='ocrx_word' id='word_1_6' title='bbox 674 632 757 694; x_wconf 82' lang='lat' dir='ltr'>sicut</span> <span class='ocrx_word' id='word_1_7' title='bbox 774 641 1019 712; x_wconf 69' lang='lat' dir='ltr'>pullariorum.</span> <span class='ocrx_word' id='word_1_8' title='bbox 1035 627 1089 692; x_wconf 92' lang='lat' dir='ltr'>Ne</span> <span class='ocrx_word' id='word_1_9' title='bbox 1105 639 1321 706; x_wconf 83' lang='lat' dir='ltr'>murmurent,</span> <span class='ocrx_word' id='word_1_10' title='bbox 1335 630 1421 692; x_wconf 88' lang='lat' dir='ltr'>sicut</span> <span class='ocrx_word' id='word_1_11' title='bbox 1444 642 1732 696; x_wconf 82' lang='lat' dir='ltr'>murmuraverunt</span> <span class='ocrx_word' id='word_1_12' title='bbox 1748 637 1818 716; x_wconf 90' lang='lat' dir='ltr'>qui-</span> 
     </span>
     <span class='ocr_line' id='line_1_3' title="bbox 466 731 1821 818; baseline 0.001 -16"><span class='ocrx_word' id='word_1_13' title='bbox 466 739 544 802; x_wconf 88' lang='lat' dir='ltr'>dam</span> <span class='ocrx_word' id='word_1_14' title='bbox 563 737 595 798; x_wconf 89' lang='lat' dir='ltr'>in</span> <span class='ocrx_word' id='word_1_15' title='bbox 612 735 754 812; x_wconf 87' lang='lat' dir='ltr'>deserto,</span> <span class='ocrx_word' id='word_1_16' title='bbox 770 744 803 799; x_wconf 85' lang='lat' dir='ltr'>et</span> <span class='ocrx_word' id='word_1_17' title='bbox 819 736 1010 818; x_wconf 88' lang='lat' dir='ltr'>perierunt;</span> <span class='ocrx_word' id='word_1_18' title='bbox 1026 753 1067 796; x_wconf 91' lang='lat' dir='ltr'>ne</span> <span class='ocrx_word' id='word_1_19' title='bbox 1083 731 1129 796; x_wconf 91' lang='lat' dir='ltr'>sic</span> <span class='ocrx_word' id='word_1_20' title='bbox 1154 742 1362 796; x_wconf 81' lang='lat' dir='ltr'>murmurent</span> <span class='ocrx_word' id='word_1_21' title='bbox 1388 734 1474 798; x_wconf 90' lang='lat' dir='ltr'>sicut</span> <span class='ocrx_word' id='word_1_22' title='bbox 1490 733 1617 812; x_wconf 86' lang='lat' dir='ltr'>Iudaei,</span> <span class='ocrx_word' id='word_1_23' title='bbox 1632 744 1666 799; x_wconf 92' lang='lat' dir='ltr'>et</span> <span class='ocrx_word' id='word_1_24' title='bbox 1683 749 1821 817; x_wconf 87' lang='lat' dir='ltr'>pereant</span> 
     </span>
     <span class='ocr_line' id='line_1_4' title="bbox 466 836 1820 924; baseline -0.001 -16"><span class='ocrx_word' id='word_1_25' title='bbox 466 843 500 907; x_wconf 89' lang='lat' dir='ltr'>in</span> <span class='ocrx_word' id='word_1_26' title='bbox 518 845 657 907; x_wconf 91' lang='lat' dir='ltr'>deserto.</span> <span class='ocrx_word' id='word_1_27' title='bbox 677 839 967 923; x_wconf 79' lang='lat' dir='ltr'>Generatioprava</span> <span class='ocrx_word' id='word_1_28' title='bbox 981 851 1012 903; x_wconf 84' lang='lat' dir='ltr'>ct</span> <span class='ocrx_word' id='word_1_29' title='bbox 1026 845 1226 918; x_wconf 80' lang='lat' dir='ltr'>exasperans.</span> <span class='ocrx_word' id='word_1_30' title='bbox 1244 836 1320 900; x_wconf 91' lang='lat' dir='ltr'>Non</span> <span class='ocrx_word' id='word_1_31' title='bbox 1337 855 1401 918; x_wconf 86' lang='lat' dir='ltr'>ego</span> <span class='ocrx_word' id='word_1_32' title='bbox 1421 836 1485 900; x_wconf 91' lang='lat' dir='ltr'>hoc</span> <span class='ocrx_word' id='word_1_33' title='bbox 1502 836 1640 921; x_wconf 91' lang='lat' dir='ltr'>loquor:</span> <span class='ocrx_word' id='word_1_34' title='bbox 1657 841 1820 924; x_wconf 87' lang='lat' dir='ltr'>propheta</span> 
     </span>
     <span class='ocr_line' id='line_1_5' title="bbox 390 939 1820 1028; baseline 0 -18"><span class='ocrx_word' id='word_1_35' title='bbox 390 1021 394 1028; x_wconf 32' lang='grc' dir='ltr'>Ι</span> <span class='ocrx_word' id='word_1_36' title='bbox 466 955 544 1010; x_wconf 91' lang='lat' dir='ltr'>tuus</span> <span class='ocrx_word' id='word_1_37' title='bbox 557 945 620 1008; x_wconf 88' lang='lat' dir='ltr'>hoc</span> <span class='ocrx_word' id='word_1_38' title='bbox 633 943 780 1026; x_wconf 91' lang='lat' dir='ltr'>loquitur</span> <span class='ocrx_word' id='word_1_39' title='bbox 791 945 833 1008; x_wconf 90' lang='lat' dir='ltr'>de</span> <span class='ocrx_word' id='word_1_40' title='bbox 846 953 888 1009; x_wconf 89' lang='lat' dir='ltr'>te.</span> <span class='ocrx_word' id='word_1_41' title='bbox 903 941 1075 1008; x_wconf 79' lang='lat' dir='ltr'>Generalio</span> <span class='ocrx_word' id='word_1_42' title='bbox 1082 951 1194 1022; x_wconf 82' lang='lat' dir='ltr'>prava</span> <span class='ocrx_word' id='word_1_43' title='bbox 1208 949 1240 1003; x_wconf 84' lang='lat' dir='ltr'>et</span> <span class='ocrx_word' id='word_1_44' title='bbox 1249 947 1449 1020; x_wconf 77' lang='lat' dir='ltr'>exasperans.</span> <span class='ocrx_word' id='word_1_45' title='bbox 1461 945 1467 973; x_wconf 83' lang='lat'>¹</span> <span class='ocrx_word' id='word_1_46' title='bbox 1480 939 1660 1006; x_wconf 87' lang='lat' dir='ltr'>Generatio</span> <span class='ocrx_word' id='word_1_47' title='bbox 1669 945 1820 1010; x_wconf 86' lang='lat' dir='ltr'>adultera</span> 
     </span>
     <span class='ocr_line' id='line_1_6' title="bbox 467 1043 1870 1132; baseline -0.001 -19"><span class='ocrx_word' id='word_1_48' title='bbox 467 1059 500 1114; x_wconf 92' lang='lat' dir='ltr'>et</span> <span class='ocrx_word' id='word_1_49' title='bbox 517 1047 662 1132; x_wconf 88' lang='lat' dir='ltr'>pessima</span> <span class='ocrx_word' id='word_1_50' title='bbox 678 1049 810 1129; x_wconf 88' lang='lat' dir='ltr'>signum</span> <span class='ocrx_word' id='word_1_51' title='bbox 827 1047 965 1129; x_wconf 86' lang='lat' dir='ltr'>quaerit,</span> <span class='ocrx_word' id='word_1_52' title='bbox 980 1055 1014 1110; x_wconf 92' lang='lat' dir='ltr'>et</span> <span class='ocrx_word' id='word_1_53' title='bbox 1029 1043 1162 1127; x_wconf 89' lang='lat' dir='ltr'>signum</span> <span class='ocrx_word' id='word_1_54' title='bbox 1179 1063 1245 1108; x_wconf 93' lang='lat' dir='ltr'>non</span> <span class='ocrx_word' id='word_1_55' title='bbox 1262 1044 1396 1108; x_wconf 89' lang='lat' dir='ltr'>dabitur</span> <span class='ocrx_word' id='word_1_56' title='bbox 1411 1043 1451 1122; x_wconf 91' lang='lat' dir='ltr'>ei,</span> <span class='ocrx_word' id='word_1_57' title='bbox 1467 1043 1529 1107; x_wconf 91' lang='lat' dir='ltr'>nisi</span> <span class='ocrx_word' id='word_1_58' title='bbox 1545 1043 1677 1128; x_wconf 90' lang='lat' dir='ltr'>signum</span> <span class='ocrx_word' id='word_1_59' title='bbox 1690 1047 1794 1112; x_wconf 90' lang='lat' dir='ltr'>lonae</span> <span class='ocrx_word' id='word_1_60' title='bbox 1805 1049 1820 1113; x_wconf 90' lang='lat'>’.</span> <span class='ocrx_word' id='word_1_61' title='bbox 1857 1070 1870 1123; x_wconf 83' lang='lat'>5</span> 
     </span>
     <span class='ocr_line' id='line_1_7' title="bbox 469 1147 1819 1234; baseline 0.002 -20"><span class='ocrx_word' id='word_1_62' title='bbox 469 1150 582 1234; x_wconf 87' lang='lat' dir='ltr'>Quare</span> <span class='ocrx_word' id='word_1_63' title='bbox 605 1149 703 1226; x_wconf 88' lang='lat' dir='ltr'>dixit,</span> <span class='ocrx_word' id='word_1_64' title='bbox 719 1153 845 1232; x_wconf 86' lang='lat' dir='ltr'>prava?</span> <span class='ocrx_word' id='word_1_65' title='bbox 872 1149 961 1233; x_wconf 84' lang='lat' dir='ltr'>Quia</span> <span class='ocrx_word' id='word_1_66' title='bbox 987 1149 1066 1213; x_wconf 85' lang='lat' dir='ltr'>lacti</span> <span class='ocrx_word' id='word_1_67' title='bbox 1081 1156 1160 1213; x_wconf 90' lang='lat' dir='ltr'>sunt</span> <span class='ocrx_word' id='word_1_68' title='bbox 1176 1147 1208 1211; x_wconf 88' lang='lat' dir='ltr'>in</span> <span class='ocrx_word' id='word_1_69' title='bbox 1235 1153 1350 1211; x_wconf 84' lang='lat' dir='ltr'>a&#39;reum</span> <span class='ocrx_word' id='word_1_70' title='bbox 1378 1167 1576 1230; x_wconf 87' lang='lat' dir='ltr'>perversum</span> <span class='ocrx_word' id='word_1_71' title='bbox 1595 1149 1704 1214; x_wconf 87' lang='lat' dir='ltr'>Arcus</span> <span class='ocrx_word' id='word_1_72' title='bbox 1730 1153 1819 1218; x_wconf 92' lang='lat' dir='ltr'>enim</span> 
     </span>
     <span class='ocr_line' id='line_1_8' title="bbox 465 1250 1821 1338; baseline 0.002 -18"><span class='ocrx_word' id='word_1_73' title='bbox 465 1274 648 1338; x_wconf 85' lang='lat' dir='ltr'>numquam</span> <span class='ocrx_word' id='word_1_74' title='bbox 666 1255 860 1318; x_wconf 78' lang='lat' dir='ltr'>extenditur</span> <span class='ocrx_word' id='word_1_75' title='bbox 875 1254 907 1316; x_wconf 92' lang='lat' dir='ltr'>in</span> <span class='ocrx_word' id='word_1_76' title='bbox 924 1273 1001 1317; x_wconf 92' lang='lat' dir='ltr'>eum</span> <span class='ocrx_word' id='word_1_77' title='bbox 1025 1251 1082 1336; x_wconf 92' lang='lat' dir='ltr'>qui</span> <span class='ocrx_word' id='word_1_78' title='bbox 1110 1272 1146 1315; x_wconf 91' lang='lat' dir='ltr'>se</span> <span class='ocrx_word' id='word_1_79' title='bbox 1173 1250 1285 1328; x_wconf 88' lang='lat' dir='ltr'>mittit,</span> <span class='ocrx_word' id='word_1_80' title='bbox 1301 1251 1359 1316; x_wconf 88' lang='lat' dir='ltr'>sed</span> <span class='ocrx_word' id='word_1_81' title='bbox 1375 1260 1492 1317; x_wconf 85' lang='lat' dir='ltr'>contra</span> <span class='ocrx_word' id='word_1_82' title='bbox 1518 1253 1733 1322; x_wconf 86' lang='lat' dir='ltr'>aduersarios.</span> <span class='ocrx_word' id='word_1_83' title='bbox 1751 1258 1821 1322; x_wconf 90' lang='lat' dir='ltr'>Ista</span> 
     </span>
     <span class='ocr_line' id='line_1_9' title="bbox 468 1356 1820 1440; baseline 0.001 -17"><span class='ocrx_word' id='word_1_84' title='bbox 468 1367 579 1423; x_wconf 88' lang='lat' dir='ltr'>autem</span> <span class='ocrx_word' id='word_1_85' title='bbox 598 1357 771 1440; x_wconf 89' lang='lat' dir='ltr'>generatio</span> <span class='ocrx_word' id='word_1_86' title='bbox 786 1377 861 1420; x_wconf 92' lang='lat' dir='ltr'>cum</span> <span class='ocrx_word' id='word_1_87' title='bbox 888 1367 975 1422; x_wconf 89' lang='lat' dir='ltr'>esset</span> <span class='ocrx_word' id='word_1_88' title='bbox 1002 1366 1091 1423; x_wconf 87' lang='lat' dir='ltr'>recta</span> <span class='ocrx_word' id='word_1_89' title='bbox 1107 1377 1127 1420; x_wconf 91' lang='lat' dir='ltr'>a</span> <span class='ocrx_word' id='word_1_90' title='bbox 1154 1356 1230 1421; x_wconf 93' lang='lat' dir='ltr'>Deo</span> <span class='ocrx_word' id='word_1_91' title='bbox 1245 1357 1390 1434; x_wconf 90' lang='lat' dir='ltr'>condita,</span> <span class='ocrx_word' id='word_1_92' title='bbox 1417 1365 1450 1421; x_wconf 91' lang='lat' dir='ltr'>et</span> <span class='ocrx_word' id='word_1_93' title='bbox 1466 1356 1644 1423; x_wconf 86' lang='lat' dir='ltr'>haberetur</span> <span class='ocrx_word' id='word_1_94' title='bbox 1669 1359 1702 1423; x_wconf 92' lang='lat' dir='ltr'>in</span> <span class='ocrx_word' id='word_1_95' title='bbox 1720 1379 1820 1425; x_wconf 89' lang='lat' dir='ltr'>manu</span> 
     </span>
     <span class='ocr_line' id='line_1_10' title="bbox 467 1461 1820 1549; baseline 0.002 -23"><span class='ocrx_word' id='word_1_96' title='bbox 467 1464 532 1526; x_wconf 92' lang='lat' dir='ltr'>Dei</span> <span class='ocrx_word' id='word_1_97' title='bbox 550 1461 644 1544; x_wconf 86' lang='lat' dir='ltr'>quasi</span> <span class='ocrx_word' id='word_1_98' title='bbox 661 1481 766 1539; x_wconf 89' lang='lat' dir='ltr'>arcus,</span> <span class='ocrx_word' id='word_1_99' title='bbox 782 1470 818 1524; x_wconf 94' lang='lat' dir='ltr'>ut</span> <span class='ocrx_word' id='word_1_100' title='bbox 834 1461 981 1527; x_wconf 89' lang='lat' dir='ltr'>mitteret</span> <span class='ocrx_word' id='word_1_101' title='bbox 1006 1483 1064 1545; x_wconf 91' lang='lat' dir='ltr'>per</span> <span class='ocrx_word' id='word_1_102' title='bbox 1080 1483 1153 1526; x_wconf 89' lang='lat' dir='ltr'>eam</span> <span class='ocrx_word' id='word_1_103' title='bbox 1176 1463 1326 1544; x_wconf 80' lang='lat' dir='ltr'>sagittas,</span> <span class='ocrx_word' id='word_1_104' title='bbox 1342 1481 1436 1526; x_wconf 87' lang='lat' dir='ltr'>versa</span> <span class='ocrx_word' id='word_1_105' title='bbox 1451 1471 1503 1528; x_wconf 90' lang='lat' dir='ltr'>est</span> <span class='ocrx_word' id='word_1_106' title='bbox 1526 1462 1621 1546; x_wconf 91' lang='lat' dir='ltr'>quasi</span> <span class='ocrx_word' id='word_1_107' title='bbox 1637 1484 1733 1530; x_wconf 84' lang='lat' dir='ltr'>arcus</span> <span class='ocrx_word' id='word_1_108' title='bbox 1749 1487 1820 1549; x_wconf 91' lang='lat' dir='ltr'>per-</span> 
     </span>
     <span class='ocr_line' id='line_1_11' title="bbox 465 1566 1872 1651; baseline -0.001 -19"><span class='ocrx_word' id='word_1_109' title='bbox 465 1588 588 1646; x_wconf 86' lang='lat' dir='ltr'>versus,</span> <span class='ocrx_word' id='word_1_110' title='bbox 604 1566 877 1651; x_wconf 89' lang='lat' dir='ltr'>blasphemantes</span> <span class='ocrx_word' id='word_1_111' title='bbox 893 1566 926 1629; x_wconf 92' lang='lat' dir='ltr'>in</span> <span class='ocrx_word' id='word_1_112' title='bbox 943 1567 1134 1632; x_wconf 87' lang='lat' dir='ltr'>Creatorem</span> <span class='ocrx_word' id='word_1_113' title='bbox 1151 1586 1257 1630; x_wconf 88' lang='lat' dir='ltr'>suum.</span> <span class='ocrx_word' id='word_1_114' title='bbox 1841 1594 1872 1630; x_wconf 84' lang='lat' dir='ltr'>ro</span> 
     </span>
    </p>

    <p class='ocr_par' dir='ltr' id='par_1_3' title="bbox 466 1669 1870 2277">
     <span class='ocr_line' id='line_1_12' title="bbox 513 1669 1821 1754; baseline 0.002 -18"><span class='ocrx_word' id='word_1_115' title='bbox 513 1671 686 1736; x_wconf 80' lang='lat' dir='ltr'>Generalio</span> <span class='ocrx_word' id='word_1_116' title='bbox 714 1691 796 1753; x_wconf 84' lang='lat' dir='ltr'>quae</span> <span class='ocrx_word' id='word_1_117' title='bbox 826 1691 888 1734; x_wconf 85' lang='lat' dir='ltr'>non</span> <span class='ocrx_word' id='word_1_118' title='bbox 918 1669 1041 1735; x_wconf 80' lang='lat' dir='ltr'>direxit</span> <span class='ocrx_word' id='word_1_119' title='bbox 1067 1691 1122 1733; x_wconf 82' lang='lat' dir='ltr'>cor</span> <span class='ocrx_word' id='word_1_120' title='bbox 1147 1690 1254 1736; x_wconf 78' lang='lat' dir='ltr'>mum.</span> <span class='ocrx_word' id='word_1_121' title='bbox 1284 1671 1399 1753; x_wconf 89' lang='lat' dir='ltr'>Usque</span> <span class='ocrx_word' id='word_1_122' title='bbox 1429 1669 1530 1736; x_wconf 92' lang='lat' dir='ltr'>hodie</span> <span class='ocrx_word' id='word_1_123' title='bbox 1560 1693 1733 1754; x_wconf 89' lang='lat' dir='ltr'>perversus</span> <span class='ocrx_word' id='word_1_124' title='bbox 1753 1673 1821 1740; x_wconf 76' lang='lat' dir='ltr'>&#39;est</span> 
     </span>
     <span class='ocr_line' id='line_1_13' title="bbox 470 1773 1822 1861; baseline 0.001 -19"><span class='ocrx_word' id='word_1_125' title='bbox 470 1777 603 1842; x_wconf 89' lang='lat' dir='ltr'>Israhel.</span> <span class='ocrx_word' id='word_1_126' title='bbox 627 1777 675 1841; x_wconf 85' lang='lat' dir='ltr'>El</span> <span class='ocrx_word' id='word_1_127' title='bbox 687 1797 751 1840; x_wconf 86' lang='lat' dir='ltr'>non</span> <span class='ocrx_word' id='word_1_128' title='bbox 763 1785 811 1840; x_wconf 86' lang='lat' dir='ltr'>est</span> <span class='ocrx_word' id='word_1_129' title='bbox 825 1774 967 1839; x_wconf 80' lang='lat' dir='ltr'>directus</span> <span class='ocrx_word' id='word_1_130' title='bbox 979 1795 1051 1839; x_wconf 90' lang='lat' dir='ltr'>cum</span> <span class='ocrx_word' id='word_1_131' title='bbox 1065 1775 1136 1839; x_wconf 78' lang='lat' dir='ltr'>Deo</span> <span class='ocrx_word' id='word_1_132' title='bbox 1159 1773 1298 1856; x_wconf 81' lang='lat' dir='ltr'>spirilus</span> <span class='ocrx_word' id='word_1_133' title='bbox 1320 1776 1398 1840; x_wconf 81' lang='lat' dir='ltr'>eius.</span> <span class='ocrx_word' id='word_1_134' title='bbox 1414 1775 1584 1860; x_wconf 84' lang='lat' dir='ltr'>Quoniam</span> <span class='ocrx_word' id='word_1_135' title='bbox 1603 1797 1668 1841; x_wconf 92' lang='lat' dir='ltr'>non</span> <span class='ocrx_word' id='word_1_136' title='bbox 1696 1781 1822 1861; x_wconf 88' lang='lat' dir='ltr'>recepit</span> 
     </span>
     <span class='ocr_line' id='line_1_14' title="bbox 470 1877 1821 1965; baseline 0.001 -21"><span class='ocrx_word' id='word_1_137' title='bbox 470 1881 601 1959; x_wconf 91' lang='lat' dir='ltr'>Filium,</span> <span class='ocrx_word' id='word_1_138' title='bbox 630 1890 807 1964; x_wconf 91' lang='lat' dir='ltr'>propterea</span> <span class='ocrx_word' id='word_1_139' title='bbox 837 1899 903 1944; x_wconf 90' lang='lat' dir='ltr'>non</span> <span class='ocrx_word' id='word_1_140' title='bbox 942 1878 1067 1961; x_wconf 88' lang='lat' dir='ltr'>recepit</span> <span class='ocrx_word' id='word_1_141' title='bbox 1102 1879 1263 1961; x_wconf 84' lang='lat' dir='ltr'>Spiritum</span> <span class='ocrx_word' id='word_1_142' title='bbox 1295 1889 1456 1944; x_wconf 89' lang='lat' dir='ltr'>sanctum.</span> <span class='ocrx_word' id='word_1_143' title='bbox 1490 1877 1645 1965; x_wconf 91' lang='lat' dir='ltr'>Denique</span> <span class='ocrx_word' id='word_1_144' title='bbox 1677 1882 1821 1965; x_wconf 87' lang='lat' dir='ltr'>Spiritus</span> 
     </span>
     <span class='ocr_line' id='line_1_15' title="bbox 467 1982 1822 2070; baseline 0.001 -20"><span class='ocrx_word' id='word_1_145' title='bbox 467 1997 611 2064; x_wconf 89' lang='lat' dir='ltr'>sanctus,</span> <span class='ocrx_word' id='word_1_146' title='bbox 637 1986 774 2070; x_wconf 89' lang='lat' dir='ltr'>quando</span> <span class='ocrx_word' id='word_1_147' title='bbox 803 1985 976 2049; x_wconf 89' lang='lat' dir='ltr'>descendit</span> <span class='ocrx_word' id='word_1_148' title='bbox 1002 1984 1034 2047; x_wconf 93' lang='lat' dir='ltr'>in</span> <span class='ocrx_word' id='word_1_149' title='bbox 1065 1982 1177 2066; x_wconf 89' lang='lat' dir='ltr'>specie</span> <span class='ocrx_word' id='word_1_150' title='bbox 1206 1983 1391 2061; x_wconf 90' lang='lat' dir='ltr'>columbae,</span> <span class='ocrx_word' id='word_1_151' title='bbox 1422 2002 1488 2049; x_wconf 91' lang='lat' dir='ltr'>non</span> <span class='ocrx_word' id='word_1_152' title='bbox 1520 1985 1693 2050; x_wconf 87' lang='lat' dir='ltr'>descendit</span> <span class='ocrx_word' id='word_1_153' title='bbox 1723 2007 1822 2070; x_wconf 89' lang='lat' dir='ltr'>super</span> 
     </span>
     <span class='ocr_line' id='line_1_16' title="bbox 466 2087 1870 2174; baseline -0.001 -21"><span class='ocrx_word' id='word_1_154' title='bbox 466 2090 581 2154; x_wconf 88' lang='lat' dir='ltr'>turbas</span> <span class='ocrx_word' id='word_1_155' title='bbox 599 2089 809 2168; x_wconf 83' lang='lat' dir='ltr'>Iudaeorum,</span> <span class='ocrx_word' id='word_1_156' title='bbox 824 2089 882 2156; x_wconf 90' lang='lat' dir='ltr'>sed</span> <span class='ocrx_word' id='word_1_157' title='bbox 906 2108 1005 2171; x_wconf 89' lang='lat' dir='ltr'>super</span> <span class='ocrx_word' id='word_1_158' title='bbox 1025 2107 1128 2153; x_wconf 89' lang='lat' dir='ltr'>unum</span> <span class='ocrx_word' id='word_1_159' title='bbox 1148 2088 1268 2152; x_wconf 89' lang='lat' dir='ltr'>lesum.</span> <span class='ocrx_word' id='word_1_160' title='bbox 1286 2087 1322 2155; x_wconf 90' lang='lat' dir='ltr'>Si</span> <span class='ocrx_word' id='word_1_161' title='bbox 1339 2089 1388 2153; x_wconf 82' lang='lat' dir='ltr'>vis</span> <span class='ocrx_word' id='word_1_162' title='bbox 1403 2099 1491 2172; x_wconf 81' lang='lat' dir='ltr'>ergo,</span> <span class='ocrx_word' id='word_1_163' title='bbox 1509 2088 1643 2169; x_wconf 88' lang='lat' dir='ltr'>Iudaee,</span> <span class='ocrx_word' id='word_1_164' title='bbox 1659 2090 1819 2174; x_wconf 88' lang='lat' dir='ltr'>Spiritum</span> <span class='ocrx_word' id='word_1_165' title='bbox 1841 2114 1850 2150; x_wconf 85' lang='grc' dir='ltr'>ι</span> <span class='ocrx_word' id='word_1_166' title='bbox 1856 2114 1870 2166; x_wconf 84' lang='lat'>5</span> 
     </span>
     <span class='ocr_line' id='line_1_17' title="bbox 466 2191 1649 2277; baseline 0.001 -20"><span class='ocrx_word' id='word_1_167' title='bbox 466 2195 624 2276; x_wconf 87' lang='lat' dir='ltr'>accipere,</span> <span class='ocrx_word' id='word_1_168' title='bbox 639 2195 737 2260; x_wconf 90' lang='lat' dir='ltr'>crede</span> <span class='ocrx_word' id='word_1_169' title='bbox 752 2195 786 2257; x_wconf 93' lang='lat' dir='ltr'>in</span> <span class='ocrx_word' id='word_1_170' title='bbox 805 2193 900 2257; x_wconf 90' lang='lat' dir='ltr'>lesu:</span> <span class='ocrx_word' id='word_1_171' title='bbox 916 2191 1073 2277; x_wconf 88' lang='lat' dir='ltr'>quoniam</span> <span class='ocrx_word' id='word_1_172' title='bbox 1092 2192 1238 2275; x_wconf 88' lang='lat' dir='ltr'>Spiritus</span> <span class='ocrx_word' id='word_1_173' title='bbox 1252 2202 1387 2256; x_wconf 90' lang='lat' dir='ltr'>sanctus</span> <span class='ocrx_word' id='word_1_174' title='bbox 1403 2191 1497 2258; x_wconf 77' lang='lat' dir='ltr'>sedet</span> <span class='ocrx_word' id='word_1_175' title='bbox 1513 2193 1546 2256; x_wconf 94' lang='lat' dir='ltr'>in</span> <span class='ocrx_word' id='word_1_176' title='bbox 1565 2193 1649 2258; x_wconf 89' lang='lat' dir='ltr'>Iesu.</span> 
     </span>
    </p>

    <p class='ocr_par' dir='ltr' id='par_1_4' title="bbox 465 2295 1870 2696">
     <span class='ocr_line' id='line_1_18' title="bbox 510 2295 1820 2380; baseline 0 -18"><span class='ocrx_word' id='word_1_177' title='bbox 510 2297 596 2362; x_wconf 81' lang='lat' dir='ltr'>Filii</span> <span class='ocrx_word' id='word_1_178' title='bbox 605 2298 746 2378; x_wconf 87' lang='lat' dir='ltr'>Efraim</span> <span class='ocrx_word' id='word_1_179' title='bbox 756 2296 955 2361; x_wconf 76' lang='lat' dir='ltr'>intendentes</span> <span class='ocrx_word' id='word_1_180' title='bbox 963 2295 1171 2379; x_wconf 19' lang='lat' dir='ltr'>cl&#39;mittentes</span> <span class='ocrx_word' id='word_1_181' title='bbox 1180 2296 1340 2362; x_wconf 73' lang='lat' dir='ltr'>arcam.O</span> <span class='ocrx_word' id='word_1_182' title='bbox 1351 2301 1478 2379; x_wconf 72' lang='lat' dir='ltr'>quantu</span> <span class='ocrx_word' id='word_1_183' title='bbox 1489 2297 1656 2379; x_wconf 80' lang='lat' dir='ltr'>mysteria,</span> <span class='ocrx_word' id='word_1_184' title='bbox 1671 2318 1693 2362; x_wconf 96' lang='lat' dir='ltr'>o</span> <span class='ocrx_word' id='word_1_185' title='bbox 1704 2300 1820 2380; x_wconf 67' lang='lat' dir='ltr'>quanti</span> 
     </span>
     <span class='ocr_line' id='line_1_19' title="bbox 465 2393 1820 2485; baseline 0 -19"><span class='ocrx_word' id='word_1_186' title='bbox 465 2403 571 2468; x_wconf 87' lang='lat' dir='ltr'>flores.</span> <span class='ocrx_word' id='word_1_187' title='bbox 589 2401 666 2466; x_wconf 90' lang='lat' dir='ltr'>Non</span> <span class='ocrx_word' id='word_1_188' title='bbox 682 2403 759 2468; x_wconf 88' lang='lat' dir='ltr'>dico</span> <span class='ocrx_word' id='word_1_189' title='bbox 782 2400 862 2478; x_wconf 89' lang='lat' dir='ltr'>dies,</span> <span class='ocrx_word' id='word_1_190' title='bbox 888 2402 947 2466; x_wconf 93' lang='lat' dir='ltr'>sed</span> <span class='ocrx_word' id='word_1_191' title='bbox 973 2409 1063 2465; x_wconf 92' lang='lat' dir='ltr'>totus</span> <span class='ocrx_word' id='word_1_192' title='bbox 1087 2402 1209 2466; x_wconf 88' lang='lat' dir='ltr'>mensis</span> <span class='ocrx_word' id='word_1_193' title='bbox 1233 2401 1274 2466; x_wconf 91' lang='lat' dir='ltr'>ad</span> <span class='ocrx_word' id='word_1_194' title='bbox 1300 2399 1563 2485; x_wconf 84' lang='lat' dir='ltr'>intellegentiam</span> <span class='ocrx_word' id='word_1_195' title='bbox 1590 2402 1684 2466; x_wconf 92' lang='lat' dir='ltr'>istius</span> <span class='ocrx_word' id='word_1_196' title='bbox 1700 2393 1820 2485; x_wconf 72' lang='lat' dir='ltr'>psalmi</span> 
     </span>
     <span class='ocr_line' id='line_1_20' title="bbox 465 2495 1820 2590; baseline 0 -20"><span class='ocrx_word' id='word_1_197' title='bbox 465 2525 533 2570; x_wconf 91' lang='lat' dir='ltr'>non</span> <span class='ocrx_word' id='word_1_198' title='bbox 551 2516 662 2590; x_wconf 89' lang='lat' dir='ltr'>potest</span> <span class='ocrx_word' id='word_1_199' title='bbox 678 2507 834 2571; x_wconf 83' lang='lat' dir='ltr'>sufficere.</span> <span class='ocrx_word' id='word_1_200' title='bbox 846 2505 885 2569; x_wconf 90' lang='lat' dir='ltr'>ln</span> <span class='ocrx_word' id='word_1_201' title='bbox 899 2505 1038 2588; x_wconf 88' lang='lat' dir='ltr'>singulis</span> <span class='ocrx_word' id='word_1_202' title='bbox 1050 2504 1157 2569; x_wconf 85' lang='lat' dir='ltr'>verbis</span> <span class='ocrx_word' id='word_1_203' title='bbox 1171 2525 1288 2570; x_wconf 90' lang='lat' dir='ltr'>sensus</span> <span class='ocrx_word' id='word_1_204' title='bbox 1298 2495 1572 2570; x_wconf 80' lang='lat' dir='ltr'>sunt-Habemus</span> <span class='ocrx_word' id='word_1_205' title='bbox 1583 2514 1618 2571; x_wconf 90' lang='lat' dir='ltr'>et</span> <span class='ocrx_word' id='word_1_206' title='bbox 1628 2506 1820 2572; x_wconf 80' lang='lat' dir='ltr'>thesaurum</span> 
     </span>
     <span class='ocr_line' id='line_1_21' title="bbox 468 2607 1870 2696; baseline -0.001 -22"><span class='ocrx_word' id='word_1_207' title='bbox 468 2609 606 2674; x_wconf 90' lang='lat' dir='ltr'>invasis</span> <span class='ocrx_word' id='word_1_208' title='bbox 634 2609 707 2674; x_wconf 89' lang='lat' dir='ltr'>istis</span> <span class='ocrx_word' id='word_1_209' title='bbox 732 2607 895 2675; x_wconf 89' lang='lat' dir='ltr'>fictilibus.</span> <span class='ocrx_word' id='word_1_210' title='bbox 913 2609 1012 2674; x_wconf 90' lang='lat' dir='ltr'>Multi</span> <span class='ocrx_word' id='word_1_211' title='bbox 1037 2609 1101 2673; x_wconf 90' lang='lat' dir='ltr'>hoc</span> <span class='ocrx_word' id='word_1_212' title='bbox 1128 2609 1387 2692; x_wconf 88' lang='lat' dir='ltr'>interpretantur</span> <span class='ocrx_word' id='word_1_213' title='bbox 1413 2609 1456 2674; x_wconf 80' lang='lat' dir='ltr'>de</span> <span class='ocrx_word' id='word_1_214' title='bbox 1479 2625 1617 2694; x_wconf 84' lang='lat' dir='ltr'>corpore</span> <span class='ocrx_word' id='word_1_215' title='bbox 1643 2621 1677 2677; x_wconf 90' lang='lat' dir='ltr'>et</span> <span class='ocrx_word' id='word_1_216' title='bbox 1694 2607 1819 2696; x_wconf 84' lang='lat' dir='ltr'>Spllllu</span> <span class='ocrx_word' id='word_1_217' title='bbox 1838 2637 1870 2673; x_wconf 84' lang='lat'>20</span> 
     </span>
    </p>
   </div>
   <div class='ocr_carea' id='block_1_3' title="bbox 464 2701 1821 2902">
    <p class='ocr_par' dir='ltr' id='par_1_5' title="bbox 464 2701 1821 2902">
     <span class='ocr_line' id='line_1_22' title="bbox 464 2701 1821 2804; baseline 0.005 -28"><span class='ocrx_word' id='word_1_218' title='bbox 464 2725 601 2779; x_wconf 88' lang='lat' dir='ltr'>sancto:</span> <span class='ocrx_word' id='word_1_219' title='bbox 618 2714 681 2778; x_wconf 89' lang='lat' dir='ltr'>hoc</span> <span class='ocrx_word' id='word_1_220' title='bbox 706 2724 765 2791; x_wconf 90' lang='lat' dir='ltr'>est,</span> <span class='ocrx_word' id='word_1_221' title='bbox 785 2714 947 2778; x_wconf 87' lang='lat' dir='ltr'>habemus</span> <span class='ocrx_word' id='word_1_222' title='bbox 972 2713 1163 2778; x_wconf 88' lang='lat' dir='ltr'>thesaurum</span> <span class='ocrx_word' id='word_1_223' title='bbox 1193 2714 1224 2777; x_wconf 95' lang='lat' dir='ltr'>in</span> <span class='ocrx_word' id='word_1_224' title='bbox 1253 2714 1340 2778; x_wconf 89' lang='lat' dir='ltr'>vasis</span> <span class='ocrx_word' id='word_1_225' title='bbox 1366 2701 1531 2804; x_wconf 74' lang='lat' dir='ltr'>fictlllbus.</span> <span class='ocrx_word' id='word_1_226' title='bbox 1556 2701 1618 2779; x_wconf 85' lang='lat' dir='ltr'>Est</span> <span class='ocrx_word' id='word_1_227' title='bbox 1634 2716 1770 2799; x_wconf 86' lang='lat' dir='ltr'>quidenl</span> <span class='ocrx_word' id='word_1_228' title='bbox 1786 2721 1821 2783; x_wconf 76' lang='lat' dir='ltr'>ul</span> 
     </span>
     <span class='ocr_line' id='line_1_23' title="bbox 465 2807 1820 2902; baseline 0.004 -22"><span class='ocrx_word' id='word_1_229' title='bbox 465 2818 528 2882; x_wconf 90' lang='lat' dir='ltr'>ista</span> <span class='ocrx_word' id='word_1_230' title='bbox 542 2818 778 2902; x_wconf 87' lang='lat' dir='ltr'>intellegentia.</span> <span class='ocrx_word' id='word_1_231' title='bbox 792 2818 858 2884; x_wconf 87' lang='lat' dir='ltr'>Sed</span> <span class='ocrx_word' id='word_1_232' title='bbox 875 2818 939 2882; x_wconf 87' lang='lat' dir='ltr'>ista</span> <span class='ocrx_word' id='word_1_233' title='bbox 957 2816 1062 2883; x_wconf 91' lang='lat' dir='ltr'>multo</span> <span class='ocrx_word' id='word_1_234' title='bbox 1075 2817 1191 2881; x_wconf 90' lang='lat' dir='ltr'>melior</span> <span class='ocrx_word' id='word_1_235' title='bbox 1201 2826 1260 2894; x_wconf 87' lang='lat' dir='ltr'>est,</span> <span class='ocrx_word' id='word_1_236' title='bbox 1273 2817 1432 2900; x_wconf 90' lang='lat' dir='ltr'>quoniam</span> <span class='ocrx_word' id='word_1_237' title='bbox 1449 2807 1612 2883; x_wconf 80' lang='lat' dir='ltr'>ltubemus</span> <span class='ocrx_word' id='word_1_238' title='bbox 1628 2819 1820 2886; x_wconf 82' lang='lat' dir='ltr'>thesaurum</span> 
     </span>
    </p>
   </div>
   <div class='ocr_carea' id='block_1_4' title="bbox 463 2920 1869 3944">
    <p class='ocr_par' dir='ltr' id='par_1_6' title="bbox 463 2920 1869 3944">
     <span class='ocr_line' id='line_1_24' title="bbox 466 2920 1821 3008; baseline 0.007 -24"><span class='ocrx_word' id='word_1_239' title='bbox 466 2921 742 3006; x_wconf 90' lang='lat' dir='ltr'>pretiosissimum</span> <span class='ocrx_word' id='word_1_240' title='bbox 760 2923 792 2986; x_wconf 89' lang='lat' dir='ltr'>in</span> <span class='ocrx_word' id='word_1_241' title='bbox 810 2923 897 2990; x_wconf 84' lang='lat' dir='ltr'>vasis</span> <span class='ocrx_word' id='word_1_242' title='bbox 913 2920 1079 3000; x_wconf 89' lang='lat' dir='ltr'>fictilibus,</span> <span class='ocrx_word' id='word_1_243' title='bbox 1092 2922 1155 2986; x_wconf 91' lang='lat' dir='ltr'>hoc</span> <span class='ocrx_word' id='word_1_244' title='bbox 1178 2930 1229 2985; x_wconf 90' lang='lat' dir='ltr'>est</span> <span class='ocrx_word' id='word_1_245' title='bbox 1253 2923 1286 2984; x_wconf 92' lang='lat' dir='ltr'>in</span> <span class='ocrx_word' id='word_1_246' title='bbox 1303 2922 1411 2986; x_wconf 87' lang='lat' dir='ltr'>verbis</span> <span class='ocrx_word' id='word_1_247' title='bbox 1428 2923 1558 2988; x_wconf 69' lang='lat' dir='ltr'>rusticis</span> <span class='ocrx_word' id='word_1_248' title='bbox 1574 2925 1821 3008; x_wconf 72' lang='lat' dir='ltr'>scripturarum.</span> 
     </span>
     <span class='ocr_line' id='line_1_25' title="bbox 464 3015 1820 3107; baseline 0.004 -19"><span class='ocrx_word' id='word_1_249' title='bbox 464 3026 550 3088; x_wconf 86' lang='lat' dir='ltr'>Filii</span> <span class='ocrx_word' id='word_1_250' title='bbox 559 3025 592 3088; x_wconf 91' lang='lat' dir='ltr'><em>E</em></span> <span class='ocrx_word' id='word_1_251' title='bbox 585 3026 698 3107; x_wconf 87' lang='lat' dir='ltr'>fraim</span> <span class='ocrx_word' id='word_1_252' title='bbox 714 3027 911 3092; x_wconf 82' lang='lat' dir='ltr'>intendentes</span> <span class='ocrx_word' id='word_1_253' title='bbox 921 3037 951 3090; x_wconf 78' lang='lat' dir='ltr'>el</span> <span class='ocrx_word' id='word_1_254' title='bbox 966 3025 1264 3102; x_wconf 79' lang='lat' dir='ltr'>mittentesarcum,</span> <span class='ocrx_word' id='word_1_255' title='bbox 1280 3015 1427 3089; x_wconf 82' lang='lat' dir='ltr'>conversi</span> <span class='ocrx_word' id='word_1_256' title='bbox 1437 3035 1516 3089; x_wconf 76' lang='lat' dir='ltr'>lunt</span> <span class='ocrx_word' id='word_1_257' title='bbox 1530 3026 1565 3090; x_wconf 86' lang='lat' dir='ltr'>in</span> <span class='ocrx_word' id='word_1_258' title='bbox 1579 3027 1633 3092; x_wconf 81' lang='lat' dir='ltr'>dic</span> <span class='ocrx_word' id='word_1_259' title='bbox 1647 3029 1728 3094; x_wconf 82' lang='lat' dir='ltr'>belli.</span> <span class='ocrx_word' id='word_1_260' title='bbox 1744 3018 1820 3094; x_wconf 80' lang='lat' dir='ltr'>Nun</span> 
     </span>
     <span class='ocr_line' id='line_1_26' title="bbox 463 3113 1868 3212; baseline 0.003 -20"><span class='ocrx_word' id='word_1_261' title='bbox 463 3130 685 3193; x_wconf 81' lang='lat' dir='ltr'>custodierunt</span> <span class='ocrx_word' id='word_1_262' title='bbox 699 3139 926 3196; x_wconf 81' lang='lat' dir='ltr'>testamentum</span> <span class='ocrx_word' id='word_1_263' title='bbox 941 3128 1016 3206; x_wconf 86' lang='lat' dir='ltr'>Dei,</span> <span class='ocrx_word' id='word_1_264' title='bbox 1029 3137 1062 3192; x_wconf 84' lang='lat' dir='ltr'>et</span> <span class='ocrx_word' id='word_1_265' title='bbox 1075 3129 1110 3192; x_wconf 87' lang='lat' dir='ltr'>in</span> <span class='ocrx_word' id='word_1_266' title='bbox 1125 3127 1277 3212; x_wconf 76' lang='lat' dir='ltr'>legerius</span> <span class='ocrx_word' id='word_1_267' title='bbox 1292 3129 1464 3194; x_wconf 80' lang='lat' dir='ltr'>noluerunl</span> <span class='ocrx_word' id='word_1_268' title='bbox 1477 3130 1653 3196; x_wconf 80' lang='lat' dir='ltr'>arnlulare.</span> <span class='ocrx_word' id='word_1_269' title='bbox 1668 3130 1717 3194; x_wconf 87' lang='lat' dir='ltr'>Et</span> <span class='ocrx_word' id='word_1_270' title='bbox 1728 3113 1823 3196; x_wconf 80' lang='lat' dir='ltr'>ollr‘rl</span> <span class='ocrx_word' id='word_1_271' title='bbox 1838 3157 1868 3209; x_wconf 72' lang='grc' dir='ltr'>ις</span> 
     </span>
     <span class='ocr_line' id='line_1_27' title="bbox 464 3215 1818 3318; baseline 0.004 -23"><span class='ocrx_word' id='word_1_272' title='bbox 464 3243 543 3297; x_wconf 86' lang='lat' dir='ltr'>sunt</span> <span class='ocrx_word' id='word_1_273' title='bbox 565 3231 800 3314; x_wconf 79' lang='lat' dir='ltr'>benefactorum</span> <span class='ocrx_word' id='word_1_274' title='bbox 817 3233 895 3312; x_wconf 84' lang='lat' dir='ltr'>eius,</span> <span class='ocrx_word' id='word_1_275' title='bbox 921 3243 953 3297; x_wconf 84' lang='lat' dir='ltr'>et</span> <span class='ocrx_word' id='word_1_276' title='bbox 977 3231 1146 3297; x_wconf 79' lang='lat' dir='ltr'>mirabilia</span> <span class='ocrx_word' id='word_1_277' title='bbox 1172 3232 1241 3297; x_wconf 88' lang='lat' dir='ltr'>eius</span> <span class='ocrx_word' id='word_1_278' title='bbox 1264 3253 1346 3315; x_wconf 87' lang='lat' dir='ltr'>quae</span> <span class='ocrx_word' id='word_1_279' title='bbox 1371 3233 1510 3298; x_wconf 74' lang='lat' dir='ltr'>ostendit</span> <span class='ocrx_word' id='word_1_280' title='bbox 1531 3233 1586 3299; x_wconf 84' lang='lat' dir='ltr'>eis.</span> <span class='ocrx_word' id='word_1_281' title='bbox 1603 3235 1763 3318; x_wconf 84' lang='lat' dir='ltr'>Legimus</span> <span class='ocrx_word' id='word_1_282' title='bbox 1786 3215 1818 3300; x_wconf 83' lang='lat' dir='ltr'>ln</span> 
     </span>
     <span class='ocr_line' id='line_1_28' title="bbox 467 3333 1819 3420; baseline 0.004 -21"><span class='ocrx_word' id='word_1_283' title='bbox 467 3337 660 3419; x_wconf 87' lang='lat' dir='ltr'>Regnorum</span> <span class='ocrx_word' id='word_1_284' title='bbox 675 3337 776 3416; x_wconf 87' lang='lat' dir='ltr'>libris,</span> <span class='ocrx_word' id='word_1_285' title='bbox 791 3337 948 3420; x_wconf 89' lang='lat' dir='ltr'>quoniam</span> <span class='ocrx_word' id='word_1_286' title='bbox 963 3337 1025 3402; x_wconf 90' lang='lat' dir='ltr'>sub</span> <span class='ocrx_word' id='word_1_287' title='bbox 1044 3337 1197 3401; x_wconf 91' lang='lat' dir='ltr'>Roboam</span> <span class='ocrx_word' id='word_1_288' title='bbox 1214 3336 1282 3402; x_wconf 89' lang='lat' dir='ltr'>filio</span> <span class='ocrx_word' id='word_1_289' title='bbox 1300 3337 1491 3403; x_wconf 81' lang='lat' dir='ltr'>Salomonis</span> <span class='ocrx_word' id='word_1_290' title='bbox 1510 3338 1715 3404; x_wconf 87' lang='lat' dir='ltr'>Hieroboam</span> <span class='ocrx_word' id='word_1_291' title='bbox 1733 3333 1819 3404; x_wconf 76' lang='lat' dir='ltr'>filius</span> 
     </span>
     <span class='ocr_line' id='line_1_29' title="bbox 466 3439 1818 3525; baseline 0.003 -21"><span class='ocrx_word' id='word_1_292' title='bbox 466 3440 497 3504; x_wconf 94' lang='lat' dir='ltr'>N</span> <span class='ocrx_word' id='word_1_293' title='bbox 500 3439 580 3505; x_wconf 87' lang='lat' dir='ltr'>abat</span> <span class='ocrx_word' id='word_1_294' title='bbox 595 3441 693 3506; x_wconf 91' lang='lat' dir='ltr'>scidit</span> <span class='ocrx_word' id='word_1_295' title='bbox 708 3440 870 3525; x_wconf 93' lang='lat' dir='ltr'>populum</span> <span class='ocrx_word' id='word_1_296' title='bbox 886 3462 906 3506; x_wconf 91' lang='lat' dir='ltr'>a</span> <span class='ocrx_word' id='word_1_297' title='bbox 922 3441 1049 3525; x_wconf 91' lang='lat' dir='ltr'>reliquo</span> <span class='ocrx_word' id='word_1_298' title='bbox 1065 3441 1201 3525; x_wconf 86' lang='lat' dir='ltr'>populo,</span> <span class='ocrx_word' id='word_1_299' title='bbox 1215 3450 1248 3506; x_wconf 91' lang='lat' dir='ltr'>et</span> <span class='ocrx_word' id='word_1_300' title='bbox 1264 3443 1380 3506; x_wconf 90' lang='lat' dir='ltr'>decem</span> <span class='ocrx_word' id='word_1_301' title='bbox 1407 3439 1512 3506; x_wconf 82' lang='lat' dir='ltr'>tribus</span> <span class='ocrx_word' id='word_1_302' title='bbox 1528 3443 1627 3508; x_wconf 87' lang='lat' dir='ltr'>duxit</span> <span class='ocrx_word' id='word_1_303' title='bbox 1642 3443 1675 3508; x_wconf 94' lang='lat' dir='ltr'>in</span> <span class='ocrx_word' id='word_1_304' title='bbox 1701 3443 1818 3509; x_wconf 73' lang='lat' dir='ltr'>Sama·</span> 
     </span>
     <span class='ocr_line' id='line_1_30' title="bbox 465 3546 1818 3630; baseline 0.002 -21"><span class='ocrx_word' id='word_1_305' title='bbox 465 3548 558 3614; x_wconf 81' lang='lat' dir='ltr'>riam.</span> <span class='ocrx_word' id='word_1_306' title='bbox 575 3547 679 3612; x_wconf 86' lang='lat' dir='ltr'>Iudae</span> <span class='ocrx_word' id='word_1_307' title='bbox 695 3568 773 3612; x_wconf 87' lang='lat' dir='ltr'>vero</span> <span class='ocrx_word' id='word_1_308' title='bbox 789 3546 894 3612; x_wconf 88' lang='lat' dir='ltr'>tribus</span> <span class='ocrx_word' id='word_1_309' title='bbox 910 3554 944 3610; x_wconf 93' lang='lat' dir='ltr'>et</span> <span class='ocrx_word' id='word_1_310' title='bbox 961 3546 1135 3610; x_wconf 90' lang='lat' dir='ltr'>Beniamin</span> <span class='ocrx_word' id='word_1_311' title='bbox 1159 3549 1390 3610; x_wconf 87' lang='lat' dir='ltr'>remanserunt</span> <span class='ocrx_word' id='word_1_312' title='bbox 1406 3547 1468 3610; x_wconf 77' lang='lat' dir='ltr'>tub</span> <span class='ocrx_word' id='word_1_313' title='bbox 1485 3548 1625 3630; x_wconf 90' lang='lat' dir='ltr'>imperio</span> <span class='ocrx_word' id='word_1_314' title='bbox 1642 3548 1818 3612; x_wconf 78' lang='lat' dir='ltr'>Roboamt</span> 
     </span>
     <span class='ocr_line' id='line_1_31' title="bbox 464 3643 1869 3733; baseline 0.001 -20"><span class='ocrx_word' id='word_1_315' title='bbox 464 3661 497 3714; x_wconf 88' lang='lat' dir='ltr'>et</span> <span class='ocrx_word' id='word_1_316' title='bbox 514 3651 608 3715; x_wconf 92' lang='lat' dir='ltr'>multi</span> <span class='ocrx_word' id='word_1_317' title='bbox 625 3651 771 3717; x_wconf 90' lang='lat' dir='ltr'>detribu</span> <span class='ocrx_word' id='word_1_318' title='bbox 789 3651 881 3727; x_wconf 91' lang='lat' dir='ltr'>Levi,</span> <span class='ocrx_word' id='word_1_319' title='bbox 896 3651 952 3733; x_wconf 90' lang='lat' dir='ltr'>qul</span> <span class='ocrx_word' id='word_1_320' title='bbox 969 3650 1167 3715; x_wconf 90' lang='lat' dir='ltr'>habitabant</span> <span class='ocrx_word' id='word_1_321' title='bbox 1179 3651 1212 3713; x_wconf 92' lang='lat' dir='ltr'>in</span> <span class='ocrx_word' id='word_1_322' title='bbox 1225 3647 1436 3714; x_wconf 71' lang='lat' dir='ltr'>Hierusalem</span> <span class='ocrx_word' id='word_1_323' title='bbox 1447 3651 1636 3716; x_wconf 86' lang='lat' dir='ltr'>sacerdotes</span> <span class='ocrx_word' id='word_1_324' title='bbox 1648 3661 1681 3715; x_wconf 91' lang='lat' dir='ltr'>et</span> <span class='ocrx_word' id='word_1_325' title='bbox 1692 3643 1819 3729; x_wconf 62' lang='lat' dir='ltr'>inultae,</span> <span class='ocrx_word' id='word_1_326' title='bbox 1837 3677 1869 3728; x_wconf 80' lang='lat'>³0</span> 
     </span>
     <span class='ocr_line' id='line_1_32' title="bbox 464 3749 1819 3839; baseline 0.003 -21"><span class='ocrx_word' id='word_1_327' title='bbox 464 3755 548 3818; x_wconf 90' lang='lat' dir='ltr'>sicut</span> <span class='ocrx_word' id='word_1_328' title='bbox 564 3755 722 3838; x_wconf 92' lang='lat' dir='ltr'>scriptum</span> <span class='ocrx_word' id='word_1_329' title='bbox 740 3755 839 3824; x_wconf 90' lang='lat' dir='ltr'>estin</span> <span class='ocrx_word' id='word_1_330' title='bbox 866 3755 1152 3839; x_wconf 85' lang='lat' dir='ltr'>Paralipomenon,</span> <span class='ocrx_word' id='word_1_331' title='bbox 1169 3755 1288 3820; x_wconf 88' lang='lat' dir='ltr'>reversi</span> <span class='ocrx_word' id='word_1_332' title='bbox 1316 3755 1394 3821; x_wconf 84' lang='lat' dir='ltr'>sunl</span> <span class='ocrx_word' id='word_1_333' title='bbox 1418 3757 1460 3819; x_wconf 84' lang='lat' dir='ltr'>ad</span> <span class='ocrx_word' id='word_1_334' title='bbox 1485 3755 1648 3838; x_wconf 91' lang='lat' dir='ltr'>templum</span> <span class='ocrx_word' id='word_1_335' title='bbox 1666 3749 1740 3834; x_wconf 78' lang='lat' dir='ltr'>Del,</span> <span class='ocrx_word' id='word_1_336' title='bbox 1757 3754 1819 3822; x_wconf 75' lang='lat' dir='ltr'>lion</span> 
     </span>
     <span class='ocr_line' id='line_1_33' title="bbox 464 3855 1819 3944; baseline 0.004 -24"><span class='ocrx_word' id='word_1_337' title='bbox 464 3867 515 3920; x_wconf 91' lang='lat' dir='ltr'>est</span> <span class='ocrx_word' id='word_1_338' title='bbox 531 3857 563 3920; x_wconf 89' lang='lat' dir='ltr'>in</span> <span class='ocrx_word' id='word_1_339' title='bbox 584 3857 802 3923; x_wconf 91' lang='lat' dir='ltr'>Hierusalem.</span> <span class='ocrx_word' id='word_1_340' title='bbox 819 3859 902 3922; x_wconf 93' lang='lat' dir='ltr'>Tres</span> <span class='ocrx_word' id='word_1_341' title='bbox 918 3878 997 3941; x_wconf 87' lang='lat' dir='ltr'>ergo</span> <span class='ocrx_word' id='word_1_342' title='bbox 1013 3859 1117 3924; x_wconf 89' lang='lat' dir='ltr'>tribus</span> <span class='ocrx_word' id='word_1_343' title='bbox 1134 3858 1276 3933; x_wconf 87' lang='lat' dir='ltr'>luerunt,</span> <span class='ocrx_word' id='word_1_344' title='bbox 1288 3861 1351 3924; x_wconf 84' lang='lat' dir='ltr'>lroc</span> <span class='ocrx_word' id='word_1_345' title='bbox 1364 3859 1414 3924; x_wconf 77' lang='lat' dir='ltr'>etl</span> <span class='ocrx_word' id='word_1_346' title='bbox 1430 3858 1462 3924; x_wconf 91' lang='lat' dir='ltr'>in</span> <span class='ocrx_word' id='word_1_347' title='bbox 1483 3860 1629 3926; x_wconf 80' lang='lat' dir='ltr'>Iudaea:</span> <span class='ocrx_word' id='word_1_348' title='bbox 1647 3857 1730 3926; x_wconf 69' lang='lat' dir='ltr'>Iuda</span> <span class='ocrx_word' id='word_1_349' title='bbox 1746 3855 1819 3944; x_wconf 74' lang='lat' dir='ltr'>lptt</span> 
     </span>
    </p>
   </div>
   <div class='ocr_carea' id='block_1_5' title="bbox 461 4025 1819 4429">
    <p class='ocr_par' dir='ltr' id='par_1_7' title="bbox 461 4025 1819 4429">
     <span class='ocr_line' id='line_1_34' title="bbox 498 4025 1818 4098; baseline 0.005 -19"><span class='ocrx_word' id='word_1_350' title='bbox 498 4042 513 4093; x_wconf 81' lang='lat'>3</span> <span class='ocrx_word' id='word_1_351' title='bbox 526 4031 621 4098; x_wconf 71' lang='lat' dir='ltr'>loquor]</span> <span class='ocrx_word' id='word_1_352' title='bbox 632 4031 721 4082; x_wconf 85' lang='lat' dir='ltr'>locorS</span> <span class='ocrx_word' id='word_1_353' title='bbox 733 4049 740 4092; x_wconf 87' lang='lat'>;</span> <span class='ocrx_word' id='word_1_354' title='bbox 753 4032 842 4096; x_wconf 81' lang='lat' dir='ltr'>loquar</span> <span class='ocrx_word' id='word_1_355' title='bbox 850 4037 1000 4094; x_wconf 72' lang='lat' dir='ltr'>exasperans</span> <span class='ocrx_word' id='word_1_356' title='bbox 1011 4031 1043 4080; x_wconf 90' lang='lat' dir='ltr'>G.</span> <span class='ocrx_word' id='word_1_357' title='bbox 1120 4031 1135 4082; x_wconf 91' lang='lat'><strong>8</strong></span> <span class='ocrx_word' id='word_1_358' title='bbox 1139 4031 1209 4096; x_wconf 83' lang='lat' dir='ltr'>sarii</span> <span class='ocrx_word' id='word_1_359' title='bbox 1218 4029 1380 4096; x_wconf 78' lang='lat' dir='ltr'>suntlsaclttl</span> <span class='ocrx_word' id='word_1_360' title='bbox 1391 4031 1482 4082; x_wconf 83' lang='lat' dir='ltr'>surilG</span> <span class='ocrx_word' id='word_1_361' title='bbox 1494 4031 1580 4097; x_wconf 84' lang='lat' dir='ltr'>;sacla</span> <span class='ocrx_word' id='word_1_362' title='bbox 1590 4039 1625 4082; x_wconf 84' lang='lat' dir='ltr'>esl</span> <span class='ocrx_word' id='word_1_363' title='bbox 1637 4033 1663 4084; x_wconf 90' lang='lat' dir='ltr'>S.</span> <span class='ocrx_word' id='word_1_364' title='bbox 1742 4038 1771 4086; x_wconf 72' lang='lat' dir='ltr'>lt</span> <span class='ocrx_word' id='word_1_365' title='bbox 1782 4025 1818 4085; x_wconf 66' lang='lat' dir='ltr'>dl·</span> 
     </span>
     <span class='ocr_line' id='line_1_35' title="bbox 465 4111 1816 4179; baseline 0.004 -18"><span class='ocrx_word' id='word_1_366' title='bbox 465 4111 555 4175; x_wconf 80' lang='lat' dir='ltr'>reclus]</span> <span class='ocrx_word' id='word_1_367' title='bbox 576 4113 658 4173; x_wconf 86' lang='lat' dir='ltr'>eodd;</span> <span class='ocrx_word' id='word_1_368' title='bbox 675 4114 783 4163; x_wconf 79' lang='lat' dir='ltr'>creditus</span> <span class='ocrx_word' id='word_1_369' title='bbox 806 4111 830 4179; x_wconf 83' lang='grc' dir='ltr'>β.</span> <span class='ocrx_word' id='word_1_370' title='bbox 951 4123 979 4176; x_wconf 80' lang='lat'>15</span> <span class='ocrx_word' id='word_1_371' title='bbox 1002 4113 1103 4175; x_wconf 75' lang='lat' dir='ltr'>Iudaea]</span> <span class='ocrx_word' id='word_1_372' title='bbox 1126 4114 1221 4163; x_wconf 81' lang='lat' dir='ltr'>Iudaea</span> <span class='ocrx_word' id='word_1_373' title='bbox 1241 4113 1296 4164; x_wconf 81' lang='lat' dir='ltr'>AC.</span> <span class='ocrx_word' id='word_1_374' title='bbox 1413 4113 1551 4177; x_wconf 81' lang='lat' dir='ltr'>Spiritum]</span> <span class='ocrx_word' id='word_1_375' title='bbox 1571 4113 1593 4164; x_wconf 92' lang='lat' dir='ltr'>C</span> <span class='ocrx_word' id='word_1_376' title='bbox 1616 4114 1674 4165; x_wconf 81' lang='lat' dir='ltr'>add.</span> <span class='ocrx_word' id='word_1_377' title='bbox 1696 4113 1816 4166; x_wconf 58' lang='lat' dir='ltr'>saurentii</span> 
     </span>
     <span class='ocr_line' id='line_1_36' title="bbox 468 4191 1816 4264; baseline 0.003 -20"><span class='ocrx_word' id='word_1_378' title='bbox 468 4205 496 4257; x_wconf 87' lang='lat'>17</span> <span class='ocrx_word' id='word_1_379' title='bbox 516 4195 634 4258; x_wconf 89' lang='lat' dir='ltr'>Esraim]</span> <span class='ocrx_word' id='word_1_380' title='bbox 653 4195 761 4260; x_wconf 88' lang='lat' dir='ltr'>scripsl;</span> <span class='ocrx_word' id='word_1_381' title='bbox 784 4196 911 4260; x_wconf 76' lang='lat' dir='ltr'>Ephraim</span> <span class='ocrx_word' id='word_1_382' title='bbox 932 4194 967 4264; x_wconf 82' lang='grc' dir='ltr'>β;</span> <span class='ocrx_word' id='word_1_383' title='bbox 984 4195 1082 4260; x_wconf 83' lang='lat' dir='ltr'>Effrem</span> <span class='ocrx_word' id='word_1_384' title='bbox 1104 4195 1215 4256; x_wconf 85' lang='lat' dir='ltr'><strong>ABCG;</strong></span> <span class='ocrx_word' id='word_1_385' title='bbox 1241 4196 1352 4260; x_wconf 74' lang='lat' dir='ltr'>Ephrem</span> <span class='ocrx_word' id='word_1_386' title='bbox 1371 4193 1409 4246; x_wconf 88' lang='lat' dir='ltr'>S:</span> <span class='ocrx_word' id='word_1_387' title='bbox 1434 4195 1517 4244; x_wconf 84' lang='lat' dir='ltr'>nullus</span> <span class='ocrx_word' id='word_1_388' title='bbox 1538 4195 1618 4244; x_wconf 85' lang='lat' dir='ltr'>codex</span> <span class='ocrx_word' id='word_1_389' title='bbox 1641 4195 1688 4246; x_wconf 85' lang='lat' dir='ltr'>sibl</span> <span class='ocrx_word' id='word_1_390' title='bbox 1711 4191 1816 4248; x_wconf 64' lang='lat' dir='ltr'>tonsilla</span> 
     </span>
     <span class='ocr_line' id='line_1_37' title="bbox 462 4275 1819 4344; baseline -0.001 -14"><span class='ocrx_word' id='word_1_391' title='bbox 462 4279 568 4344; x_wconf 83' lang='lat' dir='ltr'>quanli]</span> <span class='ocrx_word' id='word_1_392' title='bbox 586 4285 695 4344; x_wconf 73' lang='lat' dir='ltr'>qudnlar</span> <span class='ocrx_word' id='word_1_393' title='bbox 707 4279 736 4328; x_wconf 87' lang='lat' dir='ltr'>ll.</span> <span class='ocrx_word' id='word_1_394' title='bbox 823 4276 1224 4342; x_wconf 85' lang='lat' dir='ltr'>19cl]ante‘thesaurum’om.</span> <span class='ocrx_word' id='word_1_395' title='bbox 1241 4279 1292 4330; x_wconf 90' lang='lat' dir='ltr'>BC.</span> <span class='ocrx_word' id='word_1_396' title='bbox 1384 4288 1414 4340; x_wconf 85' lang='lat'>27</span> <span class='ocrx_word' id='word_1_397' title='bbox 1419 4277 1490 4342; x_wconf 85' lang='lat' dir='ltr'>filio]</span> <span class='ocrx_word' id='word_1_398' title='bbox 1493 4275 1585 4342; x_wconf 85' lang='lat' dir='ltr'>filium</span> <span class='ocrx_word' id='word_1_399' title='bbox 1598 4278 1651 4329; x_wconf 87' lang='lat' dir='ltr'>BC.</span> <span class='ocrx_word' id='word_1_400' title='bbox 1748 4277 1819 4344; x_wconf 76' lang='lat' dir='ltr'>32ltt</span> 
     </span>
     <span class='ocr_line' id='line_1_38' title="bbox 461 4360 963 4429; baseline 0 -19"><span class='ocrx_word' id='word_1_401' title='bbox 461 4361 568 4424; x_wconf 79' lang='lat' dir='ltr'>Iudaea]</span> <span class='ocrx_word' id='word_1_402' title='bbox 581 4361 619 4422; x_wconf 82' lang='lat' dir='ltr'>C3</span> <span class='ocrx_word' id='word_1_403' title='bbox 637 4361 666 4412; x_wconf 83' lang='lat' dir='ltr'>in</span> <span class='ocrx_word' id='word_1_404' title='bbox 679 4362 745 4410; x_wconf 81' lang='lat' dir='ltr'>Inda</span> <span class='ocrx_word' id='word_1_405' title='bbox 756 4363 798 4413; x_wconf 81' lang='lat' dir='ltr'>SG</span> <span class='ocrx_word' id='word_1_406' title='bbox 810 4379 817 4422; x_wconf 88' lang='lat'>;</span> <span class='ocrx_word' id='word_1_407' title='bbox 835 4363 901 4412; x_wconf 86' lang='lat' dir='ltr'>Iuda</span> <span class='ocrx_word' id='word_1_408' title='bbox 915 4360 963 4429; x_wconf 84' lang='grc' dir='ltr'>βΒ.</span> 
     </span>
    </p>
   </div>
   <div class='ocr_carea' id='block_1_6' title="bbox 505 4506 1816 4760">
    <p class='ocr_par' dir='ltr' id='par_1_8' title="bbox 505 4506 1816 4760">
     <span class='ocr_line' id='line_1_39' title="bbox 507 4506 1624 4590; baseline 0.004 -25"><span class='ocrx_word' id='word_1_409' title='bbox 507 4530 530 4566; x_wconf 88' lang='lat'>2.</span> <span class='ocrx_word' id='word_1_410' title='bbox 544 4519 572 4566; x_wconf 82' lang='lat' dir='ltr'>el</span> <span class='ocrx_word' id='word_1_411' title='bbox 580 4508 745 4590; x_wconf 61' lang='lat' dir='ltr'>perierunt]</span> <span class='ocrx_word' id='word_1_412' title='bbox 765 4513 858 4571; x_wconf 88' lang='lat' dir='ltr'>1Cur.</span> <span class='ocrx_word' id='word_1_413' title='bbox 879 4531 921 4580; x_wconf 87' lang='lat' dir='ltr'>ro,</span> <span class='ocrx_word' id='word_1_414' title='bbox 940 4531 981 4567; x_wconf 85' lang='lat' dir='ltr'>ro.</span> <span class='ocrx_word' id='word_1_415' title='bbox 1210 4530 1254 4567; x_wconf 84' lang='lat'>20.</span> <span class='ocrx_word' id='word_1_416' title='bbox 1264 4506 1418 4590; x_wconf 79' lang='lat' dir='ltr'>ficlilibus]</span> <span class='ocrx_word' id='word_1_417' title='bbox 1436 4531 1450 4567; x_wconf 79' lang='lat' dir='ltr'>a</span> <span class='ocrx_word' id='word_1_418' title='bbox 1469 4513 1536 4571; x_wconf 88' lang='lat' dir='ltr'>Cor.</span> <span class='ocrx_word' id='word_1_419' title='bbox 1556 4531 1583 4584; x_wconf 79' lang='lat'>4,</span> <span class='ocrx_word' id='word_1_420' title='bbox 1600 4529 1624 4586; x_wconf 81' lang='lat'>7.</span> 
     </span>
     <span class='ocr_line' id='line_1_40' title="bbox 507 4588 1816 4678; baseline 0.005 -30"><span class='ocrx_word' id='word_1_421' title='bbox 507 4609 531 4666; x_wconf 85' lang='lat'>5.</span> <span class='ocrx_word' id='word_1_422' title='bbox 547 4588 649 4671; x_wconf 82' lang='lat' dir='ltr'>Iunas]</span> <span class='ocrx_word' id='word_1_423' title='bbox 663 4594 769 4651; x_wconf 79' lang='lat' dir='ltr'>lllaulr.</span> <span class='ocrx_word' id='word_1_424' title='bbox 786 4595 829 4664; x_wconf 82' lang='lat'>16,</span> <span class='ocrx_word' id='word_1_425' title='bbox 844 4612 868 4662; x_wconf 88' lang='lat'>4.</span> <span class='ocrx_word' id='word_1_426' title='bbox 1209 4593 1255 4650; x_wconf 81' lang='lat'>26.</span> <span class='ocrx_word' id='word_1_427' title='bbox 1271 4592 1302 4648; x_wconf 81' lang='lat' dir='ltr'>iu</span> <span class='ocrx_word' id='word_1_428' title='bbox 1319 4591 1484 4667; x_wconf 80' lang='lat' dir='ltr'>Regnormu</span> <span class='ocrx_word' id='word_1_429' title='bbox 1495 4594 1590 4678; x_wconf 79' lang='lat' dir='ltr'>libris]</span> <span class='ocrx_word' id='word_1_430' title='bbox 1608 4613 1624 4669; x_wconf 89' lang='lat'>3</span> <span class='ocrx_word' id='word_1_431' title='bbox 1640 4595 1714 4672; x_wconf 72' lang='lat' dir='ltr'>Reg.</span> <span class='ocrx_word' id='word_1_432' title='bbox 1727 4613 1752 4655; x_wconf 89' lang='lat' dir='ltr'>c.</span> <span class='ocrx_word' id='word_1_433' title='bbox 1773 4609 1816 4655; x_wconf 74' lang='lat'>12.</span> 
     </span>
     <span class='ocr_line' id='line_1_41' title="bbox 505 4667 1815 4760; baseline 0.006 -31"><span class='ocrx_word' id='word_1_434' title='bbox 505 4674 532 4730; x_wconf 87' lang='lat'>6.</span> <span class='ocrx_word' id='word_1_435' title='bbox 541 4671 723 4754; x_wconf 80' lang='lat' dir='ltr'>perversum]</span> <span class='ocrx_word' id='word_1_436' title='bbox 737 4676 783 4733; x_wconf 91' lang='lat' dir='ltr'>Ps.</span> <span class='ocrx_word' id='word_1_437' title='bbox 800 4691 845 4749; x_wconf 84' lang='lat'>77,</span> <span class='ocrx_word' id='word_1_438' title='bbox 859 4690 905 4750; x_wconf 82' lang='lat'>57.</span> <span class='ocrx_word' id='word_1_439' title='bbox 1208 4691 1253 4746; x_wconf 85' lang='lat'>31.</span> <span class='ocrx_word' id='word_1_440' title='bbox 1269 4673 1301 4730; x_wconf 82' lang='lat' dir='ltr'>in</span> <span class='ocrx_word' id='word_1_441' title='bbox 1316 4667 1573 4760; x_wconf 75' lang='lat' dir='ltr'>Paralipomenon]</span> <span class='ocrx_word' id='word_1_442' title='bbox 1589 4699 1605 4738; x_wconf 82' lang='lat'>2</span> <span class='ocrx_word' id='word_1_443' title='bbox 1624 4676 1686 4736; x_wconf 86' lang='lat' dir='ltr'>Par.</span> <span class='ocrx_word' id='word_1_444' title='bbox 1707 4691 1754 4752; x_wconf 76' lang='lat' dir='ltr'>tt,</span> <span class='ocrx_word' id='word_1_445' title='bbox 1773 4693 1815 4753; x_wconf 75' lang='lat'>13.</span> 
     </span>
    </p>
   </div>
   <div class='ocr_carea' id='block_1_7' title="bbox 0 0 2106 5492">
    <p class='ocr_par' dir='ltr' id='par_1_9' title="bbox 0 0 2106 5492">
     <span class='ocr_line' id='line_1_42' title="bbox 0 0 2106 5492; baseline 0 1"><span class='ocrx_word' id='word_1_446' title='bbox 0 0 2106 5492; x_wconf 95' lang='lat' dir='ltr'> </span> 
     </span>
    </p>
   </div>
  </div>
 </body>
</html>
