4202 5492
592 415 927 478 reseraremus
951 416 1117 477 usnauo
1141 416 1332 476 uxxxnn.
1585 395 1638 496 '95

284 635 325 697 de
345 632 475 696 ludaeis
492 633 614 697 dieitur
636 632 698 696 iste
715 632 903 708 versiculus,
919 631 982 695 hoc
999 641 1058 710 est,
1073 633 1115 696 de
1139 633 1190 696 his
1216 634 1272 714 qui
1290 633 1500 695 crediderunt
1517 631 1549 694 in
1567 629 1640 694 Sal·

285 746 442 814 vatorem,
458 737 569 800 videte
584 737 740 819 exempla
757 756 842 818 quae
858 737 1016 800 diximus.
1034 736 1101 800 Fac
1114 736 1194 800 mihi
1213 737 1374 800 Iudaeum
1392 737 1500 819 legere
1518 735 1641 800 Leviti-

286 859 371 917 cum,
386 849 419 904 et
435 840 549 904 omnia
566 839 623 902 illa
646 849 856 902 sacramenia
882 860 967 921 quae
992 841 1115 923 scripta
1142 850 1229 917 sunt,
1245 851 1278 904 et
1306 841 1477 923 quomodo
1493 840 1642 922 leprosus

287 943 470 1027 ingreditur
497 945 529 1007 in
557 962 781 1026 synagogam,
801 943 972 1024 quomodo
996 943 1121 1024 gallina
1149 944 1284 1019 tollitur,
1300 953 1334 1008 et
1355 945 1571 1026 obtorquetur
1596 945 1640 1007 illi

258 1069 271 1124 5
286 1052 407 1116 collum
422 1073 429 1128 ;
446 1052 567 1116 deinde
583 1051 704 1115 dicitur
719 1051 762 1114 de
777 1052 939 1132 sanguine
955 1053 1126 1132 quomodo
1142 1060 1347 1133 aspergatur,
1361 1049 1481 1112 dicitur
1493 1050 1534 1112 de
1547 1069 1645 1132 aqua,

286 1155 407 1218 dicitur
422 1165 456 1219 et
471 1155 514 1220 de
530 1155 669 1238 hysopo,
684 1155 806 1218 dicitur
821 1155 921 1219 etiam
939 1156 1110 1236 quomodo
1126 1153 1377 1218 scindanturilli
1391 1153 1597 1227 vestimenta,
1609 1163 1643 1216 et

286 1259 333 1323 sic
349 1261 533 1342 ingreditur
543 1259 576 1323 in
588 1278 796 1341 synagogam
815 1257 868 1321 ille
883 1258 941 1340 qui
958 1257 1105 1340 leprosus
1122 1259 1236 1322 iuerat.
1250 1256 1286 1322 Si
1297 1257 1479 1320 secundum
1497 1254 1641 1320 litteram

287 1360 447 1444 legamus,
463 1362 541 1444 quid
560 1362 656 1426 nobis
673 1362 809 1444 prodest
823 1360 914 1444 quod
931 1359 1098 1443 legimus?
1117 1361 1152 1426 Si
1168 1381 1247 1425 vero
1263 1360 1412 1424 conversi
1430 1359 1587 1423 fuerimus
1599 1361 1642 1424 ad

286 1487 351 1544 cor,
366 1466 393 1529 si
410 1465 602 1549 spiritaliter
618 1464 891 1540 intellexerimus,
907 1465 1096 1528 videbimus
1112 1466 1270 1547 quoniam
1289 1466 1437 1547 leprosus
1449 1484 1514 1527 non
1533 1471 1644 1547 potest

243 1572 407 1634 reintrare
423 1571 465 1635 ad
484 1569 645 1652 populum
663 1568 800 1646 Dei,nisi
812 1568 1006 1632 scindantur
1020 1569 1219 1632 vestimenta
1235 1569 1315 1644 eius,
1331 1569 1392 1631 nisi
1409 1569 1644 1651 quodcumque

285 1673 435 1738 clausum
461 1673 568 1737 luerat
593 1656 769 1736 reveletur.
780 1671 912 1735 Deinde
936 1673 1047 1735 videte
1069 1671 1227 1754 quoniam
1253 1672 1315 1736 iste
1341 1672 1490 1753 leprosus
1508 1672 1569 1734 nisi
1587 1692 1646 1754 per

285 1777 482 1860 sanguinem
499 1786 532 1840 et
548 1795 670 1859 aquam
688 1785 722 1840 et
750 1773 917 1857 hysopum
935 1795 1000 1838 uon
1018 1774 1202 1856 ingreditur
1218 1776 1251 1838 in
1267 1794 1485 1857 synagogam.
1504 1775 1596 1857 Ergo
1611 1784 1644 1840 et

286 1881 403 1963 tuqui
421 1900 526 1963 usque
541 1880 642 1945 hodie
669 1878 818 1961 leprosus
843 1878 944 1956 luisti,
960 1898 1025 1941 non
1054 1879 1238 1960 apparebat
1262 1879 1354 1961 lepra
1381 1889 1439 1942 tua
1463 1887 1642 1961 antequam

287 1985 432 2049 venisses
448 1985 491 2049 ad
507 1985 723 2050 sacerdotem.
737 1983 804 2046 Sed
822 1982 979 2064 quoniam
992 1982 1110 2045 venisti
1124 1981 1166 2046 ad
1179 1982 1396 2058 sacerdotem,
1408 1982 1527 2046 dissuit
1539 2002 1645 2046 sacer·

242 2113 270 2167 ις
287 2089 348 2152 dos
364 2089 564 2153 vestimenta
588 2099 654 2163 tua,
669 2097 702 2150 et
719 2086 750 2149 id
768 2087 858 2168 quod
876 2095 1000 2149 tectum
1018 2085 1194 2149 videbatur
1209 2095 1242 2149 et
1258 2105 1376 2148 sanum
1402 2105 1482 2164 esse,
1498 2086 1645 2151 ostendit

288 2191 321 2257 io
338 2192 514 2275 leprosum.
530 2191 655 2257 Omnia
671 2201 808 2273 peccata
825 2200 882 2255 tua
899 2200 933 2254 et
948 2189 1074 2272 lepram
1092 2201 1183 2253 tuam
1202 2191 1312 2271 posuit
1328 2198 1407 2252 ante
1422 2188 1537 2253 oculos
1559 2199 1647 2266 tuos,

287 2304 321 2358 et
337 2295 413 2359 ideo
434 2305 466 2360 te
483 2296 611 2359 reducit
638 2295 671 2358 in
699 2313 907 2376 synagogam
925 2292 988 2355 Dei
1007 2314 1065 2375 per
1081 2293 1278 2375 sanguinem
1296 2303 1329 2355 et
1346 2311 1404 2374 per
1427 2312 1560 2376 aquam.
1584 2293 1647 2356 Per

287 2400 495 2482 sanguinem,
510 2419 568 2481 per
584 2398 774 2482 passionem
792 2398 906 2480 Xpisti
925 2419 932 2475 ;
959 2409 991 2460 et
1019 2417 1077 2480 per
1093 2417 1224 2478 aquam,
1241 2415 1299 2478 per
1315 2395 1531 2479 baptismum.
1556 2397 1647 2479 Ergo

289 2509 365 2581 post
392 2498 517 2581 lepram
534 2500 644 2562 sanari
661 2519 726 2563 non
745 2503 877 2583 poteris,
894 2501 955 2564 nisi
972 2522 1031 2584 per
1046 2489 1243 2582 sanguinem
1261 2499 1373 2582 Xpisti
1397 2512 1430 2565 et
1454 2521 1513 2582 per
1539 2500 1647 2582 bapti-

241 2626 274 2663 ιο
289 2622 408 2667 smum.
426 2603 472 2666 Et
497 2622 572 2667 cum
598 2603 661 2665 hoc
689 2603 812 2682 leceris,
828 2605 949 2669 dicitur
963 2615 997 2668 et
1020 2604 1122 2669 illud:
1151 2604 1344 2686 ‘Asparges
1371 2625 1425 2668 me
1451 2606 1590 2687 hysopo,
1614 2613 1648 2667 et

291 2708 498 2771 mundabor:
527 2707 654 2771 lavabis
686 2728 748 2784 me,
778 2718 811 2773 et
841 2729 940 2792 super
970 2709 1081 2773 nivem
1106 2707 1288 2772 dealbabor
1300 2709 1316 2773 ¹.
1334 2708 1451 2792 Usque
1482 2708 1581 2770 hodie
1613 2709 1645 2770 in

290 2813 453 2895 Aegypto
468 2832 503 2875 es
519 2835 525 2876 :
541 2815 701 2896 quamdiu
730 2832 796 2876 non
822 2813 950 2876 veneris
974 2816 1016 2876 ad
1045 2813 1242 2896 sanguinem
1260 2827 1293 2881 et
1319 2821 1362 2881 ad
1380 2837 1512 2901 aquam,
1528 2815 1647 2880 salvari

292 2935 357 2978 non
374 2917 506 2998 poteris.
523 2915 585 2979 Vis
603 2925 639 2978 ut
655 2918 905 2992 exterminator,
921 2918 977 2999 qui
994 2916 1158 2981 interiecit
1174 2917 1383 3002 Aegyptum,
1399 2941 1465 2985 non
1487 2930 1522 2984 te
1548 2920 1648 2984 inter·

292 3017 404 3084 liciat?
429 3018 525 3083 Tolle
549 3019 727 3103 hysopum,
751 3022 901 3104 intingue
928 3022 960 3085 in
988 3023 1159 3104 sanguiue,
1183 3044 1324 3107 asperge
1350 3035 1463 3107 postes
1490 3033 1593 3089 tuos:
1616 3034 1649 3089 et

242 3145 273 3199 25
291 3124 533 3189 exterminator
549 3144 626 3189 cum
653 3123 771 3189 viderit
787 3127 983 3208 sanguinem
1001 3127 1035 3190 in
1052 3127 1161 3190 fronte
1177 3137 1243 3206 tua,
1255 3130 1412 3193 accedere
1429 3149 1495 3193 non
1517 3129 1648 3212 poterit.

294 3227 371 3294 Hoc
386 3236 495 3292 totum
512 3247 614 3311 quare
629 3228 702 3294 dixi
717 3230 729 3294 i
746 3229 834 3312 Quia
849 3231 1008 3313 scriptum
1026 3242 1086 3310 est,
1100 3230 1142 3294 Iu
1152 3252 1203 3295 aas
1217 3231 1276 3312 qui
1289 3242 1522 3296 convertuntur
1534 3231 1649 3296 adcor.

294 3333 385 3415 Ergo
401 3351 467 3397 uon
489 3334 611 3415 poterit
628 3334 717 3416 loqui
734 3332 827 3398 Deus
843 3355 959 3417 pacem
976 3335 1065 3417 plebi
1085 3356 1173 3414 suae,
1193 3337 1255 3400 nisi
1272 3338 1391 3420 eisqui
1412 3344 1651 3401 convertuntur

294 3456 334 3498 aa
359 3456 423 3501 cor.

345 3538 573 3604 Verumtamen
589 3551 689 3623 prope
711 3541 859 3605 timentes
880 3563 954 3605 eum
969 3542 1114 3606 salutare
1130 3544 1240 3625 ipsias.
1257 3544 1400 3610 Ostendi
1417 3545 1504 3608 viam
1521 3545 1649 3620 salutis,

243 3664 276 3716 3ο
292 3642 337 3707 do
353 3644 623 3710 misericordiam.
649 3645 744 3709 Licet
759 3647 902 3710 necdum
918 3663 1096 3711 conversus
1112 3668 1147 3710 es
1163 3649 1205 3712 ad
1222 3669 1287 3724 cor,
1301 3661 1413 3713 tamen
1431 3658 1584 3732 expecto,
1606 3649 1653 3712 do

326 3839 596 3902 adr'xr'mu51dicirrrus
608 3842 640 3891 G.
741 3837 865 3906 aaysopol
883 3843 1041 3907 lympham
1063 3843 1144 3908 isoplro
1157 3845 1185 3894 C.
1290 3855 1317 3893 11
1328 3843 1430 3908 suerat]
1440 3843 1529 3908 suerit
1546 3841 1651 3910 psa?

294 3933 381 3989 postea
393 3925 492 3974 emend.
581 3920 846 3985 r4vem‘sm1venires
858 3923 882 3991 β.
978 3925 1007 3974 16
1020 3926 1048 3974 in
1060 3922 1193 3990 leprosum]
1204 3925 1239 3976 ita
1250 3927 1315 3976 codd
1326 3945 1333 3985 ;
1348 3924 1363 3994 β
1375 3942 1425 3975 om.
1440 3927 1478 3986 r'n,
1491 3941 1555 3990 quae
1568 3935 1651 3975 tamen

294 4006 416 4072 particula
427 4006 517 4071 legitur
536 4005 562 4055 in
584 4005 619 4056 H.
634 4007 750 4056 Fortasse
771 4021 828 4056 usus
848 4017 885 4056 est
907 4007 1077 4071 Hieronymus
1097 4009 1283 4073 praepositione
1299 4024 1356 4059 cum
1376 4007 1527 4067 accusativo,
1541 4015 1567 4057 ut
1588 4007 1651 4058 indi·

294 4101 361 4140 caret
373 4088 501 4139 institutae
513 4106 528 4138 a
539 4089 669 4139 sacerdote
680 4087 861 4152 disquisitionis
872 4089 975 4139 exitum.
990 4089 1031 4139 Cf.
1043 4105 1115 4154 supra
1129 4107 1154 4154 p.
1169 4091 1208 4152 76,
1223 4092 1239 4140 l.
1256 4103 1337 4154 12-13.
1422 4103 1454 4140 20
1466 4090 1544 4151 illud]
1561 4091 1579 4140 S
1591 4091 1651 4140 add.

291 4173 443 4236 psalmistae.
520 4163 789 4234 25poteritlparestG.
867 4182 897 4233 27
909 4171 954 4232 ais]
967 4172 996 4221 r'n
1007 4173 1147 4231 er'rG;his
1159 4172 1188 4223 C.
1266 4185 1298 4234 29
1312 4171 1428 4231 Ostendi]
1441 4172 1651 4232 PS;arrendeG;

294 4254 400 4303 ostendit
411 4254 431 4302 C
446 4265 456 4302 1
471 4269 496 4302 m
508 4269 515 4312 ;
526 4253 623 4302 ostendo
635 4249 685 4318 βΑ,
697 4252 718 4302 C
728 4267 783 4316 sup.
798 4251 840 4301 lin.

349 4455 373 4492 2.
403 4433 532 4509 exempla
567 4450 640 4508 quae
681 4421 823 4504 dr'xr‘rrms]
863 4425 945 4486 luter
998 4445 1091 4502 quam
1113 4425 1185 4486 tanti
1213 4425 1353 4486 Doctoris
1379 4445 1439 4488 non
1465 4443 1529 4485 esse
1555 4425 1652 4502 palam

296 4517 440 4594 opuscula
477 4511 664 4590 Hieronymo
698 4509 771 4568 lalso
806 4507 946 4584 inscripta
1000 4518 1052 4567 est.
1123 4515 1129 4526 '

298 4597 416 4676 (Migne
442 4615 488 4672 30,
507 4595 578 4671 ²53)
603 4593 750 4670 quaedam
766 4601 860 4650 exstat
875 4593 882 4620 ‘
899 4591 946 4649 De
1105 4590 1263 4648 Levr'tr'cum
1292 4607 1357 4666 cap.
1378 4608 1420 4662 14.

300 4677 420 4741 diversis
449 4676 606 4754 generibus
635 4675 781 4751 leprarum
810 4671 817 4698 ’
846 4671 948 4743 oratio,
1044 4689 1089 4730 21.
1105 4670 1258 4730 dealbabor
1285 4672 1332 4730 Ps.
1349 4687 1397 4750 50,
1414 4690 1441 4748 q.
