4060 5498
489 406 544 485 86
869 419 896 476 s.
933 418 1188 476 umnousnr
1221 417 1485 475 sussurrant

491 618 558 681 vim
577 615 729 696 patitur.’
749 615 825 678 Vim
844 617 978 695 patitur,
995 617 1073 698 quia
1089 617 1187 678 nobis
1200 616 1359 679 subicitur
1370 637 1427 697 per
1443 614 1595 696 gratiam,
1609 612 1697 692 quod
1713 629 1777 672 non
1793 624 1837 671 est

492 718 678 782 subiectum
697 737 756 797 per
772 727 923 779 naturam
941 741 947 779 :
966 726 1001 779 ut
1018 717 1107 780 unde
1124 717 1234 798 angeli
1253 729 1456 788 corruerunt.
1472 717 1625 779 homines
1641 714 1838 777 ascendant:

493 832 528 884 ut
546 823 602 884 ubi
616 840 756 901 corpora
772 838 838 881 non
856 821 1056 893 ceciderunt,
1073 821 1205 881 animae
1222 839 1296 880 cum
1314 821 1506 901 corporibus
1524 819 1658 881 vadant.
1673 817 1772 878 Dicat
1787 815 1837 876 ali-

492 926 567 1008 quis
583 951 590 988 :
607 925 790 1006 Quomodo
806 944 886 1005 ergo
898 924 1016 987 eadem
1034 945 1174 1004 corpora
1192 935 1305 987 nostra
1324 925 1418 986 ibunt
1437 926 1468 985 in
1486 924 1641 986 caelum?
1665 920 1703 986 Si
1730 929 1838 1000 regnat

493 1029 653 1104 Christus,
670 1049 730 1090 nos
749 1048 926 1108 regnamus
943 1049 1018 1090 cum
1036 1013 1192 1092 Christo:
1207 1029 1299 1109 quod
1317 1028 1373 1090 ille
1401 1030 1465 1090 iam
1486 1028 1643 1108 possidet,
1659 1025 1756 1088 nobis
1772 1033 1839 1104 post
1866 1045 1880 1096 5

492 1133 766 1195 resurrectionem
785 1134 968 1212 pollicetur.
994 1133 1029 1196 Si
1058 1135 1224 1216 primitiae
1241 1144 1392 1214 regnant,
1408 1145 1439 1195 et
1467 1132 1624 1215 reliquiae
1651 1131 1840 1209 regnabunt.

493 1235 579 1300 Caro
596 1256 681 1317 quae
697 1248 814 1316 regnat
830 1239 863 1298 in
881 1235 1022 1308 Christo.
1046 1257 1131 1319 quur
1162 1259 1226 1300 non
1245 1248 1361 1318 regnet
1389 1238 1420 1298 in
1450 1233 1663 1298 credentibus
1689 1233 1840 1298 Christo?

493 1339 596 1404 ‘Cum
629 1342 718 1404 enirn
746 1342 898 1406 Christus
924 1344 1125 1423 apparuerit,
1142 1351 1222 1404 tunc
1240 1355 1272 1404 et
1299 1363 1359 1404 nos
1377 1341 1614 1423 apparebimus
1630 1357 1706 1401 curn
1724 1337 1797 1418 ipso
1811 1338 1839 1396 in

493 1443 607 1523 gloria.
621 1444 628 1469 '
644 1443 680 1508 Si
697 1465 775 1507 caro
798 1447 841 1507 ab
858 1446 986 1526 angelis
1003 1446 1162 1509 adoratur
1179 1448 1209 1508 in
1239 1447 1342 1524 caelo,
1369 1466 1470 1527 quare
1497 1447 1529 1506 in
1563 1443 1753 1506 hominibus
1781 1459 1839 1501 non

494 1557 618 1629 regnet,
656 1549 711 1630 qui
740 1551 833 1630 regni
863 1563 1051 1612 meruerunt
1080 1553 1307 1632 dignitatem?
1334 1552 1465 1614 Dicitur
1492 1549 1595 1612 alibi:
1621 1547 1685 1608 ‘Et
1711 1547 1841 1608 adorate
1858 1569 1884 1602 ιο
1992 1581 1993 1596 2

493 1650 675 1714 scabellum
694 1654 818 1733 pedum
836 1657 917 1731 eius,
933 1656 1011 1736 quia
1028 1667 1163 1718 sanctus
1180 1666 1231 1719 est
1244 1658 1259 1719 ¹.
1277 1654 1424 1737 Quidam
1450 1665 1571 1736 putant
1597 1654 1640 1716 de
1667 1663 1754 1714 terra
1780 1650 1840 1712 dic·

494 1763 575 1828 tum,
589 1757 771 1819 scabellum
789 1761 911 1838 pedum
924 1761 994 1823 eius
1010 1761 1109 1822 :mihi
1121 1772 1234 1824 autem
1249 1761 1381 1824 videtur
1393 1761 1482 1841 quod
1500 1761 1542 1821 ad
1560 1756 1840 1838 comparationem

493 1857 627 1921 divinae
646 1862 830 1926 maiestatis
847 1865 1034 1926 incarnatio
1052 1864 1237 1929 Salvatoris
1253 1866 1435 1928 scabellum
1454 1873 1589 1945 propter
1606 1861 1840 1924 subiectionem
1992 1893 1993 1904 ι

494 1961 694 2026 humilitatis
711 1968 831 2030 merito
848 1978 1060 2050 nuncupetur
1073 1990 1081 2047 ;
1094 1970 1151 2031 sed
1166 1970 1243 2050 quia
1255 1968 1378 2033 Christi
1396 1979 1455 2041 est,
1471 1969 1639 2031 adoratur.
1652 1963 1744 2026 Nihil
1758 1965 1839 2025 enim

493 2067 588 2130 deest
601 2067 770 2132 divinitati
785 2095 791 2134 :
809 2073 967 2154 quicquid
980 2073 1068 2135 enirn
1094 2072 1250 2159 niro-inpia
1266 2085 1317 2136 est
1338 2075 1370 2134 in
1389 2073 1533 2148 Christo,
1556 2091 1621 2133 non
1640 2069 1685 2132 illi
1702 2070 1840 2142 additur,
1862 2089 1887 2138 ¹5

494 2173 552 2235 sed
573 2174 668 2236 nobis
685 2177 837 2258 proficit:
855 2180 909 2243 ille
927 2181 958 2242 in
976 2180 1083 2260 gloria
1100 2183 1291 2257 assumitur,
1316 2191 1351 2242 ut
1370 2179 1466 2243 nobis
1484 2180 1613 2242 suturae
1644 2177 1715 2260 spei
1743 2177 1841 2258 gratia

493 2277 750 2360 demonstretur,
767 2285 822 2366 qui
840 2305 915 2346 cum
934 2285 1008 2366 ipso
1024 2286 1245 2366 regnavimus.
1264 2283 1327 2348 Cui
1347 2294 1398 2347 est
1423 2284 1530 2364 gloria
1551 2293 1584 2347 et
1612 2281 1786 2363 imperium
1812 2280 1842 2340 in

495 2383 629 2446 saecula
646 2387 852 2451 saeculorum
882 2389 1004 2454 Amen.

965 2547 1040 2620 DE
1072 2547 1295 2620 PSALMO
1326 2545 1445 2618 XCV.

543 2683 739 2784 Antequam
755 2703 797 2763 de
814 2701 990 2782 evangelio
1013 2705 1233 2782 disputemus,
1250 2702 1291 2762 de
1308 2700 1406 2763 titulo
1423 2699 1543 2782 psalmi
1572 2700 1729 2762 videntur
1756 2699 1847 2762 nobis
1864 2724 1893 2758 ιο

498 2827 603 2890 pauca
620 2805 771 2878 dicenda,
784 2817 816 2868 et
833 2815 908 2885 post
933 2807 1019 2868 tituli
1046 2807 1309 2887 disputationem
1339 2805 1512 2866 veniamus
1538 2805 1579 2866 ad
1608 2823 1733 2884 paucos
1752 2801 1846 2865 versi-

497 2908 590 2972 culos
605 2929 613 2986 ;
630 2920 665 2970 nt
683 2906 890 2970 intellectum
905 2927 1004 2988 quem
1020 2909 1061 2969 de
1073 2907 1454 2979 vestibulodixeramus,
1468 2906 1556 2970 idem
1571 2906 1604 2968 in
1621 2905 1715 2968 omni
1731 2906 1847 2968 domus

499 3022 595 3091 porta
611 3030 863 3092 cognoscamus.
879 3010 1012 3074 Titulus
1039 3013 1090 3074 hic
1118 3024 1187 3074 est:
1219 3010 1355 3088 erarrdo
1382 3011 1496 3072 domus
1522 3009 1760 3092 aedificabatur
1776 3017 1849 3090 post

498 3113 820 3196 communitorium
837 3113 959 3177 David.
978 3114 1080 3177 Cuius
1097 3116 1216 3178 domus
1233 3113 1473 3178 aedificabatur
1489 3123 1565 3195 post
1593 3113 1847 3196 captivitatem?

533 3280 546 3327 3
560 3281 609 3313 non
622 3265 773 3326 reciderunt]
786 3267 870 3316 cadere
882 3267 930 3315 hnc
942 3267 1006 3325 loco,
1022 3277 1048 3316 ut
1060 3283 1096 3330 gr.
1110 3261 1368 3331 πίπτωειιιιιιάιιιιε,
1384 3270 1465 3316 locum
1478 3267 1580 3317 habere.
1593 3267 1632 3317 Ci.
1645 3267 1811 3318 Forcellioih.
1822 3281 1845 3312 v.

499 3363 515 3408 4
528 3346 570 3408 Si]
583 3347 641 3395 Post
654 3347 719 3396 hanc
731 3347 945 3408 coniunctionem,
959 3349 1044 3398 littera
1051 3365 1071 3412 g
1081 3349 1106 3397 in
1117 3349 1275 3414 Lexpuncta
1284 3360 1331 3398 est.
1436 3362 1461 3398 11
1472 3348 1627 3409 sanclrrresl]
1635 3349 1664 3408 L,
1674 3347 1848 3413 etitaqnidem

500 3429 525 3477 in
540 3429 626 3478 multis
638 3430 712 3478 codd.
726 3445 807 3493 graec.
825 3431 864 3478 Ps.
877 3430 916 3491 98,
932 3443 946 3493 5
959 3426 1000 3480 ὅτι
1011 3427 1085 3498 ἅγιός
1099 3427 1159 3480 ἐστι.
1264 3444 1291 3495 15
1309 3432 1433 3496 quicquid
1447 3430 1527 3492 enim]
1543 3433 1604 3494 quia
1616 3433 1731 3495 qur'cqrrr't
1741 3432 1806 3479 eninr
1818 3429 1848 3478 L

502 3505 653 3574 οἰκονομία]
675 3512 859 3562 t‘tun'unlltt
877 3515 947 3573 cod,
969 3532 982 3562 o
1001 3515 1131 3563 minutiori
1148 3531 1223 3578 super
1244 3532 1265 3564 ω
1287 3515 1385 3564 addito.
1489 3523 1517 3574 17
1537 3513 1852 3577 r‘egrravr'rru51cod.,pro

502 3595 682 3658 regnabimus?
784 3612 811 3659 ¹9
825 3605 868 3644 DE
879 3607 1008 3646 PSALMO
1018 3599 1095 3659 XCV]
1114 3600 1178 3648 Item
1196 3617 1227 3648 ex
1244 3615 1294 3648 uno
1312 3601 1369 3649 eod.
1385 3599 1556 3649 Laurentiano
1568 3615 1636 3648 nunc
1648 3599 1749 3647 demum
1762 3597 1849 3647 editur.

504 3690 533 3724 22
545 3677 703 3740 dixeramus]
717 3696 762 3744 pro
773 3683 933 3730 dixerimus?
1031 3696 1045 3730 2
1049 3696 1062 3744 3
1072 3683 1155 3745 porta]
1167 3683 1223 3732 cod.
1235 3691 1313 3745 porte,
1328 3682 1432 3732 tortasse
1444 3699 1473 3732 ex
1486 3697 1577 3746 graeco
1588 3681 1758 3746 scrupulosius
1775 3689 1852 3728 trans·

504 3751 673 3816 latostvcum
687 3760 1291 3828 dativo);aliaexemplaap.Roensch,p.412.
1392 3765 1645 3830 aeriifir.]lredr'fic.L.
1746 3760 1853 3822 24hrrr'r]

505 3838 534 3896 L,
549 3836 654 3888 sortasse
667 3857 713 3904 pro
725 3842 843 3905 lryrrrnrrs,
856 3845 1009 3908 compendio
1020 3847 1158 3910 scripturae
1170 3847 1237 3895 male
1249 3848 1315 3896 lecto
1327 3865 1333 3904 ;
1345 3863 1427 3911 graec.
1443 3841 1499 3913 ᾠδὴ
1511 3849 1550 3914 τῷ
1563 3840 1650 3896 dauid.

550 4007 572 4045 1.
585 3983 716 4067 patriar]
736 3991 789 4044 Mt.
812 4007 855 4056 ιι,
877 4008 918 4045 12.
1206 3991 1328 4050 caelo...
1348 3991 1427 4050 Caro
1449 4001 1478 4050 et
1503 3989 1622 4065 sanguis
1645 4006 1770 4064 regnunt
1797 3986 1855 4045 Dei

546 4066 804 4148 alternaturam]
832 4070 957 4128 Hieron.
986 4069 1015 4127 in
1046 4070 1152 4128 Matth.
1207 4091 1267 4130 non
1281 4072 1486 4146 possidebunt.
1500 4073 1538 4132 Et
1549 4071 1706 4148 quomodo
1718 4070 1747 4128 in
1758 4067 1856 4129 Chris·

506 4155 561 4212 loc.
584 4150 632 4210 cit.
651 4153 802 4210 ‘Grandis
825 4150 905 4210 enirn
931 4162 976 4209 est
1003 4150 1153 4221 violentia,
1206 4165 1238 4213 to
1252 4155 1420 4228 regnant?’

506 4235 535 4293 in
548 4243 624 4292 terra
640 4249 695 4292 nos
711 4251 775 4292 esse
788 4243 953 4307 generatos,
965 4247 993 4290 et
1004 4235 1154 4292 caelorum
1249 4255 1275 4310 9.
1290 4230 1399 4314 gloria]
1416 4235 1483 4295 Col.
1503 4255 1527 4310 3,
1544 4255 1571 4305 4,

507 4315 611 4376 sedern
628 4333 793 4390 quaerere3
815 4315 969 4391 possidere
994 4335 1046 4388 per
1070 4315 1155 4374 virtu·
1253 4336 1295 4376 ιι.
1313 4325 1428 4374 sanctus
1443 4314 1497 4397 ert]
1514 4318 1560 4375 Ps.
1578 4321 1625 4394 98,
1644 4337 1667 4394 5.

506 4409 577 4470 tem,
591 4399 673 4471 quod
686 4417 747 4456 non
764 4395 915 4456 tenuimus
932 4417 982 4470 per·
995 4407 1127 4454 naturam
1139 4400 1152 4453 '.
1252 4419 1295 4456 aa.
1313 4399 1345 4456 r'rr
1360 4401 1442 4456 nnnrr'
1453 4401 1552 4458 cirinus
1563 4396 1667 4480 portas]
1685 4397 1743 4454 His
1758 4395 1855 4456 verbis

550 4498 574 4555 7.
592 4481 670 4538 Caro
691 4499 764 4553 quae
789 4487 893 4553 regunt
912 4481 943 4536 r'n
963 4477 1091 4559 Christo]
1108 4481 1152 4540 Cf.
1208 4483 1246 4540 ad
1262 4481 1438 4540 memoriam
1454 4492 1611 4540 revocatur
1621 4481 1738 4540 initium
1752 4487 1854 4538 tracta-

509 4562 655 4638 1112279,
688 4584 701 4619 2
708 4583 724 4636 5
750 4579 813 4636 sqq.
842 4561 929 4617 ‘Non
953 4559 1154 4635 despiciamus
1209 4574 1254 4622 tus
1269 4563 1397 4624 dePsal.
1416 4584 1439 4622 1.

506 4661 638 4715 carnem,
654 4661 732 4717 quse
757 4660 825 4700 curn
850 4639 971 4702 Christo
997 4651 1099 4718 regnat
1124 4641 1155 4702 in
