<?xml version="1.0" encoding="UTF-8"?>
<!DOCTYPE html PUBLIC "-//W3C//DTD XHTML 1.0 Transitional//EN"
    "http://www.w3.org/TR/xhtml1/DTD/xhtml1-transitional.dtd">
<html xmlns="http://www.w3.org/1999/xhtml" xml:lang="en" lang="en">
 <head>
  <title>
</title>
<meta http-equiv="Content-Type" content="text/html;charset=utf-8" />
  <meta name='ocr-system' content='tesseract 3.04.00' />
  <meta name='ocr-capabilities' content='ocr_page ocr_carea ocr_par ocr_line ocrx_word'/>
</head>
<body>
  <div class='ocr_page' id='page_1' title='image "./commentarioliin00morigoog/commentarioliin00morigoog_0265.png"; bbox 0 0 4202 5492; ppageno 0'>
   <div class='ocr_carea' id='block_1_1' title="bbox 457 384 1430 482">
    <p class='ocr_par' dir='ltr' id='par_1_1' title="bbox 457 384 1430 482">
     <span class='ocr_line' id='line_1_1' title="bbox 457 384 1430 482; baseline 0.008 -17"><span class='ocrx_word' id='word_1_1' title='bbox 457 384 534 482; x_wconf 77' lang='lat'>108</span> <span class='ocrx_word' id='word_1_2' title='bbox 836 410 863 470; x_wconf 91' lang='lat' dir='ltr'>s.</span> <span class='ocrx_word' id='word_1_3' title='bbox 889 411 1143 472; x_wconf 78' lang='lat' dir='ltr'>uranouvnu</span> <span class='ocrx_word' id='word_1_4' title='bbox 1165 413 1430 474; x_wconf 69' lang='lat' dir='ltr'>sussurrant</span> 
     </span>
    </p>
   </div>
   <div class='ocr_carea' id='block_1_2' title="bbox 390 624 1867 3004">
    <p class='ocr_par' dir='ltr' id='par_1_2' title="bbox 390 624 1863 2274">
     <span class='ocr_line' id='line_1_2' title="bbox 451 624 1810 708; baseline 0.005 -21"><span class='ocrx_word' id='word_1_5' title='bbox 451 624 520 689; x_wconf 85' lang='lat' dir='ltr'>dies</span> <span class='ocrx_word' id='word_1_6' title='bbox 535 645 601 688; x_wconf 86' lang='lat' dir='ltr'>rena</span> <span class='ocrx_word' id='word_1_7' title='bbox 615 645 698 708; x_wconf 87' lang='lat' dir='ltr'>quae</span> <span class='ocrx_word' id='word_1_8' title='bbox 705 625 901 708; x_wconf 83' lang='lat' dir='ltr'>praeteriit:</span> <span class='ocrx_word' id='word_1_9' title='bbox 917 645 959 690; x_wconf 88' lang='lat' dir='ltr'>ne</span> <span class='ocrx_word' id='word_1_10' title='bbox 974 635 1104 690; x_wconf 86' lang='lat' dir='ltr'>avertas</span> <span class='ocrx_word' id='word_1_11' title='bbox 1120 627 1289 692; x_wconf 91' lang='lat' dir='ltr'>hominem</span> <span class='ocrx_word' id='word_1_12' title='bbox 1307 629 1340 692; x_wconf 91' lang='lat' dir='ltr'>in</span> <span class='ocrx_word' id='word_1_13' title='bbox 1357 627 1591 694; x_wconf 84' lang='lat' dir='ltr'><strong>humilitatem.</strong></span> <span class='ocrx_word' id='word_1_14' title='bbox 1604 629 1651 694; x_wconf 87' lang='lat' dir='ltr'>Et</span> <span class='ocrx_word' id='word_1_15' title='bbox 1665 629 1810 694; x_wconf 84' lang='lat' dir='ltr'>custodia</span> 
     </span>
     <span class='ocr_line' id='line_1_3' title="bbox 452 728 1809 813; baseline 0.005 -21"><span class='ocrx_word' id='word_1_16' title='bbox 452 728 487 792; x_wconf 87' lang='lat' dir='ltr'>in</span> <span class='ocrx_word' id='word_1_17' title='bbox 504 739 598 796; x_wconf 82' lang='lat' dir='ltr'>necte.</span> <span class='ocrx_word' id='word_1_18' title='bbox 616 730 692 793; x_wconf 92' lang='lat' dir='ltr'>Hoc</span> <span class='ocrx_word' id='word_1_19' title='bbox 708 729 788 813; x_wconf 92' lang='lat' dir='ltr'>quid</span> <span class='ocrx_word' id='word_1_20' title='bbox 805 731 911 796; x_wconf 88' lang='lat' dir='ltr'>voluit</span> <span class='ocrx_word' id='word_1_21' title='bbox 926 730 1095 808; x_wconf 86' lang='lat' dir='ltr'>dicere,Et</span> <span class='ocrx_word' id='word_1_22' title='bbox 1111 733 1263 796; x_wconf 88' lang='lat' dir='ltr'>custodia</span> <span class='ocrx_word' id='word_1_23' title='bbox 1280 733 1311 796; x_wconf 93' lang='lat' dir='ltr'>in</span> <span class='ocrx_word' id='word_1_24' title='bbox 1326 733 1448 798; x_wconf 87' lang='lat' dir='ltr'>nocte?</span> <span class='ocrx_word' id='word_1_25' title='bbox 1466 732 1683 799; x_wconf 88' lang='lat' dir='ltr'>Debemuset</span> <span class='ocrx_word' id='word_1_26' title='bbox 1695 754 1809 799; x_wconf 86' lang='lat' dir='ltr'>secun·</span> 
     </span>
     <span class='ocr_line' id='line_1_4' title="bbox 451 835 1807 921; baseline 0.003 -22"><span class='ocrx_word' id='word_1_27' title='bbox 451 835 532 900; x_wconf 91' lang='lat' dir='ltr'>durn</span> <span class='ocrx_word' id='word_1_28' title='bbox 548 835 720 900; x_wconf 82' lang='lat' dir='ltr'>historiam</span> <span class='ocrx_word' id='word_1_29' title='bbox 737 837 829 914; x_wconf 83' lang='lat' dir='ltr'>scire,</span> <span class='ocrx_word' id='word_1_30' title='bbox 846 837 927 901; x_wconf 88' lang='lat' dir='ltr'>Nox</span> <span class='ocrx_word' id='word_1_31' title='bbox 953 835 986 901; x_wconf 90' lang='lat' dir='ltr'>in</span> <span class='ocrx_word' id='word_1_32' title='bbox 1010 847 1169 920; x_wconf 92' lang='lat' dir='ltr'>quattuor</span> <span class='ocrx_word' id='word_1_33' title='bbox 1190 837 1318 920; x_wconf 87' lang='lat' dir='ltr'>vigilias</span> <span class='ocrx_word' id='word_1_34' title='bbox 1345 837 1511 902; x_wconf 88' lang='lat' dir='ltr'>dividitur.</span> <span class='ocrx_word' id='word_1_35' title='bbox 1539 838 1694 921; x_wconf 89' lang='lat' dir='ltr'>Denique</span> <span class='ocrx_word' id='word_1_36' title='bbox 1720 839 1807 903; x_wconf 89' lang='lat' dir='ltr'>etin</span> 
     </span>
     <span class='ocr_line' id='line_1_5' title="bbox 451 939 1809 1024; baseline 0.001 -21"><span class='ocrx_word' id='word_1_37' title='bbox 451 939 626 1023; x_wconf 88' lang='lat' dir='ltr'>evangelio</span> <span class='ocrx_word' id='word_1_38' title='bbox 636 940 757 1005; x_wconf 91' lang='lat' dir='ltr'>dicitur</span> <span class='ocrx_word' id='word_1_39' title='bbox 770 965 778 1006; x_wconf 91' lang='lat'>:</span> <span class='ocrx_word' id='word_1_40' title='bbox 792 946 800 974; x_wconf 78' lang='lat'>⁸</span> <span class='ocrx_word' id='word_1_41' title='bbox 813 941 852 1005; x_wconf 92' lang='lat' dir='ltr'>In</span> <span class='ocrx_word' id='word_1_42' title='bbox 870 952 988 1024; x_wconf 90' lang='lat' dir='ltr'>quarta</span> <span class='ocrx_word' id='word_1_43' title='bbox 1004 950 1116 1006; x_wconf 88' lang='lat' dir='ltr'>autem</span> <span class='ocrx_word' id='word_1_44' title='bbox 1135 941 1247 1024; x_wconf 87' lang='lat' dir='ltr'>vigilia</span> <span class='ocrx_word' id='word_1_45' title='bbox 1261 943 1276 1008; x_wconf 87' lang='lat'>’.</span> <span class='ocrx_word' id='word_1_46' title='bbox 1294 943 1374 1006; x_wconf 91' lang='lat' dir='ltr'>Una</span> <span class='ocrx_word' id='word_1_47' title='bbox 1389 961 1469 1023; x_wconf 89' lang='lat' dir='ltr'>ergo</span> <span class='ocrx_word' id='word_1_48' title='bbox 1490 941 1604 1024; x_wconf 87' lang='lat' dir='ltr'>vigilia</span> <span class='ocrx_word' id='word_1_49' title='bbox 1620 951 1686 1006; x_wconf 89' lang='lat' dir='ltr'>tres</span> <span class='ocrx_word' id='word_1_50' title='bbox 1709 943 1809 1007; x_wconf 90' lang='lat' dir='ltr'>horae</span> 
     </span>
     <span class='ocr_line' id='line_1_6' title="bbox 453 1044 1861 1129; baseline 0.003 -23"><span class='ocrx_word' id='word_1_51' title='bbox 453 1052 550 1107; x_wconf 89' lang='lat' dir='ltr'>sunt:</span> <span class='ocrx_word' id='word_1_52' title='bbox 575 1065 644 1108; x_wconf 93' lang='lat' dir='ltr'>nox</span> <span class='ocrx_word' id='word_1_53' title='bbox 671 1064 751 1127; x_wconf 86' lang='lat' dir='ltr'>ergo</span> <span class='ocrx_word' id='word_1_54' title='bbox 775 1044 935 1109; x_wconf 88' lang='lat' dir='ltr'>dividitur</span> <span class='ocrx_word' id='word_1_55' title='bbox 960 1047 992 1108; x_wconf 90' lang='lat' dir='ltr'>in</span> <span class='ocrx_word' id='word_1_56' title='bbox 1010 1055 1167 1128; x_wconf 91' lang='lat' dir='ltr'>quattuor</span> <span class='ocrx_word' id='word_1_57' title='bbox 1184 1044 1322 1127; x_wconf 89' lang='lat' dir='ltr'>vigilias.</span> <span class='ocrx_word' id='word_1_58' title='bbox 1341 1046 1496 1128; x_wconf 90' lang='lat' dir='ltr'>Denique</span> <span class='ocrx_word' id='word_1_59' title='bbox 1513 1044 1633 1109; x_wconf 88' lang='lat' dir='ltr'>milites</span> <span class='ocrx_word' id='word_1_60' title='bbox 1651 1055 1809 1129; x_wconf 87' lang='lat' dir='ltr'>quattuor</span> <span class='ocrx_word' id='word_1_61' title='bbox 1846 1065 1861 1120; x_wconf 82' lang='grc'><strong>5</strong></span> 
     </span>
     <span class='ocr_line' id='line_1_7' title="bbox 453 1147 1809 1232; baseline 0.004 -23"><span class='ocrx_word' id='word_1_62' title='bbox 453 1147 513 1210; x_wconf 89' lang='lat' dir='ltr'>has</span> <span class='ocrx_word' id='word_1_63' title='bbox 526 1147 686 1212; x_wconf 88' lang='lat' dir='ltr'>stationes</span> <span class='ocrx_word' id='word_1_64' title='bbox 702 1147 836 1226; x_wconf 89' lang='lat' dir='ltr'>habent,</span> <span class='ocrx_word' id='word_1_65' title='bbox 850 1151 986 1232; x_wconf 91' lang='lat' dir='ltr'>quando</span> <span class='ocrx_word' id='word_1_66' title='bbox 999 1149 1139 1231; x_wconf 86' lang='lat' dir='ltr'>vigilant</span> <span class='ocrx_word' id='word_1_67' title='bbox 1150 1159 1183 1214; x_wconf 90' lang='lat' dir='ltr'>et</span> <span class='ocrx_word' id='word_1_68' title='bbox 1198 1169 1234 1212; x_wconf 90' lang='lat' dir='ltr'>se</span> <span class='ocrx_word' id='word_1_69' title='bbox 1244 1149 1376 1213; x_wconf 89' lang='lat' dir='ltr'>viciant.</span> <span class='ocrx_word' id='word_1_70' title='bbox 1384 1149 1508 1214; x_wconf 87' lang='lat' dir='ltr'>Videte</span> <span class='ocrx_word' id='word_1_71' title='bbox 1523 1168 1604 1232; x_wconf 87' lang='lat' dir='ltr'>ergo</span> <span class='ocrx_word' id='word_1_72' title='bbox 1619 1150 1700 1232; x_wconf 91' lang='lat' dir='ltr'>quid</span> <span class='ocrx_word' id='word_1_73' title='bbox 1711 1150 1809 1215; x_wconf 88' lang='lat' dir='ltr'>dicat.</span> 
     </span>
     <span class='ocr_line' id='line_1_8' title="bbox 454 1251 1807 1338; baseline 0 -20"><span class='ocrx_word' id='word_1_74' title='bbox 454 1253 575 1318; x_wconf 88' lang='lat' dir='ltr'>Omnis</span> <span class='ocrx_word' id='word_1_75' title='bbox 592 1263 704 1317; x_wconf 83' lang='lat' dir='ltr'>nostra</span> <span class='ocrx_word' id='word_1_76' title='bbox 716 1253 895 1318; x_wconf 80' lang='lat' dir='ltr'>aeternitas</span> <span class='ocrx_word' id='word_1_77' title='bbox 913 1253 1049 1318; x_wconf 89' lang='lat' dir='ltr'>:Adam</span> <span class='ocrx_word' id='word_1_78' title='bbox 1067 1251 1122 1317; x_wconf 89' lang='lat' dir='ltr'>ille</span> <span class='ocrx_word' id='word_1_79' title='bbox 1138 1262 1294 1336; x_wconf 89' lang='lat' dir='ltr'>propater</span> <span class='ocrx_word' id='word_1_80' title='bbox 1317 1262 1439 1331; x_wconf 89' lang='lat' dir='ltr'>noster,</span> <span class='ocrx_word' id='word_1_81' title='bbox 1448 1253 1505 1335; x_wconf 93' lang='lat' dir='ltr'>qui</span> <span class='ocrx_word' id='word_1_82' title='bbox 1521 1253 1608 1318; x_wconf 90' lang='lat' dir='ltr'>vixit</span> <span class='ocrx_word' id='word_1_83' title='bbox 1630 1255 1807 1338; x_wconf 83' lang='lat' dir='ltr'>nongentis</span> 
     </span>
     <span class='ocr_line' id='line_1_9' title="bbox 454 1356 1811 1442; baseline 0 -22"><span class='ocrx_word' id='word_1_84' title='bbox 454 1357 591 1440; x_wconf 86' lang='lat' dir='ltr'>triginta</span> <span class='ocrx_word' id='word_1_85' title='bbox 607 1357 724 1421; x_wconf 90' lang='lat' dir='ltr'>annis:</span> <span class='ocrx_word' id='word_1_86' title='bbox 741 1357 842 1421; x_wconf 90' lang='lat' dir='ltr'>etiam</span> <span class='ocrx_word' id='word_1_87' title='bbox 859 1356 914 1420; x_wconf 89' lang='lat' dir='ltr'>ille</span> <span class='ocrx_word' id='word_1_88' title='bbox 931 1356 1145 1434; x_wconf 89' lang='lat' dir='ltr'>Matusalam,</span> <span class='ocrx_word' id='word_1_89' title='bbox 1161 1357 1216 1438; x_wconf 93' lang='lat' dir='ltr'>qui</span> <span class='ocrx_word' id='word_1_90' title='bbox 1233 1356 1318 1422; x_wconf 92' lang='lat' dir='ltr'>vixit</span> <span class='ocrx_word' id='word_1_91' title='bbox 1335 1356 1512 1438; x_wconf 85' lang='lat' dir='ltr'>nongentis</span> <span class='ocrx_word' id='word_1_92' title='bbox 1524 1359 1703 1440; x_wconf 86' lang='lat' dir='ltr'>sexaginta</span> <span class='ocrx_word' id='word_1_93' title='bbox 1715 1358 1811 1442; x_wconf 91' lang='lat' dir='ltr'>quin-</span> 
     </span>
     <span class='ocr_line' id='line_1_10' title="bbox 453 1459 1811 1544; baseline 0.001 -20"><span class='ocrx_word' id='word_1_94' title='bbox 453 1479 518 1544; x_wconf 89' lang='lat' dir='ltr'>que</span> <span class='ocrx_word' id='word_1_95' title='bbox 543 1460 662 1524; x_wconf 90' lang='lat' dir='ltr'>annis:</span> <span class='ocrx_word' id='word_1_96' title='bbox 686 1460 737 1524; x_wconf 84' lang='lat' dir='ltr'>lac</span> <span class='ocrx_word' id='word_1_97' title='bbox 764 1459 843 1543; x_wconf 89' lang='lat' dir='ltr'>quia</span> <span class='ocrx_word' id='word_1_98' title='bbox 867 1461 988 1525; x_wconf 89' lang='lat' dir='ltr'>vixerit</span> <span class='ocrx_word' id='word_1_99' title='bbox 1015 1461 1126 1524; x_wconf 89' lang='lat' dir='ltr'>mille:</span> <span class='ocrx_word' id='word_1_100' title='bbox 1142 1460 1185 1525; x_wconf 94' lang='lat' dir='ltr'>ad</span> <span class='ocrx_word' id='word_1_101' title='bbox 1214 1460 1486 1543; x_wconf 88' lang='lat' dir='ltr'>conparationem</span> <span class='ocrx_word' id='word_1_102' title='bbox 1501 1462 1709 1526; x_wconf 84' lang='lat' dir='ltr'>aeternitatis</span> <span class='ocrx_word' id='word_1_103' title='bbox 1724 1473 1811 1539; x_wconf 84' lang='lat' dir='ltr'>tuae,</span> 
     </span>
     <span class='ocr_line' id='line_1_11' title="bbox 453 1563 1863 1648; baseline -0.001 -19"><span class='ocrx_word' id='word_1_104' title='bbox 453 1565 543 1648; x_wconf 92' lang='lat' dir='ltr'>quod</span> <span class='ocrx_word' id='word_1_105' title='bbox 561 1565 688 1646; x_wconf 88' lang='lat' dir='ltr'>grande</span> <span class='ocrx_word' id='word_1_106' title='bbox 705 1564 811 1643; x_wconf 82' lang='lat' dir='ltr'>suerit,</span> <span class='ocrx_word' id='word_1_107' title='bbox 823 1564 921 1628; x_wconf 90' lang='lat' dir='ltr'>breve</span> <span class='ocrx_word' id='word_1_108' title='bbox 937 1574 996 1630; x_wconf 90' lang='lat' dir='ltr'>est.</span> <span class='ocrx_word' id='word_1_109' title='bbox 1013 1564 1104 1648; x_wconf 87' lang='lat' dir='ltr'>Quid</span> <span class='ocrx_word' id='word_1_110' title='bbox 1122 1564 1210 1627; x_wconf 88' lang='lat' dir='ltr'>enim</span> <span class='ocrx_word' id='word_1_111' title='bbox 1227 1573 1339 1646; x_wconf 90' lang='lat' dir='ltr'>potest</span> <span class='ocrx_word' id='word_1_112' title='bbox 1355 1563 1482 1645; x_wconf 88' lang='lat' dir='ltr'>grande</span> <span class='ocrx_word' id='word_1_113' title='bbox 1498 1583 1578 1642; x_wconf 88' lang='lat' dir='ltr'>esse,</span> <span class='ocrx_word' id='word_1_114' title='bbox 1593 1565 1685 1647; x_wconf 94' lang='lat' dir='ltr'>quod</span> <span class='ocrx_word' id='word_1_115' title='bbox 1710 1564 1808 1629; x_wconf 88' lang='lat' dir='ltr'>finem</span> <span class='ocrx_word' id='word_1_116' title='bbox 1832 1589 1863 1628; x_wconf 88' lang='lat' dir='ltr'>ro</span> 
     </span>
     <span class='ocr_line' id='line_1_12' title="bbox 454 1667 1811 1754; baseline 0.004 -23"><span class='ocrx_word' id='word_1_117' title='bbox 454 1668 581 1732; x_wconf 83' lang='lat' dir='ltr'>habet?</span> <span class='ocrx_word' id='word_1_118' title='bbox 598 1667 691 1732; x_wconf 88' lang='lat' dir='ltr'>Mille</span> <span class='ocrx_word' id='word_1_119' title='bbox 707 1669 810 1733; x_wconf 86' lang='lat' dir='ltr'>nostri</span> <span class='ocrx_word' id='word_1_120' title='bbox 828 1669 915 1748; x_wconf 90' lang='lat' dir='ltr'>anni,</span> <span class='ocrx_word' id='word_1_121' title='bbox 931 1677 1009 1733; x_wconf 91' lang='lat' dir='ltr'>ante</span> <span class='ocrx_word' id='word_1_122' title='bbox 1033 1688 1133 1751; x_wconf 90' lang='lat' dir='ltr'>quam</span> <span class='ocrx_word' id='word_1_123' title='bbox 1161 1667 1451 1746; x_wconf 82' lang='lat' dir='ltr'>offerenderemus‚</span> <span class='ocrx_word' id='word_1_124' title='bbox 1475 1689 1541 1734; x_wconf 90' lang='lat' dir='ltr'>una</span> <span class='ocrx_word' id='word_1_125' title='bbox 1568 1670 1638 1734; x_wconf 90' lang='lat' dir='ltr'>dies</span> <span class='ocrx_word' id='word_1_126' title='bbox 1664 1671 1754 1754; x_wconf 89' lang='lat' dir='ltr'>apud</span> <span class='ocrx_word' id='word_1_127' title='bbox 1778 1681 1811 1736; x_wconf 90' lang='lat' dir='ltr'>te</span> 
     </span>
     <span class='ocr_line' id='line_1_13' title="bbox 454 1768 1810 1856; baseline 0.001 -20"><span class='ocrx_word' id='word_1_128' title='bbox 454 1783 534 1838; x_wconf 86' lang='lat' dir='ltr'>erat.</span> <span class='ocrx_word' id='word_1_129' title='bbox 558 1768 649 1856; x_wconf 86' lang='lat' dir='ltr'>Quid</span> <span class='ocrx_word' id='word_1_130' title='bbox 676 1773 761 1850; x_wconf 86' lang='lat' dir='ltr'>dico,</span> <span class='ocrx_word' id='word_1_131' title='bbox 784 1793 850 1836; x_wconf 91' lang='lat' dir='ltr'>una</span> <span class='ocrx_word' id='word_1_132' title='bbox 875 1772 971 1836; x_wconf 87' lang='lat' dir='ltr'>dies?</span> <span class='ocrx_word' id='word_1_133' title='bbox 999 1793 1065 1840; x_wconf 87' lang='lat' dir='ltr'>una</span> <span class='ocrx_word' id='word_1_134' title='bbox 1092 1772 1206 1855; x_wconf 87' lang='lat' dir='ltr'>vigilia</span> <span class='ocrx_word' id='word_1_135' title='bbox 1231 1772 1346 1835; x_wconf 91' lang='lat' dir='ltr'>noctis.</span> <span class='ocrx_word' id='word_1_136' title='bbox 1370 1771 1424 1835; x_wconf 89' lang='lat' dir='ltr'>Ne</span> <span class='ocrx_word' id='word_1_137' title='bbox 1438 1784 1570 1836; x_wconf 83' lang='lat' dir='ltr'>avertas</span> <span class='ocrx_word' id='word_1_138' title='bbox 1591 1773 1752 1838; x_wconf 75' lang='lat' dir='ltr'>hominem</span> <span class='ocrx_word' id='word_1_139' title='bbox 1776 1775 1810 1838; x_wconf 89' lang='lat' dir='ltr'>in</span> 
     </span>
     <span class='ocr_line' id='line_1_14' title="bbox 454 1876 1813 1961; baseline 0 -19"><span class='ocrx_word' id='word_1_140' title='bbox 454 1876 684 1943; x_wconf 78' lang='lat' dir='ltr'>humilitatem.</span> <span class='ocrx_word' id='word_1_141' title='bbox 696 1877 820 1942; x_wconf 89' lang='lat' dir='ltr'>Videte</span> <span class='ocrx_word' id='word_1_142' title='bbox 832 1878 912 1961; x_wconf 92' lang='lat' dir='ltr'>quid</span> <span class='ocrx_word' id='word_1_143' title='bbox 923 1878 1014 1941; x_wconf 86' lang='lat' dir='ltr'>dicat</span> <span class='ocrx_word' id='word_1_144' title='bbox 1028 1901 1035 1942; x_wconf 93' lang='lat'>:</span> <span class='ocrx_word' id='word_1_145' title='bbox 1052 1877 1222 1959; x_wconf 89' lang='lat' dir='ltr'>Dignatus</span> <span class='ocrx_word' id='word_1_146' title='bbox 1238 1896 1273 1938; x_wconf 88' lang='lat' dir='ltr'>es</span> <span class='ocrx_word' id='word_1_147' title='bbox 1286 1896 1346 1958; x_wconf 92' lang='lat' dir='ltr'>pro</span> <span class='ocrx_word' id='word_1_148' title='bbox 1360 1885 1472 1942; x_wconf 91' lang='lat' dir='ltr'>nostra</span> <span class='ocrx_word' id='word_1_149' title='bbox 1484 1877 1592 1942; x_wconf 89' lang='lat' dir='ltr'>salute</span> <span class='ocrx_word' id='word_1_150' title='bbox 1602 1878 1813 1957; x_wconf 85' lang='lat' dir='ltr'>descendere,</span> 
     </span>
     <span class='ocr_line' id='line_1_15' title="bbox 458 1971 1812 2064; baseline 0.002 -18"><span class='ocrx_word' id='word_1_151' title='bbox 458 1971 571 2047; x_wconf 81' lang='lat' dir='ltr'>fudisti</span> <span class='ocrx_word' id='word_1_152' title='bbox 588 2001 649 2064; x_wconf 91' lang='lat' dir='ltr'>pro</span> <span class='ocrx_word' id='word_1_153' title='bbox 659 1982 756 2046; x_wconf 90' lang='lat' dir='ltr'>nobis</span> <span class='ocrx_word' id='word_1_154' title='bbox 767 1983 963 2064; x_wconf 86' lang='lat' dir='ltr'>sanguinem</span> <span class='ocrx_word' id='word_1_155' title='bbox 980 2005 986 2046; x_wconf 95' lang='lat'><strong>:</strong></span> <span class='ocrx_word' id='word_1_156' title='bbox 1003 2001 1044 2044; x_wconf 89' lang='lat' dir='ltr'>ne</span> <span class='ocrx_word' id='word_1_157' title='bbox 1061 1980 1199 2064; x_wconf 88' lang='lat' dir='ltr'>patiaris</span> <span class='ocrx_word' id='word_1_158' title='bbox 1215 1981 1321 2063; x_wconf 88' lang='lat' dir='ltr'>perire</span> <span class='ocrx_word' id='word_1_159' title='bbox 1338 1999 1407 2058; x_wconf 83' lang='lat' dir='ltr'>nos,</span> <span class='ocrx_word' id='word_1_160' title='bbox 1419 1991 1453 2045; x_wconf 91' lang='lat' dir='ltr'>et</span> <span class='ocrx_word' id='word_1_161' title='bbox 1466 1982 1548 2046; x_wconf 91' lang='lat' dir='ltr'>morl</span> <span class='ocrx_word' id='word_1_162' title='bbox 1566 1983 1599 2044; x_wconf 93' lang='lat' dir='ltr'>in</span> <span class='ocrx_word' id='word_1_163' title='bbox 1615 1981 1812 2049; x_wconf 89' lang='lat' dir='ltr'>humilitate.</span> 
     </span>
     <span class='ocr_line' id='line_1_16' title="bbox 458 2084 1863 2169; baseline -0.001 -19"><span class='ocrx_word' id='word_1_164' title='bbox 458 2087 535 2169; x_wconf 90' lang='lat' dir='ltr'>lpse</span> <span class='ocrx_word' id='word_1_165' title='bbox 550 2087 688 2152; x_wconf 89' lang='lat' dir='ltr'>dixisti:</span> <span class='ocrx_word' id='word_1_166' title='bbox 702 2091 709 2119; x_wconf 81' lang='lat'>⁸</span> <span class='ocrx_word' id='word_1_167' title='bbox 723 2087 808 2152; x_wconf 92' lang='lat' dir='ltr'>Cum</span> <span class='ocrx_word' id='word_1_168' title='bbox 826 2087 996 2151; x_wconf 90' lang='lat' dir='ltr'>exaltatus</span> <span class='ocrx_word' id='word_1_169' title='bbox 1013 2086 1117 2164; x_wconf 83' lang='lat' dir='ltr'>tuero,</span> <span class='ocrx_word' id='word_1_170' title='bbox 1133 2105 1253 2150; x_wconf 88' lang='lat' dir='ltr'>omnes</span> <span class='ocrx_word' id='word_1_171' title='bbox 1269 2084 1398 2148; x_wconf 88' lang='lat' dir='ltr'>traham</span> <span class='ocrx_word' id='word_1_172' title='bbox 1416 2084 1458 2149; x_wconf 92' lang='lat' dir='ltr'>ad</span> <span class='ocrx_word' id='word_1_173' title='bbox 1477 2105 1529 2148; x_wconf 89' lang='lat' dir='ltr'>me</span> <span class='ocrx_word' id='word_1_174' title='bbox 1541 2085 1558 2150; x_wconf 87' lang='lat'>&#39;.</span> <span class='ocrx_word' id='word_1_175' title='bbox 1572 2085 1753 2151; x_wconf 88' lang='lat' dir='ltr'>Exaltatus</span> <span class='ocrx_word' id='word_1_176' title='bbox 1769 2107 1813 2164; x_wconf 86' lang='lat' dir='ltr'>es,</span> <span class='ocrx_word' id='word_1_177' title='bbox 1834 2111 1863 2164; x_wconf 85' lang='lat'>¹5</span> 
     </span>
     <span class='ocr_line' id='line_1_17' title="bbox 390 2189 1463 2274; baseline -0.003 -19"><span class='ocrx_word' id='word_1_178' title='bbox 390 2197 392 2204; x_wconf 82' lang='grc'><strong>“</strong></span> <span class='ocrx_word' id='word_1_179' title='bbox 458 2202 492 2255; x_wconf 89' lang='lat' dir='ltr'>et</span> <span class='ocrx_word' id='word_1_180' title='bbox 509 2190 665 2256; x_wconf 89' lang='lat' dir='ltr'>exaltasti</span> <span class='ocrx_word' id='word_1_181' title='bbox 684 2211 744 2254; x_wconf 87' lang='lat' dir='ltr'>nos</span> <span class='ocrx_word' id='word_1_182' title='bbox 759 2215 766 2256; x_wconf 94' lang='lat'><strong>:</strong></span> <span class='ocrx_word' id='word_1_183' title='bbox 779 2191 846 2255; x_wconf 88' lang='lat' dir='ltr'>noll</span> <span class='ocrx_word' id='word_1_184' title='bbox 863 2191 1100 2274; x_wconf 88' lang='lat' dir='ltr'>derelinquere,</span> <span class='ocrx_word' id='word_1_185' title='bbox 1117 2201 1154 2256; x_wconf 95' lang='lat' dir='ltr'>ut</span> <span class='ocrx_word' id='word_1_186' title='bbox 1163 2189 1407 2254; x_wconf 88' lang='lat' dir='ltr'>contrahamur.</span> <span class='ocrx_word' id='word_1_187' title='bbox 1459 2220 1463 2229; x_wconf 95' lang='lat'><em>·</em></span> 
     </span>
    </p>

    <p class='ocr_par' dir='ltr' id='par_1_3' title="bbox 459 2294 1867 3004">
     <span class='ocr_line' id='line_1_18' title="bbox 503 2294 1814 2380; baseline 0 -21"><span class='ocrx_word' id='word_1_188' title='bbox 503 2297 607 2380; x_wconf 87' lang='lat' dir='ltr'>Mane</span> <span class='ocrx_word' id='word_1_189' title='bbox 631 2296 716 2360; x_wconf 86' lang='lat' dir='ltr'>sicut</span> <span class='ocrx_word' id='word_1_190' title='bbox 738 2294 836 2360; x_wconf 84' lang='lat' dir='ltr'>herba</span> <span class='ocrx_word' id='word_1_191' title='bbox 863 2306 1017 2374; x_wconf 83' lang='lat' dir='ltr'>transeat,</span> <span class='ocrx_word' id='word_1_192' title='bbox 1043 2295 1265 2380; x_wconf 80' lang='lat' dir='ltr'>manestoreat</span> <span class='ocrx_word' id='word_1_193' title='bbox 1285 2304 1316 2359; x_wconf 86' lang='lat' dir='ltr'>et</span> <span class='ocrx_word' id='word_1_194' title='bbox 1336 2303 1508 2359; x_wconf 87' lang='lat' dir='ltr'>transeat:</span> <span class='ocrx_word' id='word_1_195' title='bbox 1532 2305 1657 2377; x_wconf 82' lang='lat' dir='ltr'>vespere</span> <span class='ocrx_word' id='word_1_196' title='bbox 1679 2294 1814 2373; x_wconf 61' lang='lat' dir='ltr'>decedat,</span> 
     </span>
     <span class='ocr_line' id='line_1_19' title="bbox 461 2397 1812 2483; baseline 0 -19"><span class='ocrx_word' id='word_1_197' title='bbox 461 2400 591 2464; x_wconf 83' lang='lat' dir='ltr'>induret</span> <span class='ocrx_word' id='word_1_198' title='bbox 604 2410 635 2464; x_wconf 87' lang='lat' dir='ltr'>et</span> <span class='ocrx_word' id='word_1_199' title='bbox 648 2410 781 2464; x_wconf 83' lang='lat' dir='ltr'>arescat.</span> <span class='ocrx_word' id='word_1_200' title='bbox 803 2399 834 2464; x_wconf 94' lang='lat' dir='ltr'>O</span> <span class='ocrx_word' id='word_1_201' title='bbox 853 2400 1010 2481; x_wconf 86' lang='lat' dir='ltr'>mysteria</span> <span class='ocrx_word' id='word_1_202' title='bbox 1033 2401 1269 2483; x_wconf 90' lang='lat' dir='ltr'>scripturarum</span> <span class='ocrx_word' id='word_1_203' title='bbox 1284 2399 1291 2463; x_wconf 89' lang='lat' dir='ltr'>l</span> <span class='ocrx_word' id='word_1_204' title='bbox 1305 2398 1410 2462; x_wconf 86' lang='lat' dir='ltr'>Mane</span> <span class='ocrx_word' id='word_1_205' title='bbox 1431 2397 1516 2462; x_wconf 86' lang='lat' dir='ltr'>sicut</span> <span class='ocrx_word' id='word_1_206' title='bbox 1536 2397 1635 2462; x_wconf 76' lang='lat' dir='ltr'>herba</span> <span class='ocrx_word' id='word_1_207' title='bbox 1659 2408 1812 2464; x_wconf 86' lang='lat' dir='ltr'>transeat.</span> 
     </span>
     <span class='ocr_line' id='line_1_20' title="bbox 463 2502 1812 2587; baseline 0 -19"><span class='ocrx_word' id='word_1_208' title='bbox 463 2505 629 2587; x_wconf 89' lang='lat' dir='ltr'>Loquitur</span> <span class='ocrx_word' id='word_1_209' title='bbox 654 2514 688 2568; x_wconf 91' lang='lat' dir='ltr'>et</span> <span class='ocrx_word' id='word_1_210' title='bbox 716 2505 881 2568; x_wconf 89' lang='lat' dir='ltr'>Dominus</span> <span class='ocrx_word' id='word_1_211' title='bbox 906 2515 1018 2569; x_wconf 92' lang='lat' dir='ltr'>noster</span> <span class='ocrx_word' id='word_1_212' title='bbox 1032 2515 1134 2586; x_wconf 87' lang='lat' dir='ltr'>atque</span> <span class='ocrx_word' id='word_1_213' title='bbox 1150 2503 1306 2569; x_wconf 87' lang='lat' dir='ltr'>Salvator</span> <span class='ocrx_word' id='word_1_214' title='bbox 1321 2508 1354 2566; x_wconf 86' lang='lat' dir='ltr'>in</span> <span class='ocrx_word' id='word_1_215' title='bbox 1371 2502 1545 2585; x_wconf 88' lang='lat' dir='ltr'>evangelio</span> <span class='ocrx_word' id='word_1_216' title='bbox 1561 2502 1604 2566; x_wconf 89' lang='lat' dir='ltr'>de</span> <span class='ocrx_word' id='word_1_217' title='bbox 1620 2503 1706 2580; x_wconf 88' lang='lat' dir='ltr'>leno,</span> <span class='ocrx_word' id='word_1_218' title='bbox 1724 2505 1812 2586; x_wconf 95' lang='lat' dir='ltr'>quod</span> 
     </span>
     <span class='ocr_line' id='line_1_21' title="bbox 460 2605 1867 2691; baseline -0.001 -19"><span class='ocrx_word' id='word_1_219' title='bbox 460 2608 493 2672; x_wconf 89' lang='lat' dir='ltr'>in</span> <span class='ocrx_word' id='word_1_220' title='bbox 506 2629 571 2672; x_wconf 90' lang='lat' dir='ltr'>una</span> <span class='ocrx_word' id='word_1_221' title='bbox 587 2610 641 2672; x_wconf 88' lang='lat' dir='ltr'>die</span> <span class='ocrx_word' id='word_1_222' title='bbox 657 2609 761 2672; x_wconf 91' lang='lat' dir='ltr'>oritur</span> <span class='ocrx_word' id='word_1_223' title='bbox 776 2618 810 2673; x_wconf 86' lang='lat' dir='ltr'>et</span> <span class='ocrx_word' id='word_1_224' title='bbox 825 2609 857 2672; x_wconf 90' lang='lat' dir='ltr'>in</span> <span class='ocrx_word' id='word_1_225' title='bbox 875 2627 942 2672; x_wconf 89' lang='lat' dir='ltr'>una</span> <span class='ocrx_word' id='word_1_226' title='bbox 956 2608 1010 2672; x_wconf 88' lang='lat' dir='ltr'>die</span> <span class='ocrx_word' id='word_1_227' title='bbox 1026 2609 1153 2673; x_wconf 88' lang='lat' dir='ltr'>arescit.</span> <span class='ocrx_word' id='word_1_228' title='bbox 1168 2606 1349 2691; x_wconf 87' lang='lat' dir='ltr'>Quomodo</span> <span class='ocrx_word' id='word_1_229' title='bbox 1360 2606 1462 2670; x_wconf 90' lang='lat' dir='ltr'>herba</span> <span class='ocrx_word' id='word_1_230' title='bbox 1474 2625 1560 2689; x_wconf 90' lang='lat' dir='ltr'>quae</span> <span class='ocrx_word' id='word_1_231' title='bbox 1572 2607 1655 2671; x_wconf 88' lang='lat' dir='ltr'>viret</span> <span class='ocrx_word' id='word_1_232' title='bbox 1667 2615 1701 2670; x_wconf 93' lang='lat' dir='ltr'>et</span> <span class='ocrx_word' id='word_1_233' title='bbox 1712 2605 1815 2685; x_wconf 88' lang='lat' dir='ltr'>floret,</span> <span class='ocrx_word' id='word_1_234' title='bbox 1833 2633 1867 2670; x_wconf 85' lang='lat'>20</span> 
     </span>
     <span class='ocr_line' id='line_1_22' title="bbox 460 2710 1814 2795; baseline -0.001 -19"><span class='ocrx_word' id='word_1_235' title='bbox 460 2733 559 2776; x_wconf 89' lang='lat' dir='ltr'>mane</span> <span class='ocrx_word' id='word_1_236' title='bbox 571 2714 665 2795; x_wconf 88' lang='lat' dir='ltr'>quasi</span> <span class='ocrx_word' id='word_1_237' title='bbox 681 2712 812 2777; x_wconf 89' lang='lat' dir='ltr'>videtur</span> <span class='ocrx_word' id='word_1_238' title='bbox 827 2712 889 2776; x_wconf 88' lang='lat' dir='ltr'>flos</span> <span class='ocrx_word' id='word_1_239' title='bbox 905 2731 977 2776; x_wconf 87' lang='lat' dir='ltr'>esse</span> <span class='ocrx_word' id='word_1_240' title='bbox 992 2721 1025 2776; x_wconf 88' lang='lat' dir='ltr'>et</span> <span class='ocrx_word' id='word_1_241' title='bbox 1042 2713 1171 2776; x_wconf 88' lang='lat' dir='ltr'>virens:</span> <span class='ocrx_word' id='word_1_242' title='bbox 1188 2721 1334 2776; x_wconf 89' lang='lat' dir='ltr'>ceterum</span> <span class='ocrx_word' id='word_1_243' title='bbox 1348 2710 1398 2775; x_wconf 92' lang='lat' dir='ltr'>sol</span> <span class='ocrx_word' id='word_1_244' title='bbox 1415 2710 1628 2774; x_wconf 87' lang='lat' dir='ltr'>cumvenerit</span> <span class='ocrx_word' id='word_1_245' title='bbox 1643 2719 1677 2775; x_wconf 87' lang='lat' dir='ltr'>et</span> <span class='ocrx_word' id='word_1_246' title='bbox 1693 2711 1814 2775; x_wconf 89' lang='lat' dir='ltr'>texerit</span> 
     </span>
     <span class='ocr_line' id='line_1_23' title="bbox 460 2813 1814 2901; baseline -0.002 -19"><span class='ocrx_word' id='word_1_247' title='bbox 460 2818 552 2895; x_wconf 86' lang='lat' dir='ltr'>illud,</span> <span class='ocrx_word' id='word_1_248' title='bbox 567 2818 609 2881; x_wconf 88' lang='lat' dir='ltr'>ad</span> <span class='ocrx_word' id='word_1_249' title='bbox 627 2838 799 2901; x_wconf 88' lang='lat' dir='ltr'>vesperam</span> <span class='ocrx_word' id='word_1_250' title='bbox 817 2816 911 2899; x_wconf 91' lang='lat' dir='ltr'>quasi</span> <span class='ocrx_word' id='word_1_251' title='bbox 928 2815 1145 2879; x_wconf 88' lang='lat' dir='ltr'>demarcescit</span> <span class='ocrx_word' id='word_1_252' title='bbox 1161 2823 1194 2878; x_wconf 89' lang='lat' dir='ltr'>et</span> <span class='ocrx_word' id='word_1_253' title='bbox 1210 2814 1335 2879; x_wconf 90' lang='lat' dir='ltr'>decidit</span> <span class='ocrx_word' id='word_1_254' title='bbox 1350 2835 1357 2892; x_wconf 93' lang='lat'>;</span> <span class='ocrx_word' id='word_1_255' title='bbox 1373 2815 1420 2877; x_wconf 90' lang='lat' dir='ltr'>sic</span> <span class='ocrx_word' id='word_1_256' title='bbox 1435 2823 1469 2878; x_wconf 86' lang='lat' dir='ltr'>et</span> <span class='ocrx_word' id='word_1_257' title='bbox 1492 2813 1601 2877; x_wconf 91' lang='lat' dir='ltr'>omnis</span> <span class='ocrx_word' id='word_1_258' title='bbox 1618 2823 1730 2878; x_wconf 88' lang='lat' dir='ltr'>nostra</span> <span class='ocrx_word' id='word_1_259' title='bbox 1747 2813 1814 2879; x_wconf 91' lang='lat' dir='ltr'>vita</span> 
     </span>
     <span class='ocr_line' id='line_1_24' title="bbox 459 2917 1814 3004; baseline -0.001 -20"><span class='ocrx_word' id='word_1_260' title='bbox 459 2919 553 3004; x_wconf 88' lang='lat' dir='ltr'>quasi</span> <span class='ocrx_word' id='word_1_261' title='bbox 570 2919 631 2984; x_wconf 84' lang='lat' dir='ltr'>llos</span> <span class='ocrx_word' id='word_1_262' title='bbox 646 2921 777 2990; x_wconf 86' lang='lat' dir='ltr'>videtur</span> <span class='ocrx_word' id='word_1_263' title='bbox 797 2939 874 2983; x_wconf 84' lang='lat' dir='ltr'>esse</span> <span class='ocrx_word' id='word_1_264' title='bbox 900 2938 976 2982; x_wconf 91' lang='lat' dir='ltr'>cum</span> <span class='ocrx_word' id='word_1_265' title='bbox 1004 2917 1095 2994; x_wconf 88' lang='lat' dir='ltr'>viret,</span> <span class='ocrx_word' id='word_1_266' title='bbox 1111 2925 1145 2980; x_wconf 90' lang='lat' dir='ltr'>et</span> <span class='ocrx_word' id='word_1_267' title='bbox 1169 2917 1295 2982; x_wconf 87' lang='lat' dir='ltr'>arescit.</span> <span class='ocrx_word' id='word_1_268' title='bbox 1313 2917 1454 2983; x_wconf 92' lang='lat' dir='ltr'>Vidistis</span> <span class='ocrx_word' id='word_1_269' title='bbox 1479 2928 1558 2983; x_wconf 85' lang='lat' dir='ltr'>ante</span> <span class='ocrx_word' id='word_1_270' title='bbox 1583 2919 1691 2985; x_wconf 89' lang='lat' dir='ltr'>decim</span> <span class='ocrx_word' id='word_1_271' title='bbox 1709 2939 1814 2984; x_wconf 88' lang='lat' dir='ltr'>annos</span> 
     </span>
    </p>
   </div>
   <div class='ocr_carea' id='block_1_3' title="bbox 458 3121 1822 4241">
    <p class='ocr_par' dir='ltr' id='par_1_4' title="bbox 458 3121 1822 4241">
     <span class='ocr_line' id='line_1_25' title="bbox 496 3121 1816 3192; baseline -0.001 -17"><span class='ocrx_word' id='word_1_272' title='bbox 496 3139 505 3176; x_wconf 88' lang='lat'>1</span> <span class='ocrx_word' id='word_1_273' title='bbox 521 3131 584 3192; x_wconf 84' lang='lat' dir='ltr'>uera]</span> <span class='ocrx_word' id='word_1_274' title='bbox 595 3132 708 3174; x_wconf 79' lang='lat' dir='ltr'>cesterna</span> <span class='ocrx_word' id='word_1_275' title='bbox 720 3126 748 3175; x_wconf 90' lang='lat' dir='ltr'>P.</span> <span class='ocrx_word' id='word_1_276' title='bbox 828 3122 973 3188; x_wconf 76' lang='lat' dir='ltr'>praeteriit]</span> <span class='ocrx_word' id='word_1_277' title='bbox 986 3123 1006 3170; x_wconf 86' lang='lat' dir='ltr'>B</span> <span class='ocrx_word' id='word_1_278' title='bbox 1018 3121 1077 3170; x_wconf 89' lang='lat' dir='ltr'>add.</span> <span class='ocrx_word' id='word_1_279' title='bbox 1091 3121 1186 3180; x_wconf 58' lang='lat' dir='ltr'>nertin</span> <span class='ocrx_word' id='word_1_280' title='bbox 1199 3127 1276 3169; x_wconf 77' lang='lat' dir='ltr'>eracles</span> <span class='ocrx_word' id='word_1_281' title='bbox 1289 3121 1314 3170; x_wconf 89' lang='lat' dir='ltr'><em>H</em></span> <span class='ocrx_word' id='word_1_282' title='bbox 1326 3138 1333 3180; x_wconf 87' lang='lat'>;</span> <span class='ocrx_word' id='word_1_283' title='bbox 1344 3127 1369 3169; x_wconf 88' lang='lat' dir='ltr'>et</span> <span class='ocrx_word' id='word_1_284' title='bbox 1379 3128 1456 3170; x_wconf 79' lang='lat' dir='ltr'>noctes</span> <span class='ocrx_word' id='word_1_285' title='bbox 1467 3122 1490 3172; x_wconf 90' lang='lat' dir='ltr'><strong>G</strong></span> <span class='ocrx_word' id='word_1_286' title='bbox 1501 3139 1508 3180; x_wconf 85' lang='lat'><strong>;</strong></span> <span class='ocrx_word' id='word_1_287' title='bbox 1520 3122 1666 3174; x_wconf 77' lang='lat' dir='ltr'>membrana</span> <span class='ocrx_word' id='word_1_288' title='bbox 1677 3125 1702 3174; x_wconf 92' lang='lat' dir='ltr'>in</span> <span class='ocrx_word' id='word_1_289' title='bbox 1717 3123 1734 3172; x_wconf 90' lang='lat' dir='ltr'>P</span> <span class='ocrx_word' id='word_1_290' title='bbox 1746 3139 1816 3174; x_wconf 75' lang='lat' dir='ltr'>erasa</span> 
     </span>
     <span class='ocr_line' id='line_1_26' title="bbox 460 3200 1816 3272; baseline -0.002 -15"><span class='ocrx_word' id='word_1_291' title='bbox 460 3216 507 3259; x_wconf 86' lang='lat' dir='ltr'>est.</span> <span class='ocrx_word' id='word_1_292' title='bbox 521 3209 638 3257; x_wconf 73' lang='lat' dir='ltr'>Fortasse</span> <span class='ocrx_word' id='word_1_293' title='bbox 647 3207 728 3272; x_wconf 80' lang='lat' dir='ltr'>prima</span> <span class='ocrx_word' id='word_1_294' title='bbox 737 3207 913 3256; x_wconf 82' lang='lat' dir='ltr'>tantummodo</span> <span class='ocrx_word' id='word_1_295' title='bbox 921 3213 946 3254; x_wconf 90' lang='lat' dir='ltr'>et</span> <span class='ocrx_word' id='word_1_296' title='bbox 955 3203 1043 3254; x_wconf 86' lang='lat' dir='ltr'>ultima</span> <span class='ocrx_word' id='word_1_297' title='bbox 1051 3203 1140 3252; x_wconf 88' lang='lat' dir='ltr'>vocula</span> <span class='ocrx_word' id='word_1_298' title='bbox 1148 3200 1285 3252; x_wconf 87' lang='lat' dir='ltr'>indicatam</span> <span class='ocrx_word' id='word_1_299' title='bbox 1294 3203 1374 3252; x_wconf 88' lang='lat' dir='ltr'>voluit</span> <span class='ocrx_word' id='word_1_300' title='bbox 1382 3203 1537 3268; x_wconf 84' lang='lat' dir='ltr'>antiquarius</span> <span class='ocrx_word' id='word_1_301' title='bbox 1549 3204 1711 3269; x_wconf 86' lang='lat' dir='ltr'>posteriorem</span> <span class='ocrx_word' id='word_1_302' title='bbox 1721 3214 1816 3269; x_wconf 88' lang='lat' dir='ltr'>partem</span> 
     </span>
     <span class='ocr_line' id='line_1_27' title="bbox 461 3284 1814 3356; baseline 0.001 -19"><span class='ocrx_word' id='word_1_303' title='bbox 461 3287 576 3338; x_wconf 86' lang='lat' dir='ltr'>versiculi</span> <span class='ocrx_word' id='word_1_304' title='bbox 590 3291 597 3314; x_wconf 79' lang='lat'><em>⁶</em></span> <span class='ocrx_word' id='word_1_305' title='bbox 614 3294 639 3337; x_wconf 82' lang='lat' dir='ltr'>et</span> <span class='ocrx_word' id='word_1_306' title='bbox 648 3288 763 3338; x_wconf 89' lang='lat' dir='ltr'>custodia</span> <span class='ocrx_word' id='word_1_307' title='bbox 775 3288 800 3337; x_wconf 92' lang='lat' dir='ltr'>in</span> <span class='ocrx_word' id='word_1_308' title='bbox 812 3294 879 3336; x_wconf 83' lang='lat' dir='ltr'>nocte</span> <span class='ocrx_word' id='word_1_309' title='bbox 891 3285 905 3336; x_wconf 88' lang='lat'>&#39;.</span> <span class='ocrx_word' id='word_1_310' title='bbox 1007 3299 1022 3334; x_wconf 90' lang='lat'>2</span> <span class='ocrx_word' id='word_1_311' title='bbox 1034 3285 1096 3345; x_wconf 87' lang='lat' dir='ltr'>Hoc]</span> <span class='ocrx_word' id='word_1_312' title='bbox 1108 3284 1129 3335; x_wconf 92' lang='lat' dir='ltr'>C</span> <span class='ocrx_word' id='word_1_313' title='bbox 1144 3297 1154 3334; x_wconf 85' lang='lat'>1</span> <span class='ocrx_word' id='word_1_314' title='bbox 1169 3301 1201 3334; x_wconf 85' lang='lat' dir='ltr'>m.</span> <span class='ocrx_word' id='word_1_315' title='bbox 1217 3284 1262 3335; x_wconf 90' lang='lat' dir='ltr'>GP</span> <span class='ocrx_word' id='word_1_316' title='bbox 1273 3303 1281 3344; x_wconf 78' lang='lat'>3</span> <span class='ocrx_word' id='word_1_317' title='bbox 1302 3285 1349 3334; x_wconf 79' lang='lat' dir='ltr'>leuc</span> <span class='ocrx_word' id='word_1_318' title='bbox 1362 3286 1379 3336; x_wconf 92' lang='lat' dir='ltr'>S</span> <span class='ocrx_word' id='word_1_319' title='bbox 1390 3303 1396 3344; x_wconf 87' lang='lat'><strong>;</strong></span> <span class='ocrx_word' id='word_1_320' title='bbox 1408 3286 1450 3334; x_wconf 80' lang='lat' dir='ltr'>hie</span> <span class='ocrx_word' id='word_1_321' title='bbox 1461 3287 1482 3336; x_wconf 92' lang='lat' dir='ltr'>C</span> <span class='ocrx_word' id='word_1_322' title='bbox 1494 3303 1548 3350; x_wconf 85' lang='lat' dir='ltr'>sup.</span> <span class='ocrx_word' id='word_1_323' title='bbox 1564 3287 1598 3336; x_wconf 91' lang='lat' dir='ltr'>lin</span> <span class='ocrx_word' id='word_1_324' title='bbox 1609 3305 1618 3347; x_wconf 67' lang='grc' dir='ltr'><strong>ς</strong></span> <span class='ocrx_word' id='word_1_325' title='bbox 1637 3285 1676 3356; x_wconf 84' lang='grc' dir='ltr'>βΒ</span> <span class='ocrx_word' id='word_1_326' title='bbox 1688 3287 1814 3338; x_wconf 80' lang='lat' dir='ltr'>deficiunt.</span> 
     </span>
     <span class='ocr_line' id='line_1_28' title="bbox 462 3363 1817 3435; baseline 0 -17"><span class='ocrx_word' id='word_1_327' title='bbox 462 3383 477 3435; x_wconf 88' lang='lat'>3</span> <span class='ocrx_word' id='word_1_328' title='bbox 488 3370 560 3432; x_wconf 83' lang='lat' dir='ltr'>scire]</span> <span class='ocrx_word' id='word_1_329' title='bbox 573 3370 592 3418; x_wconf 88' lang='lat' dir='ltr'>P</span> <span class='ocrx_word' id='word_1_330' title='bbox 603 3385 658 3434; x_wconf 84' lang='lat' dir='ltr'>sup.</span> <span class='ocrx_word' id='word_1_331' title='bbox 674 3369 717 3420; x_wconf 91' lang='lat' dir='ltr'>lin.</span> <span class='ocrx_word' id='word_1_332' title='bbox 731 3371 790 3419; x_wconf 79' lang='lat' dir='ltr'>add.</span> <span class='ocrx_word' id='word_1_333' title='bbox 803 3369 873 3434; x_wconf 85' lang='lat' dir='ltr'>quia.</span> <span class='ocrx_word' id='word_1_334' title='bbox 958 3369 974 3416; x_wconf 89' lang='lat'><strong>6</strong></span> <span class='ocrx_word' id='word_1_335' title='bbox 985 3363 1105 3430; x_wconf 66' lang='lat' dir='ltr'>vigilant]</span> <span class='ocrx_word' id='word_1_336' title='bbox 1116 3368 1222 3428; x_wconf 69' lang='lat' dir='ltr'>vigilent</span> <span class='ocrx_word' id='word_1_337' title='bbox 1233 3365 1296 3416; x_wconf 90' lang='lat' dir='ltr'>CPS</span> <span class='ocrx_word' id='word_1_338' title='bbox 1308 3384 1315 3426; x_wconf 88' lang='lat'>;</span> <span class='ocrx_word' id='word_1_339' title='bbox 1329 3365 1344 3434; x_wconf 87' lang='grc' dir='ltr'>β</span> <span class='ocrx_word' id='word_1_340' title='bbox 1357 3367 1443 3417; x_wconf 88' lang='lat' dir='ltr'>inserit</span> <span class='ocrx_word' id='word_1_341' title='bbox 1453 3369 1584 3418; x_wconf 78' lang='lat' dir='ltr'>excubant.</span> <span class='ocrx_word' id='word_1_342' title='bbox 1676 3385 1701 3420; x_wconf 87' lang='lat' dir='ltr'>se</span> <span class='ocrx_word' id='word_1_343' title='bbox 1711 3370 1817 3432; x_wconf 71' lang='lat' dir='ltr'>viciant]</span> 
     </span>
     <span class='ocr_line' id='line_1_29' title="bbox 461 3447 1818 3518; baseline -0.004 -14"><span class='ocrx_word' id='word_1_344' title='bbox 461 3453 548 3518; x_wconf 83' lang='lat' dir='ltr'>scripsi</span> <span class='ocrx_word' id='word_1_345' title='bbox 559 3471 567 3513; x_wconf 67' lang='grc' dir='ltr'><strong><em>ς</em></strong></span> <span class='ocrx_word' id='word_1_346' title='bbox 579 3469 604 3502; x_wconf 89' lang='lat' dir='ltr'>se</span> <span class='ocrx_word' id='word_1_347' title='bbox 614 3453 712 3502; x_wconf 85' lang='lat' dir='ltr'>vece&#39;ant</span> <span class='ocrx_word' id='word_1_348' title='bbox 723 3453 741 3504; x_wconf 88' lang='lat' dir='ltr'>S</span> <span class='ocrx_word' id='word_1_349' title='bbox 753 3471 760 3513; x_wconf 70' lang='grc' dir='ltr'>ς</span> <span class='ocrx_word' id='word_1_350' title='bbox 771 3469 796 3502; x_wconf 86' lang='lat' dir='ltr'>se</span> <span class='ocrx_word' id='word_1_351' title='bbox 807 3453 904 3502; x_wconf 84' lang='lat' dir='ltr'>vitiant</span> <span class='ocrx_word' id='word_1_352' title='bbox 915 3450 985 3500; x_wconf 87' lang='lat' dir='ltr'>ABG</span> <span class='ocrx_word' id='word_1_353' title='bbox 998 3467 1005 3509; x_wconf 89' lang='lat'>;</span> <span class='ocrx_word' id='word_1_354' title='bbox 1017 3449 1131 3497; x_wconf 79' lang='lat' dir='ltr'>serviant</span> <span class='ocrx_word' id='word_1_355' title='bbox 1143 3447 1211 3516; x_wconf 68' lang='lat' dir='ltr'>pel).</span> <span class='ocrx_word' id='word_1_356' title='bbox 1313 3459 1327 3511; x_wconf 81' lang='grc'><strong>7</strong></span> <span class='ocrx_word' id='word_1_357' title='bbox 1342 3448 1440 3508; x_wconf 85' lang='lat' dir='ltr'>Omnis]</span> <span class='ocrx_word' id='word_1_358' title='bbox 1454 3451 1559 3499; x_wconf 71' lang='lat' dir='ltr'>ebronis</span> <span class='ocrx_word' id='word_1_359' title='bbox 1572 3449 1595 3518; x_wconf 86' lang='grc' dir='ltr'>β.</span> <span class='ocrx_word' id='word_1_360' title='bbox 1691 3456 1818 3517; x_wconf 76' lang='lat' dir='ltr'>propnter]</span> 
     </span>
     <span class='ocr_line' id='line_1_30' title="bbox 462 3530 1819 3604; baseline -0.003 -18"><span class='ocrx_word' id='word_1_361' title='bbox 462 3537 493 3596; x_wconf 87' lang='lat' dir='ltr'>C,</span> <span class='ocrx_word' id='word_1_362' title='bbox 509 3537 558 3586; x_wconf 89' lang='lat' dir='ltr'>BH</span> <span class='ocrx_word' id='word_1_363' title='bbox 575 3548 584 3584; x_wconf 83' lang='grc' dir='ltr'>Ι</span> <span class='ocrx_word' id='word_1_364' title='bbox 599 3553 631 3586; x_wconf 93' lang='lat' dir='ltr'>m.</span> <span class='ocrx_word' id='word_1_365' title='bbox 646 3537 693 3600; x_wconf 85' lang='lat' dir='ltr'>(gr.</span> <span class='ocrx_word' id='word_1_366' title='bbox 707 3531 878 3604; x_wconf 74' lang='lat' dir='ltr'>nporrdroip?</span> <span class='ocrx_word' id='word_1_367' title='bbox 889 3534 920 3583; x_wconf 88' lang='lat' dir='ltr'>cl.</span> <span class='ocrx_word' id='word_1_368' title='bbox 935 3532 1041 3581; x_wconf 88' lang='lat' dir='ltr'>Tertull.</span> <span class='ocrx_word' id='word_1_369' title='bbox 1058 3533 1166 3581; x_wconf 86' lang='lat' dir='ltr'>Praescr.</span> <span class='ocrx_word' id='word_1_370' title='bbox 1180 3543 1213 3593; x_wconf 77' lang='lat'>49</span> <span class='ocrx_word' id='word_1_371' title='bbox 1234 3533 1241 3557; x_wconf 88' lang='lat'>‘</span> <span class='ocrx_word' id='word_1_372' title='bbox 1255 3530 1382 3581; x_wconf 87' lang='lat' dir='ltr'>Christum</span> <span class='ocrx_word' id='word_1_373' title='bbox 1401 3539 1494 3591; x_wconf 84' lang='lat' dir='ltr'>auteur,</span> <span class='ocrx_word' id='word_1_374' title='bbox 1509 3532 1598 3597; x_wconf 87' lang='lat' dir='ltr'>inquit,</span> <span class='ocrx_word' id='word_1_375' title='bbox 1612 3533 1713 3582; x_wconf 87' lang='lat' dir='ltr'>missum</span> <span class='ocrx_word' id='word_1_376' title='bbox 1732 3533 1819 3584; x_wconf 85' lang='lat' dir='ltr'>abillo</span> 
     </span>
     <span class='ocr_line' id='line_1_31' title="bbox 458 3613 1818 3683; baseline -0.001 -17"><span class='ocrx_word' id='word_1_377' title='bbox 458 3625 596 3683; x_wconf 76' lang='lat' dir='ltr'>propatore,</span> <span class='ocrx_word' id='word_1_378' title='bbox 611 3617 654 3682; x_wconf 93' lang='lat' dir='ltr'>qui</span> <span class='ocrx_word' id='word_1_379' title='bbox 666 3625 703 3667; x_wconf 84' lang='lat' dir='ltr'>est</span> <span class='ocrx_word' id='word_1_380' title='bbox 716 3616 811 3680; x_wconf 85' lang='lat' dir='ltr'>Bythos</span> <span class='ocrx_word' id='word_1_381' title='bbox 824 3615 840 3676; x_wconf 78' lang='lat' dir='ltr'>&#39;l</span> <span class='ocrx_word' id='word_1_382' title='bbox 850 3633 857 3674; x_wconf 88' lang='lat'>;</span> <span class='ocrx_word' id='word_1_383' title='bbox 864 3623 913 3680; x_wconf 80' lang='lat' dir='ltr'>pro</span> <span class='ocrx_word' id='word_1_384' title='bbox 919 3619 994 3679; x_wconf 81' lang='lat' dir='ltr'>patre</span> <span class='ocrx_word' id='word_1_385' title='bbox 1005 3614 1046 3673; x_wconf 84' lang='lat' dir='ltr'>A;</span> <span class='ocrx_word' id='word_1_386' title='bbox 1058 3619 1202 3678; x_wconf 81' lang='lat' dir='ltr'>protopater</span> <span class='ocrx_word' id='word_1_387' title='bbox 1213 3614 1238 3662; x_wconf 91' lang='lat' dir='ltr'>ll</span> <span class='ocrx_word' id='word_1_388' title='bbox 1251 3614 1286 3673; x_wconf 82' lang='lat' dir='ltr'>(te</span> <span class='ocrx_word' id='word_1_389' title='bbox 1297 3614 1356 3663; x_wconf 88' lang='lat' dir='ltr'>add.</span> <span class='ocrx_word' id='word_1_390' title='bbox 1371 3629 1425 3678; x_wconf 90' lang='lat' dir='ltr'>sup.</span> <span class='ocrx_word' id='word_1_391' title='bbox 1440 3613 1497 3675; x_wconf 91' lang='lat' dir='ltr'>lin.)</span> <span class='ocrx_word' id='word_1_392' title='bbox 1509 3632 1516 3674; x_wconf 87' lang='lat'>;</span> <span class='ocrx_word' id='word_1_393' title='bbox 1531 3622 1681 3680; x_wconf 75' lang='lat' dir='ltr'>propagator</span> <span class='ocrx_word' id='word_1_394' title='bbox 1693 3614 1783 3683; x_wconf 79' lang='lat' dir='ltr'>pPsG,</span> <span class='ocrx_word' id='word_1_395' title='bbox 1799 3616 1818 3664; x_wconf 88' lang='lat' dir='ltr'>ll</span> 
     </span>
     <span class='ocr_line' id='line_1_32' title="bbox 463 3694 1816 3764; baseline -0.003 -16"><span class='ocrx_word' id='word_1_396' title='bbox 463 3715 517 3764; x_wconf 83' lang='lat' dir='ltr'>sup.</span> <span class='ocrx_word' id='word_1_397' title='bbox 532 3697 576 3748; x_wconf 92' lang='lat' dir='ltr'>lin.</span> <span class='ocrx_word' id='word_1_398' title='bbox 592 3698 630 3748; x_wconf 87' lang='lat' dir='ltr'>Cl.</span> <span class='ocrx_word' id='word_1_399' title='bbox 648 3698 754 3748; x_wconf 88' lang='lat' dir='ltr'>Hieron.</span> <span class='ocrx_word' id='word_1_400' title='bbox 769 3699 866 3746; x_wconf 87' lang='lat' dir='ltr'>Contra</span> <span class='ocrx_word' id='word_1_401' title='bbox 886 3697 970 3761; x_wconf 79' lang='lat' dir='ltr'>Pelag.</span> <span class='ocrx_word' id='word_1_402' title='bbox 985 3708 1008 3758; x_wconf 82' lang='lat'>3,</span> <span class='ocrx_word' id='word_1_403' title='bbox 1026 3694 1054 3744; x_wconf 89' lang='lat'>18</span> <span class='ocrx_word' id='word_1_404' title='bbox 1075 3694 1190 3759; x_wconf 85' lang='lat' dir='ltr'>‘antiqui</span> <span class='ocrx_word' id='word_1_405' title='bbox 1211 3695 1384 3760; x_wconf 86' lang='lat' dir='ltr'>propagatoris</span> <span class='ocrx_word' id='word_1_406' title='bbox 1405 3695 1487 3744; x_wconf 79' lang='lat' dir='ltr'>Adam</span> <span class='ocrx_word' id='word_1_407' title='bbox 1502 3694 1516 3747; x_wconf 91' lang='lat'>’.</span> <span class='ocrx_word' id='word_1_408' title='bbox 1617 3699 1774 3760; x_wconf 74' lang='lat' dir='ltr'>yerengentis</span> <span class='ocrx_word' id='word_1_409' title='bbox 1784 3704 1816 3757; x_wconf 74' lang='lat' dir='ltr'>tr,</span> 
     </span>
     <span class='ocr_line' id='line_1_33' title="bbox 463 3775 1819 3844; baseline -0.001 -14"><span class='ocrx_word' id='word_1_410' title='bbox 463 3782 739 3844; x_wconf 77' lang='lat' dir='ltr'>arrnr&#39;51n0ngeertostr.</span> <span class='ocrx_word' id='word_1_411' title='bbox 753 3795 832 3828; x_wconf 86' lang='lat' dir='ltr'>annos</span> <span class='ocrx_word' id='word_1_412' title='bbox 844 3779 898 3829; x_wconf 85' lang='lat' dir='ltr'>BG.</span> <span class='ocrx_word' id='word_1_413' title='bbox 1000 3775 1016 3826; x_wconf 85' lang='lat'>8</span> <span class='ocrx_word' id='word_1_414' title='bbox 1028 3777 1195 3838; x_wconf 78' lang='lat' dir='ltr'>Matusalanr]</span> <span class='ocrx_word' id='word_1_415' title='bbox 1217 3777 1256 3827; x_wconf 87' lang='lat' dir='ltr'>BS</span> <span class='ocrx_word' id='word_1_416' title='bbox 1269 3794 1275 3836; x_wconf 74' lang='grc' dir='ltr'>ς</span> <span class='ocrx_word' id='word_1_417' title='bbox 1295 3777 1425 3826; x_wconf 82' lang='lat' dir='ltr'>Maturata</span> <span class='ocrx_word' id='word_1_418' title='bbox 1438 3777 1458 3826; x_wconf 93' lang='lat' dir='ltr'>C</span> <span class='ocrx_word' id='word_1_419' title='bbox 1472 3778 1498 3837; x_wconf 89' lang='lat' dir='ltr'>(a</span> <span class='ocrx_word' id='word_1_420' title='bbox 1509 3777 1535 3826; x_wconf 90' lang='lat' dir='ltr'>in</span> <span class='ocrx_word' id='word_1_421' title='bbox 1547 3779 1614 3838; x_wconf 81' lang='lat' dir='ltr'>ene);</span> <span class='ocrx_word' id='word_1_422' title='bbox 1636 3779 1786 3828; x_wconf 83' lang='lat' dir='ltr'>Matusalem</span> <span class='ocrx_word' id='word_1_423' title='bbox 1799 3780 1819 3828; x_wconf 87' lang='lat' dir='ltr'>C</span> 
     </span>
     <span class='ocr_line' id='line_1_34' title="bbox 467 3857 1822 3927; baseline -0.002 -17"><span class='ocrx_word' id='word_1_424' title='bbox 467 3874 475 3910; x_wconf 87' lang='lat' dir='ltr'>r</span> <span class='ocrx_word' id='word_1_425' title='bbox 492 3877 524 3910; x_wconf 88' lang='lat' dir='ltr'>m.</span> <span class='ocrx_word' id='word_1_426' title='bbox 540 3861 577 3920; x_wconf 82' lang='lat' dir='ltr'>P;</span> <span class='ocrx_word' id='word_1_427' title='bbox 590 3861 759 3910; x_wconf 78' lang='lat' dir='ltr'>Mathusaleen</span> <span class='ocrx_word' id='word_1_428' title='bbox 773 3858 822 3927; x_wconf 79' lang='grc' dir='ltr'>βῦ.</span> <span class='ocrx_word' id='word_1_429' title='bbox 923 3857 1064 3923; x_wconf 79' lang='lat' dir='ltr'>nongentis]</span> <span class='ocrx_word' id='word_1_430' title='bbox 1076 3860 1213 3923; x_wconf 82' lang='lat' dir='ltr'>nungentis</span> <span class='ocrx_word' id='word_1_431' title='bbox 1224 3859 1250 3909; x_wconf 87' lang='lat' dir='ltr'>S.</span> <span class='ocrx_word' id='word_1_432' title='bbox 1352 3860 1483 3921; x_wconf 79' lang='lat' dir='ltr'>sexaginta</span> <span class='ocrx_word' id='word_1_433' title='bbox 1493 3859 1615 3924; x_wconf 82' lang='lat' dir='ltr'>quinque]</span> <span class='ocrx_word' id='word_1_434' title='bbox 1628 3857 1725 3926; x_wconf 76' lang='grc' dir='ltr'>βΗΒὸ,</span> <span class='ocrx_word' id='word_1_435' title='bbox 1738 3861 1757 3908; x_wconf 90' lang='grc' dir='ltr'>Ρ</span> <span class='ocrx_word' id='word_1_436' title='bbox 1768 3867 1822 3908; x_wconf 91' lang='grc'><em>1111</em></span> 
     </span>
     <span class='ocr_line' id='line_1_35' title="bbox 464 3938 1820 4005; baseline -0.001 -12"><span class='ocrx_word' id='word_1_437' title='bbox 464 3943 750 4003; x_wconf 77' lang='lat' dir='ltr'>eraso;LXth!ICG.</span> <span class='ocrx_word' id='word_1_438' title='bbox 834 3938 948 4003; x_wconf 82' lang='lat' dir='ltr'>qannr&#39;s]</span> <span class='ocrx_word' id='word_1_439' title='bbox 960 3957 1039 3990; x_wconf 82' lang='lat' dir='ltr'>annos</span> <span class='ocrx_word' id='word_1_440' title='bbox 1050 3941 1103 3990; x_wconf 92' lang='lat' dir='ltr'>BG.</span> <span class='ocrx_word' id='word_1_441' title='bbox 1188 3939 1266 4001; x_wconf 82' lang='lat' dir='ltr'>mille]</span> <span class='ocrx_word' id='word_1_442' title='bbox 1277 3941 1319 3989; x_wconf 87' lang='lat' dir='ltr'>ille</span> <span class='ocrx_word' id='word_1_443' title='bbox 1330 3941 1403 4000; x_wconf 87' lang='lat' dir='ltr'>BCP,</span> <span class='ocrx_word' id='word_1_444' title='bbox 1417 3941 1442 3988; x_wconf 87' lang='lat' dir='ltr'><em>H</em></span> <span class='ocrx_word' id='word_1_445' title='bbox 1455 3955 1519 3990; x_wconf 89' lang='lat' dir='ltr'>corr.</span> <span class='ocrx_word' id='word_1_446' title='bbox 1607 3942 1820 4005; x_wconf 78' lang='lat' dir='ltr'>toquodgrande]</span> 
     </span>
     <span class='ocr_line' id='line_1_36' title="bbox 461 4019 1821 4092; baseline -0.003 -16"><span class='ocrx_word' id='word_1_447' title='bbox 461 4023 860 4092; x_wconf 57' lang='grc' dir='ltr'>7βΕς911111Ιί886,Ρεκᾳιιί.</span> <span class='ocrx_word' id='word_1_448' title='bbox 954 4019 1050 4087; x_wconf 82' lang='lat' dir='ltr'>sarrit]</span> <span class='ocrx_word' id='word_1_449' title='bbox 1062 4022 1123 4085; x_wconf 86' lang='lat' dir='ltr'>suit</span> <span class='ocrx_word' id='word_1_450' title='bbox 1139 4023 1168 4072; x_wconf 93' lang='lat' dir='ltr'>C.</span> <span class='ocrx_word' id='word_1_451' title='bbox 1273 4019 1404 4085; x_wconf 68' lang='lat' dir='ltr'>rsonrnes]</span> <span class='ocrx_word' id='word_1_452' title='bbox 1422 4021 1505 4080; x_wconf 87' lang='lat' dir='ltr'>codd;</span> <span class='ocrx_word' id='word_1_453' title='bbox 1523 4019 1646 4088; x_wconf 68' lang='lat' dir='ltr'>orientali.</span> <span class='ocrx_word' id='word_1_454' title='bbox 1749 4023 1821 4086; x_wconf 78' lang='lat' dir='ltr'>rdet]</span> 
     </span>
     <span class='ocr_line' id='line_1_37' title="bbox 464 4103 1820 4170; baseline 0 -13"><span class='ocrx_word' id='word_1_455' title='bbox 464 4123 514 4158; x_wconf 90' lang='lat' dir='ltr'>om.</span> <span class='ocrx_word' id='word_1_456' title='bbox 530 4107 605 4158; x_wconf 89' lang='lat' dir='ltr'>CSG.</span> <span class='ocrx_word' id='word_1_457' title='bbox 709 4115 736 4168; x_wconf 85' lang='lat'>17</span> <span class='ocrx_word' id='word_1_458' title='bbox 749 4104 870 4166; x_wconf 81' lang='lat' dir='ltr'>transeat]</span> <span class='ocrx_word' id='word_1_459' title='bbox 876 4113 1036 4170; x_wconf 79' lang='lat' dir='ltr'>pertrameat</span> <span class='ocrx_word' id='word_1_460' title='bbox 1048 4103 1126 4170; x_wconf 73' lang='lat' dir='ltr'>[illc.</span> <span class='ocrx_word' id='word_1_461' title='bbox 1228 4105 1504 4166; x_wconf 75' lang='lat' dir='ltr'>221&#39;lleed1illuanG.</span> <span class='ocrx_word' id='word_1_462' title='bbox 1603 4106 1768 4169; x_wconf 85' lang='lat' dir='ltr'>demarceser&#39;t]</span> <span class='ocrx_word' id='word_1_463' title='bbox 1782 4108 1820 4158; x_wconf 85' lang='lat' dir='ltr'>de·</span> 
     </span>
     <span class='ocr_line' id='line_1_38' title="bbox 466 4189 696 4241; baseline 0.013 -4"><span class='ocrx_word' id='word_1_464' title='bbox 466 4190 588 4238; x_wconf 84' lang='lat' dir='ltr'>neercescr&#39;t</span> <span class='ocrx_word' id='word_1_465' title='bbox 598 4189 620 4240; x_wconf 90' lang='lat' dir='ltr'>C</span> <span class='ocrx_word' id='word_1_466' title='bbox 632 4204 696 4241; x_wconf 88' lang='lat' dir='ltr'>corr.</span> 
     </span>
    </p>
   </div>
   <div class='ocr_carea' id='block_1_4' title="bbox 465 4352 1820 4761">
    <p class='ocr_par' dir='ltr' id='par_1_5' title="bbox 507 4352 1820 4598">
     <span class='ocr_line' id='line_1_39' title="bbox 510 4352 1820 4436; baseline 0.003 -22"><span class='ocrx_word' id='word_1_467' title='bbox 510 4376 532 4416; x_wconf 91' lang='lat' dir='ltr'>r.</span> <span class='ocrx_word' id='word_1_468' title='bbox 550 4352 623 4435; x_wconf 86' lang='lat' dir='ltr'>rena]</span> <span class='ocrx_word' id='word_1_469' title='bbox 639 4355 727 4416; x_wconf 81' lang='lat' dir='ltr'>Coni.</span> <span class='ocrx_word' id='word_1_470' title='bbox 746 4374 761 4413; x_wconf 84' lang='lat' dir='ltr'>a</span> <span class='ocrx_word' id='word_1_471' title='bbox 780 4355 854 4414; x_wconf 89' lang='lat' dir='ltr'>Petr.</span> <span class='ocrx_word' id='word_1_472' title='bbox 874 4373 900 4431; x_wconf 84' lang='lat'>3,</span> <span class='ocrx_word' id='word_1_473' title='bbox 918 4356 945 4414; x_wconf 89' lang='lat'>8.</span> <span class='ocrx_word' id='word_1_474' title='bbox 1168 4352 1197 4412; x_wconf 87' lang='lat' dir='ltr'>in</span> <span class='ocrx_word' id='word_1_475' title='bbox 1214 4355 1319 4413; x_wconf 90' lang='lat' dir='ltr'>Ezech.</span> <span class='ocrx_word' id='word_1_476' title='bbox 1339 4375 1385 4430; x_wconf 83' lang='lat'>30,</span> <span class='ocrx_word' id='word_1_477' title='bbox 1406 4376 1417 4413; x_wconf 94' lang='lat' dir='ltr'>r</span> <span class='ocrx_word' id='word_1_478' title='bbox 1436 4375 1499 4432; x_wconf 86' lang='lat' dir='ltr'>sqq.</span> <span class='ocrx_word' id='word_1_479' title='bbox 1518 4355 1636 4434; x_wconf 89' lang='lat' dir='ltr'>(Migne</span> <span class='ocrx_word' id='word_1_480' title='bbox 1659 4378 1674 4417; x_wconf 88' lang='lat'>2</span> <span class='ocrx_word' id='word_1_481' title='bbox 1680 4376 1705 4435; x_wconf 83' lang='lat'>5,</span> <span class='ocrx_word' id='word_1_482' title='bbox 1728 4359 1820 4436; x_wconf 85' lang='lat'>304):</span> 
     </span>
     <span class='ocr_line' id='line_1_40' title="bbox 507 4435 1820 4518; baseline 0.003 -22"><span class='ocrx_word' id='word_1_483' title='bbox 507 4457 533 4510; x_wconf 83' lang='lat'>4.</span> <span class='ocrx_word' id='word_1_484' title='bbox 550 4435 665 4518; x_wconf 72' lang='lat' dir='ltr'>aegilia]</span> <span class='ocrx_word' id='word_1_485' title='bbox 683 4437 789 4495; x_wconf 87' lang='lat' dir='ltr'>Matth.</span> <span class='ocrx_word' id='word_1_486' title='bbox 810 4456 857 4509; x_wconf 87' lang='lat'>14,</span> <span class='ocrx_word' id='word_1_487' title='bbox 873 4453 919 4512; x_wconf 81' lang='lat'>25.</span> <span class='ocrx_word' id='word_1_488' title='bbox 1168 4439 1175 4465; x_wconf 92' lang='lat'>‘</span> <span class='ocrx_word' id='word_1_489' title='bbox 1191 4435 1357 4495; x_wconf 86' lang='lat' dir='ltr'>aeternitati</span> <span class='ocrx_word' id='word_1_490' title='bbox 1372 4449 1587 4515; x_wconf 85' lang='lat' dir='ltr'>comparatum,</span> <span class='ocrx_word' id='word_1_491' title='bbox 1601 4458 1691 4500; x_wconf 91' lang='lat' dir='ltr'>omne</span> <span class='ocrx_word' id='word_1_492' title='bbox 1702 4452 1820 4516; x_wconf 90' lang='lat' dir='ltr'>tempus</span> 
     </span>
     <span class='ocr_line' id='line_1_41' title="bbox 511 4514 1407 4598; baseline -0.002 -20"><span class='ocrx_word' id='word_1_493' title='bbox 511 4515 717 4598; x_wconf 83' lang='lat' dir='ltr'>10.breaeest]</span> <span class='ocrx_word' id='word_1_494' title='bbox 737 4517 859 4577; x_wconf 88' lang='lat' dir='ltr'>Hieron.</span> <span class='ocrx_word' id='word_1_495' title='bbox 878 4517 908 4575; x_wconf 92' lang='lat' dir='ltr'>in</span> <span class='ocrx_word' id='word_1_496' title='bbox 933 4535 978 4593; x_wconf 90' lang='lat' dir='ltr'>ep.</span> <span class='ocrx_word' id='word_1_497' title='bbox 996 4518 1034 4576; x_wconf 89' lang='lat' dir='ltr'>ad</span> <span class='ocrx_word' id='word_1_498' title='bbox 1051 4514 1117 4574; x_wconf 89' lang='lat' dir='ltr'>Phl-</span> <span class='ocrx_word' id='word_1_499' title='bbox 1168 4517 1256 4576; x_wconf 89' lang='lat' dir='ltr'>breve</span> <span class='ocrx_word' id='word_1_500' title='bbox 1271 4531 1315 4575; x_wconf 87' lang='lat' dir='ltr'>est</span> <span class='ocrx_word' id='word_1_501' title='bbox 1330 4520 1337 4545; x_wconf 90' lang='lat'>&#39;</span> <span class='ocrx_word' id='word_1_502' title='bbox 1352 4529 1407 4576; x_wconf 89' lang='lat' dir='ltr'>etc.</span> 
     </span>
    </p>

    <p class='ocr_par' dir='ltr' id='par_1_6' title="bbox 466 4596 1569 4678">
     <span class='ocr_line' id='line_1_42' title="bbox 466 4596 1569 4678; baseline -0.002 -17"><span class='ocrx_word' id='word_1_503' title='bbox 466 4603 534 4661; x_wconf 86' lang='lat' dir='ltr'>lem.</span> <span class='ocrx_word' id='word_1_504' title='bbox 552 4619 579 4659; x_wconf 89' lang='lat' dir='ltr'>n.</span> <span class='ocrx_word' id='word_1_505' title='bbox 611 4603 645 4660; x_wconf 86' lang='lat'>16</span> <span class='ocrx_word' id='word_1_506' title='bbox 663 4601 734 4658; x_wconf 84' lang='lat' dir='ltr'>‘Ad</span> <span class='ocrx_word' id='word_1_507' title='bbox 759 4597 1013 4674; x_wconf 86' lang='lat' dir='ltr'>comparationem</span> <span class='ocrx_word' id='word_1_508' title='bbox 1036 4597 1116 4658; x_wconf 85' lang='lat' dir='ltr'>enirn</span> <span class='ocrx_word' id='word_1_509' title='bbox 1213 4615 1255 4674; x_wconf 85' lang='lat'>¹5·</span> <span class='ocrx_word' id='word_1_510' title='bbox 1272 4596 1380 4678; x_wconf 86' lang='lat' dir='ltr'>adme]</span> <span class='ocrx_word' id='word_1_511' title='bbox 1397 4602 1440 4658; x_wconf 92' lang='lat' dir='ltr'>Io.</span> <span class='ocrx_word' id='word_1_512' title='bbox 1462 4620 1506 4672; x_wconf 87' lang='lat'>12,</span> <span class='ocrx_word' id='word_1_513' title='bbox 1523 4619 1569 4676; x_wconf 85' lang='lat'>3²·</span> 
     </span>
    </p>

    <p class='ocr_par' dir='ltr' id='par_1_7' title="bbox 465 4678 1706 4761">
     <span class='ocr_line' id='line_1_43' title="bbox 465 4678 1706 4761; baseline 0.002 -19"><span class='ocrx_word' id='word_1_514' title='bbox 465 4681 656 4755; x_wconf 85' lang='lat' dir='ltr'>aeternitatis,</span> <span class='ocrx_word' id='word_1_515' title='bbox 670 4699 760 4742; x_wconf 88' lang='lat' dir='ltr'>omne</span> <span class='ocrx_word' id='word_1_516' title='bbox 782 4692 900 4757; x_wconf 89' lang='lat' dir='ltr'>tempus</span> <span class='ocrx_word' id='word_1_517' title='bbox 924 4679 1012 4740; x_wconf 90' lang='lat' dir='ltr'>breve</span> <span class='ocrx_word' id='word_1_518' title='bbox 1034 4680 1117 4753; x_wconf 85' lang='lat' dir='ltr'>est’,·</span> <span class='ocrx_word' id='word_1_519' title='bbox 1213 4699 1255 4754; x_wconf 87' lang='lat'>19.</span> <span class='ocrx_word' id='word_1_520' title='bbox 1272 4681 1304 4738; x_wconf 89' lang='lat' dir='ltr'>in</span> <span class='ocrx_word' id='word_1_521' title='bbox 1317 4678 1475 4761; x_wconf 67' lang='lat' dir='ltr'>euangelia]</span> <span class='ocrx_word' id='word_1_522' title='bbox 1493 4683 1598 4742; x_wconf 85' lang='lat' dir='ltr'>Matth.</span> <span class='ocrx_word' id='word_1_523' title='bbox 1617 4685 1643 4756; x_wconf 91' lang='lat'>6,</span> <span class='ocrx_word' id='word_1_524' title='bbox 1659 4705 1706 4761; x_wconf 86' lang='lat'>30.</span> 
     </span>
    </p>
   </div>
   <div class='ocr_carea' id='block_1_5' title="bbox 0 0 2119 5492">
    <p class='ocr_par' dir='ltr' id='par_1_8' title="bbox 0 0 2119 5492">
     <span class='ocr_line' id='line_1_44' title="bbox 0 0 2119 5492; baseline 0 0"><span class='ocrx_word' id='word_1_525' title='bbox 0 0 2119 5492; x_wconf 95' lang='lat' dir='ltr'> </span> 
     </span>
    </p>
   </div>
  </div>
 </body>
</html>
