4060 5498
501 430 762 491 TRACTATUS
792 431 849 490 us.
879 433 1048 494 uenturo
1079 431 1272 490 Lxxxnu.
1518 436 1572 514 43

219 621 327 688 latino
354 625 475 690 dicitur
499 628 654 704 salutare,
681 629 712 691 in
740 630 885 695 hebraeo
908 633 1030 696 dicitur
1057 635 1157 697 lesus.
1182 633 1274 713 Ergo
1298 632 1330 694 in
1354 628 1502 694 hebraeo
1524 629 1571 691 ita

218 729 350 806 dicitur,
363 729 515 796 Ostende
527 733 623 795 nobis
638 734 784 796 Domine
801 736 1064 800 misericordiam
1081 747 1185 810 tuam,
1201 747 1234 799 et
1252 736 1396 799 salutare
1412 753 1509 797 suum
1526 733 1570 796 da

215 834 337 896 nobis:
360 835 434 897 Nisi
458 849 536 900 ante
561 838 746 900 misericors
769 838 869 902 lucris
893 840 925 902 in
955 860 1061 921 genus
1086 840 1281 914 humanum,
1299 841 1392 902 lesus
1408 847 1486 900 tuus
1502 856 1567 898 non

215 937 352 999 dabitur
367 939 472 1002 nobis.

181 1061 197 1114 5
260 1042 412 1105 Audiam
436 1044 520 1125 quid
543 1044 698 1126 loquatur
723 1047 757 1108 iu
781 1067 831 1108 me
856 1047 1020 1110 Dominus
1044 1047 1143 1111 Deus.
1170 1046 1337 1129 Propheta
1361 1066 1420 1127 pro
1444 1041 1570 1126 populo

214 1142 424 1224 deprecatur,
439 1157 471 1207 et
488 1148 544 1228 qui
562 1149 706 1230 loquitur
723 1151 755 1212 in
780 1170 814 1212 se
838 1150 995 1233 loquente
1024 1153 1107 1226 De0,
1134 1160 1167 1213 et
1193 1151 1284 1224 dicit,
1307 1149 1457 1212 Audiam
1487 1149 1567 1228 quid

214 1245 372 1328 loquatur
388 1249 420 1310 in
439 1271 492 1312 me
510 1251 676 1315 Dominus
693 1253 793 1317 Deus.
810 1254 916 1318 Vides
932 1256 1089 1336 quoniam
1110 1255 1203 1317 Deus
1219 1273 1286 1316 non
1305 1254 1337 1315 in
1355 1253 1492 1316 auribus
1508 1255 1565 1316 sed

213 1349 247 1411 in
264 1352 365 1413 corde
382 1352 550 1434 loquitur;
573 1357 657 1418 sicut
674 1369 707 1420 et
725 1357 904 1421 Zacharias
921 1359 1024 1421 dicit:
1048 1359 1114 1421 ‘Et
1137 1358 1276 1438 angelus
1293 1358 1349 1439 qui
1367 1357 1568 1438 loquebatur

212 1455 246 1517 in
265 1475 319 1517 me
335 1457 421 1520 dixit
440 1459 519 1520 mihi
532 1459 548 1523 '.
579 1460 628 1524 lbi
656 1463 794 1542 angelus
825 1462 992 1524 Dominus
1016 1474 1128 1526 noster
1151 1462 1367 1542 intellegitur,
1383 1461 1440 1542 qui
1459 1463 1568 1523 Patris

165 1583 196 1618 10
214 1561 392 1621 annuntiat
410 1561 627 1640 voluntatem,
655 1568 709 1648 qui
738 1568 769 1628 in
801 1567 902 1628 Esaia
928 1567 1067 1646 angelus
1092 1568 1205 1648 magni
1222 1566 1351 1630 consilii
1368 1566 1567 1648 appellatur.

216 1660 363 1725 Audiam
381 1665 462 1746 quid
480 1667 635 1749 loquatur
652 1673 683 1734 in
704 1691 756 1733 me
775 1671 943 1734 Dominus
968 1671 1082 1734 Deus:
1111 1671 1281 1735 inclinabo
1306 1690 1419 1733 aurem
1446 1671 1566 1746 cordis,

215 1777 250 1826 ut
267 1768 402 1831 audiam
419 1771 499 1852 quid
517 1772 673 1854 loquatur
690 1776 721 1838 in
740 1795 793 1838 me
811 1774 979 1839 Dominus
997 1777 1099 1840 Deus.

261 1870 424 1948 Quoniam
451 1874 599 1954 loquetur
619 1888 731 1958 pacem
767 1881 801 1940 r'u
826 1877 950 1959 plebem
982 1898 1087 1954 suam,
1109 1888 1141 1942 et
1160 1888 1258 1959 super
1278 1883 1405 1941 samus
1433 1900 1514 1953 suos,
1537 1888 1568 1941 et

214 1975 249 2038 iu
272 1996 325 2038 eos
345 1979 406 2058 qui
434 1991 667 2044 consumuntur
686 1981 734 2046 od
752 2004 812 2048 cor.
851 1985 931 2046 Tria
962 2004 1086 2064 genera
1120 1984 1218 2045 video
1251 1983 1389 2065 populi:
1423 1982 1566 2064 plebem,

165 2109 193 2161 ις
213 2091 358 2155 sanctos,
381 2091 414 2145 et
437 2103 495 2146 eos
518 2087 574 2165 qui
599 2097 839 2152 convertuntur
862 2089 904 2151 ad
928 2108 993 2150 cor.
1018 2089 1183 2166 Loquitur
1207 2106 1322 2166 pacem
1356 2109 1431 2152 cum
1468 2088 1567 2171 plebe

212 2205 294 2248 suar
317 2205 383 2247 non
409 2206 484 2249 curn
512 2189 637 2271 populo
655 2191 866 2266 Iudaeorum,
883 2194 924 2255 de
941 2193 1064 2272 quibus
1081 2193 1113 2252 in
1132 2190 1221 2255 Osee
1238 2191 1320 2254 dicit
1348 2193 1446 2255 ‘Non
1472 2194 1566 2272 plebs

213 2307 288 2350 mea
305 2309 363 2352 vos
376 2289 392 2366 ¹,
419 2291 477 2353 sed
505 2293 548 2354 de
575 2295 731 2358 omnibus
754 2295 943 2358 christianis
966 2296 1023 2375 qui
1047 2293 1260 2356 crediderunt
1278 2293 1309 2352 in
1326 2311 1412 2353 eum.
1437 2289 1566 2354 Omnes

213 2392 301 2453 enirn
319 2392 521 2474 quicumque
538 2395 569 2456 in
587 2397 727 2460 ecclesia
742 2409 831 2472 sunt,
848 2397 942 2478 plebs
960 2397 1098 2460 Domini
1128 2397 1159 2458 in
1186 2416 1367 2458 commune
1395 2404 1565 2457 vocantur.

212 2493 279 2576 Qui
296 2506 408 2558 autem
427 2497 493 2558 iam
511 2500 608 2580 primi
624 2511 701 2564 sunt
719 2504 750 2563 in
769 2503 826 2578 eis,
842 2514 874 2565 et
887 2501 1093 2583 spiritalibus
1109 2501 1240 2564 actibus
1258 2498 1566 2582 proficiunt,sancri

161 2622 194 2656 κο
213 2597 277 2660 Dei
295 2611 467 2677 vocantur,
483 2603 568 2665 sicut
593 2603 715 2666 Paulus
739 2605 770 2668 in
796 2606 947 2686 epistolis
974 2605 1041 2668 suis
1067 2606 1109 2667 ad
1139 2603 1296 2667 ecclesias
1322 2603 1438 2667 scribit
1464 2603 1564 2665 etad

212 2713 348 2766 sanctos
364 2705 420 2784 qui
437 2706 470 2768 in
487 2706 534 2768 eis
550 2717 637 2770 sunt.
655 2707 812 2790 Sequitur
828 2711 892 2773 hoc
909 2711 1055 2786 tertium,
1073 2709 1116 2770 Et
1134 2710 1166 2770 in
1183 2728 1240 2771 eos
1256 2707 1313 2789 qui
1327 2715 1565 2769 convertuntur

211 2810 253 2871 ad
272 2828 337 2872 cor.
356 2808 402 2871 Hi
419 2811 475 2890 qui
492 2830 512 2873 a
527 2809 665 2874 diabolo
681 2811 887 2893 subplantati
912 2811 1052 2885 inerant,
1078 2818 1196 2892 postea
1225 2821 1364 2892 agentes
1393 2809 1564 2890 paeniten-

212 2912 294 2975 tiam
311 2913 353 2975 ad
370 2914 512 2975 virtutes
527 2923 774 2979 convertuntur.
800 2915 851 2979 Eo
874 2916 963 2978 enim
988 2925 1140 2996 tempore
1164 2935 1231 2996 quo
1254 2920 1486 2997 peccaverunt,
1509 2932 1566 2976 cor

247 3093 258 3129 t
271 3081 353 3143 lesus]
365 3080 449 3129 ihesus
461 3081 482 3130 L
494 3100 500 3139 ς
513 3083 572 3131 lesu
584 3083 640 3133 OV.
742 3096 757 3132 2
772 3084 905 3133 Ostende...
918 3085 950 3132 da
963 3084 1043 3145 nobis]
1056 3084 1094 3143 L;
1115 3099 1166 3133 om.
1187 3083 1273 3133 ceteri.
1375 3093 1388 3146 5
1399 3082 1455 3146 pro]
1467 3097 1517 3130 orn.
1534 3082 1562 3132 L.

209 3162 226 3211 6
244 3164 293 3228 qui
310 3162 434 3227 loquitur]
454 3163 523 3220 LM;
544 3163 592 3212 OV
612 3179 662 3213 orn.
683 3166 737 3228 qui.
837 3165 945 3226 etdicr't]
958 3165 1088 3226 Li130v
1100 3181 1150 3214 orn.
1164 3171 1194 3213 et.
1296 3165 1353 3226 91'u
1366 3165 1521 3226 rueJnrecum
1534 3164 1562 3212 L.

212 3259 240 3297 11
254 3247 410 3296 inclinabo...
424 3247 506 3307 Deus]
517 3263 567 3296 orn.
583 3247 649 3297 Lob
660 3249 816 3300 homoeotel.
920 3249 1162 3310 iuuenumque.
1185 3249 1222 3296 M.
1327 3262 1355 3308 14
1372 3249 1566 3310 convertuntur]

208 3335 387 3379 convertentur
398 3329 429 3389 V,
442 3329 502 3379 item
515 3329 563 3379 OV
576 3329 621 3379 lin.
634 3347 687 3396 seq.
792 3342 819 3395 15
831 3332 913 3394 eleos]
926 3339 948 3380 et
959 3333 988 3380 r'u
999 3347 1037 3380 eos
1051 3333 1111 3381 MV.
1216 3330 1245 3380 16
1253 3331 1355 3396 populo]
1372 3331 1396 3380 0
1419 3343 1428 3378 t
1450 3347 1483 3379 m.
1504 3331 1563 3378 add.

208 3429 263 3471 suo,
274 3413 342 3477 quod
353 3422 440 3475 postea
449 3420 602 3476 expunctum
612 3421 658 3462 est.
757 3414 826 3475 Osee]
837 3415 912 3463 Oseoe
921 3415 951 3462 V.
1039 3424 1067 3475 17
1075 3413 1105 3462 de
1111 3413 1315 3475 ournibusliuxta
1323 3420 1444 3477 quattuor
1452 3412 1564 3471 codices,

208 3494 258 3544 etsi
271 3493 350 3558 magis
362 3493 497 3557 placuisset
508 3509 565 3542 cum
576 3493 709 3552 oumr'bus;
722 3493 826 3544 tortasse
839 3495 995 3559 praepositio
1007 3497 1035 3544 de
1048 3513 1078 3544 ex
1091 3497 1157 3558 plica
1169 3495 1273 3544 litterali
1285 3495 1362 3553 (sede
1373 3494 1498 3552 oneribus)
1511 3501 1567 3540 orta

207 3585 258 3636 est,
271 3585 296 3625 et
308 3577 443 3640 legendum
455 3577 628 3625 sedomnilus.
733 3577 762 3626 18
780 3577 855 3639 plebs]
875 3594 938 3627 corr.
961 3579 1086 3642 explebor
1105 3577 1137 3627 0.
1239 3579 1268 3625 iu
1286 3591 1415 3627 concurrent
1433 3575 1566 3636 uocantur]

211 3658 263 3707 LM
276 3677 283 3714 ς
296 3660 324 3707 r'n
335 3661 464 3707 communi
473 3666 526 3707 uolo
537 3675 590 3708 urta
601 3667 726 3709 vocantur
737 3661 784 3710 OV
796 3679 802 3710 ι
815 3661 883 3710 conl.
896 3662 985 3710 adnot.
999 3661 1054 3709 crit.
1069 3659 1142 3710 inira.
1243 3673 1275 3708 20
1296 3658 1416 3718 ecclesias]
1428 3657 1567 3706 aecclesiam

209 3741 233 3790 L
243 3757 250 3800 ;
262 3743 322 3790 item
335 3741 359 3791 Ο
370 3741 416 3790 sed
427 3753 516 3805 postea
528 3758 592 3792 corr.
693 3755 721 3790 21
735 3743 930 3804 conuertuntur]
941 3758 1004 3792 corr.
1020 3759 1049 3791 ex
1061 3749 1240 3792 convertentur
1251 3743 1282 3792 Ο.
1373 3752 1404 3787 22
1414 3739 1463 3799 Hi]
1475 3739 1525 3786 Hir'
1533 3737 1563 3787 L.

254 3927 278 3967 1.
311 3909 343 3966 r'u
368 3909 487 3966 hebraeo
520 3907 630 3964 dicitur
650 3903 744 3986 Iesus]
776 3908 862 3966 Idem
915 3907 1067 3983 quandam
1084 3905 1249 3983 liturgicum
1266 3899 1473 3963 heicindicari
1494 3899 1566 3958 exis-

209 3989 337 4050 Hieron.
361 3988 535 4065 saepissime
550 3989 580 4046 in
596 3987 685 4064 priori
707 3987 781 4050 serie
802 4007 863 4049 ora·
915 3989 1066 4047 timebam.
1092 3990 1130 4045 Et
1152 3987 1216 4063 ipsa
1239 3985 1363 4062 quidem
1379 3982 1472 4042 dictio
1488 3980 1566 4041 inve-

207 4072 326 4132 tionum
344 4072 408 4130 111²
432 4092 479 4146 32,
500 4091 557 4147 19;
579 4073 627 4143 66,
646 4090 703 4143 24;
722 4089 787 4148 145,
808 4089 864 4146 ¹93
914 4070 993 4128 nitur
1018 4069 1047 4128 in
1070 4069 1199 4128 Sacram.
1225 4068 1323 4127 Gelas.
1346 4063 1417 4123 edit.
1442 4064 1564 4133 lVilson,

209 4156 434 4229 216,23;422‚
455 4157 499 4212 18.
914 4169 941 4226 p.
970 4153 1027 4208 28:
1061 4151 1239 4210 ‘Commune
1269 4155 1366 4206 volum
1398 4145 1567 4206 communis

251 4255 278 4310 9.
296 4231 384 4313 milu]
399 4235 488 4293 Zach.
509 4253 532 4304 ι,
551 4253 568 4309 9
584 4243 640 4294 etc.
913 4232 1008 4290 oratio
1020 4233 1233 4308 prosequatur)
1243 4232 1457 4288 Verumtamen
1467 4227 1567 4302 genui·

256 4337 297 4374 ιο.
315 4313 442 4396 consilii]
458 4318 495 4376 Is.
516 4335 542 4390 9,
560 4319 577 4374 6
592 4335 651 4374 sec.
669 4316 760 4373 LXX.
915 4311 1272 4373 numtextumcodicibus
1283 4311 1344 4369 LM
1354 4309 1566 4384 repraesentari

255 4413 298 4470 17.
324 4418 385 4457 mea
399 4393 459 4478 uos]
475 4399 526 4458 Os.
544 4417 567 4468 1,
588 4419 635 4456 10.
914 4395 1070 4473 probabile
1086 4407 1139 4454 est.
1156 4396 1298 4456 Ceterum
1315 4409 1410 4468 usque
1428 4389 1521 4448 hodie
1536 4390 1565 4448 in

258 4481 302 4540 18.
327 4482 358 4539 r'n
379 4477 535 4559 commuue]
551 4481 629 4541 Cum
645 4477 719 4537 mihi
734 4477 861 4554 primum
913 4496 1030 4536 canone
1043 4476 1153 4535 Missae
1166 4473 1439 4549 Romanolegitur:
1457 4473 1567 4532 ‘Unde

210 4562 409 4626 solummodo
423 4573 594 4638 suppeteret
610 4558 700 4620 lectio
722 4560 861 4620 codicum
914 4571 943 4618 et
958 4577 1114 4630 memores,
1133 4557 1273 4625 Domine,
1290 4575 1344 4616 nos
1359 4553 1499 4625 servitui,
1512 4553 1565 4612 sed

212 4647 273 4707 OV
306 4645 336 4702 iu
358 4644 503 4704 corremuui
520 4653 591 4715 uoto,
613 4641 861 4718 supplicationem
914 4655 944 4700 et
952 4642 1034 4716 plebs
1047 4651 1099 4699 luo
1113 4651 1252 4699 sancta...
1269 4641 1274 4664 '
1414 4638 1417 4644 ’
