<?xml version="1.0" encoding="UTF-8"?>
<!DOCTYPE html PUBLIC "-//W3C//DTD XHTML 1.0 Transitional//EN"
    "http://www.w3.org/TR/xhtml1/DTD/xhtml1-transitional.dtd">
<html xmlns="http://www.w3.org/1999/xhtml" xml:lang="en" lang="en">
 <head>
  <title>
</title>
<meta http-equiv="Content-Type" content="text/html;charset=utf-8" />
  <meta name='ocr-system' content='tesseract 3.04.00' />
  <meta name='ocr-capabilities' content='ocr_page ocr_carea ocr_par ocr_line ocrx_word'/>
</head>
<body>
  <div class='ocr_page' id='page_1' title='image "./commentarioliin00morigoog/commentarioliin00morigoog_0645.png"; bbox 0 0 4060 5498; ppageno 0'>
   <div class='ocr_carea' id='block_1_1' title="bbox 479 401 1471 492">
    <p class='ocr_par' dir='ltr' id='par_1_1' title="bbox 479 401 1471 492">
     <span class='ocr_line' id='line_1_1' title="bbox 479 401 1471 492; baseline -0.009 -25"><span class='ocrx_word' id='word_1_1' title='bbox 479 411 533 492; x_wconf 81' lang='lat'>34</span> <span class='ocrx_word' id='word_1_2' title='bbox 858 406 885 464; x_wconf 91' lang='lat' dir='ltr'>S.</span> <span class='ocrx_word' id='word_1_3' title='bbox 920 405 1174 467; x_wconf 87' lang='lat' dir='ltr'>HIERONYMI</span> <span class='ocrx_word' id='word_1_4' title='bbox 1204 401 1471 462; x_wconf 85' lang='lat' dir='ltr'><strong>PRESBYTERI</strong></span> 
     </span>
    </p>
   </div>
   <div class='ocr_carea' id='block_1_2' title="bbox 475 599 1878 3506">
    <p class='ocr_par' dir='ltr' id='par_1_2' title="bbox 477 599 1876 1609">
     <span class='ocr_line' id='line_1_2' title="bbox 477 599 1833 688; baseline -0.004 -22"><span class='ocrx_word' id='word_1_5' title='bbox 477 624 596 669; x_wconf 89' lang='lat' dir='ltr'>aureus</span> <span class='ocrx_word' id='word_1_6' title='bbox 614 605 804 686; x_wconf 87' lang='lat' dir='ltr'>Babylonis.</span> <span class='ocrx_word' id='word_1_7' title='bbox 824 605 975 686; x_wconf 82' lang='lat' dir='ltr'>Babylon</span> <span class='ocrx_word' id='word_1_8' title='bbox 989 607 1228 688; x_wconf 83' lang='lat' dir='ltr'><strong>interpretatur</strong></span> <span class='ocrx_word' id='word_1_9' title='bbox 1238 600 1407 680; x_wconf 86' lang='lat' dir='ltr'>coniusi0;</span> <span class='ocrx_word' id='word_1_10' title='bbox 1419 600 1510 664; x_wconf 87' lang='lat' dir='ltr'>calix</span> <span class='ocrx_word' id='word_1_11' title='bbox 1524 621 1603 664; x_wconf 87' lang='lat' dir='ltr'>vero</span> <span class='ocrx_word' id='word_1_12' title='bbox 1614 599 1833 680; x_wconf 70' lang='lat' dir='ltr'>aureusdog·</span> 
     </span>
     <span class='ocr_line' id='line_1_3' title="bbox 480 703 1833 793; baseline -0.004 -21"><span class='ocrx_word' id='word_1_13' title='bbox 480 720 570 772; x_wconf 90' lang='lat' dir='ltr'>mata</span> <span class='ocrx_word' id='word_1_14' title='bbox 587 707 862 790; x_wconf 87' lang='lat' dir='ltr'>philosophorum</span> <span class='ocrx_word' id='word_1_15' title='bbox 879 719 913 773; x_wconf 89' lang='lat' dir='ltr'>et</span> <span class='ocrx_word' id='word_1_16' title='bbox 929 711 1122 793; x_wconf 85' lang='lat' dir='ltr'><strong>eloquentia</strong></span> <span class='ocrx_word' id='word_1_17' title='bbox 1137 717 1318 773; x_wconf 86' lang='lat' dir='ltr'>oratorum.</span> <span class='ocrx_word' id='word_1_18' title='bbox 1341 703 1426 788; x_wconf 86' lang='lat' dir='ltr'>Quis</span> <span class='ocrx_word' id='word_1_19' title='bbox 1442 705 1532 769; x_wconf 90' lang='lat' dir='ltr'>enim</span> <span class='ocrx_word' id='word_1_20' title='bbox 1549 725 1616 770; x_wconf 91' lang='lat' dir='ltr'>non</span> <span class='ocrx_word' id='word_1_21' title='bbox 1636 706 1791 768; x_wconf 89' lang='lat' dir='ltr'>inductus</span> <span class='ocrx_word' id='word_1_22' title='bbox 1814 725 1833 767; x_wconf 90' lang='lat' dir='ltr'>a</span> 
     </span>
     <span class='ocr_line' id='line_1_4' title="bbox 479 807 1833 895; baseline -0.004 -19"><span class='ocrx_word' id='word_1_23' title='bbox 479 811 710 895; x_wconf 88' lang='lat' dir='ltr'>philosophis?</span> <span class='ocrx_word' id='word_1_24' title='bbox 724 812 809 894; x_wconf 90' lang='lat' dir='ltr'>Quis</span> <span class='ocrx_word' id='word_1_25' title='bbox 825 815 914 877; x_wconf 90' lang='lat' dir='ltr'>enim</span> <span class='ocrx_word' id='word_1_26' title='bbox 932 813 975 876; x_wconf 91' lang='lat' dir='ltr'>ab</span> <span class='ocrx_word' id='word_1_27' title='bbox 991 815 1179 878; x_wconf 85' lang='lat' dir='ltr'>oratoribus</span> <span class='ocrx_word' id='word_1_28' title='bbox 1197 811 1313 876; x_wconf 91' lang='lat' dir='ltr'>mundi</span> <span class='ocrx_word' id='word_1_29' title='bbox 1330 811 1425 876; x_wconf 91' lang='lat' dir='ltr'>istius</span> <span class='ocrx_word' id='word_1_30' title='bbox 1454 832 1520 876; x_wconf 90' lang='lat' dir='ltr'>non</span> <span class='ocrx_word' id='word_1_31' title='bbox 1547 811 1726 874; x_wconf 83' lang='lat' dir='ltr'>seductus?</span> <span class='ocrx_word' id='word_1_32' title='bbox 1748 807 1833 874; x_wconf 87' lang='lat' dir='ltr'>Cali-</span> 
     </span>
     <span class='ocr_line' id='line_1_5' title="bbox 478 913 1833 1000; baseline -0.003 -22"><span class='ocrx_word' id='word_1_33' title='bbox 478 935 550 978; x_wconf 87' lang='lat' dir='ltr'>cem</span> <span class='ocrx_word' id='word_1_34' title='bbox 567 935 704 980; x_wconf 91' lang='lat' dir='ltr'>aureum</span> <span class='ocrx_word' id='word_1_35' title='bbox 721 915 847 980; x_wconf 90' lang='lat' dir='ltr'>habent</span> <span class='ocrx_word' id='word_1_36' title='bbox 863 919 1075 980; x_wconf 88' lang='lat' dir='ltr'>extrinsecus</span> <span class='ocrx_word' id='word_1_37' title='bbox 1091 915 1305 1000; x_wconf 88' lang='lat' dir='ltr'>splendorem</span> <span class='ocrx_word' id='word_1_38' title='bbox 1333 915 1568 998; x_wconf 90' lang='lat' dir='ltr'>eloquentiae:</span> <span class='ocrx_word' id='word_1_39' title='bbox 1584 923 1618 978; x_wconf 91' lang='lat' dir='ltr'>et</span> <span class='ocrx_word' id='word_1_40' title='bbox 1636 913 1833 976; x_wconf 89' lang='lat' dir='ltr'>intrinsecus</span> 
     </span>
     <span class='ocr_line' id='line_1_6' title="bbox 479 1019 1864 1105; baseline -0.001 -23"><span class='ocrx_word' id='word_1_41' title='bbox 479 1040 606 1085; x_wconf 89' lang='lat' dir='ltr'>venena</span> <span class='ocrx_word' id='word_1_42' title='bbox 622 1029 699 1084; x_wconf 90' lang='lat' dir='ltr'>sunt</span> <span class='ocrx_word' id='word_1_43' title='bbox 716 1023 862 1099; x_wconf 90' lang='lat' dir='ltr'>condita,</span> <span class='ocrx_word' id='word_1_44' title='bbox 874 1042 961 1104; x_wconf 89' lang='lat' dir='ltr'>quae</span> <span class='ocrx_word' id='word_1_45' title='bbox 974 1023 1078 1085; x_wconf 85' lang='lat' dir='ltr'>latere</span> <span class='ocrx_word' id='word_1_46' title='bbox 1091 1041 1157 1085; x_wconf 90' lang='lat' dir='ltr'>non</span> <span class='ocrx_word' id='word_1_47' title='bbox 1172 1028 1337 1103; x_wconf 85' lang='lat' dir='ltr'>poterant,</span> <span class='ocrx_word' id='word_1_48' title='bbox 1349 1021 1412 1083; x_wconf 88' lang='lat' dir='ltr'>nisi</span> <span class='ocrx_word' id='word_1_49' title='bbox 1429 1022 1501 1084; x_wconf 85' lang='lat' dir='ltr'>auri</span> <span class='ocrx_word' id='word_1_50' title='bbox 1514 1022 1625 1105; x_wconf 88' lang='lat' dir='ltr'>specie</span> <span class='ocrx_word' id='word_1_51' title='bbox 1638 1019 1833 1082; x_wconf 85' lang='lat' dir='ltr'>celarentur.</span> <span class='ocrx_word' id='word_1_52' title='bbox 1851 1047 1864 1098; x_wconf 83' lang='lat'>5</span> 
     </span>
     <span class='ocr_line' id='line_1_7' title="bbox 479 1123 1832 1208; baseline -0.004 -19"><span class='ocrx_word' id='word_1_53' title='bbox 479 1125 584 1189; x_wconf 90' lang='lat' dir='ltr'>Vides</span> <span class='ocrx_word' id='word_1_54' title='bbox 601 1127 736 1208; x_wconf 91' lang='lat' dir='ltr'>quidem</span> <span class='ocrx_word' id='word_1_55' title='bbox 762 1126 973 1208; x_wconf 84' lang='lat' dir='ltr'>eloquentiae</span> <span class='ocrx_word' id='word_1_56' title='bbox 1002 1126 1110 1200; x_wconf 91' lang='lat' dir='ltr'>mella,</span> <span class='ocrx_word' id='word_1_57' title='bbox 1137 1136 1169 1189; x_wconf 90' lang='lat' dir='ltr'>et</span> <span class='ocrx_word' id='word_1_58' title='bbox 1195 1144 1263 1188; x_wconf 91' lang='lat' dir='ltr'>non</span> <span class='ocrx_word' id='word_1_59' title='bbox 1291 1125 1469 1207; x_wconf 86' lang='lat' dir='ltr'>suspicaris</span> <span class='ocrx_word' id='word_1_60' title='bbox 1498 1123 1671 1189; x_wconf 77' lang='lat' dir='ltr'>mortifera</span> <span class='ocrx_word' id='word_1_61' title='bbox 1699 1141 1832 1186; x_wconf 89' lang='lat' dir='ltr'>venena.</span> 
     </span>
     <span class='ocr_line' id='line_1_8' title="bbox 478 1225 1831 1314; baseline -0.004 -20"><span class='ocrx_word' id='word_1_62' title='bbox 478 1230 699 1314; x_wconf 85' lang='lat' dir='ltr'>Alienigenae</span> <span class='ocrx_word' id='word_1_63' title='bbox 709 1250 786 1294; x_wconf 90' lang='lat' dir='ltr'>cum</span> <span class='ocrx_word' id='word_1_64' title='bbox 799 1229 1030 1295; x_wconf 85' lang='lat' dir='ltr'>habitantibus</span> <span class='ocrx_word' id='word_1_65' title='bbox 1041 1230 1181 1312; x_wconf 84' lang='lat' dir='ltr'>Tyrum.</span> <span class='ocrx_word' id='word_1_66' title='bbox 1193 1229 1305 1311; x_wconf 86' lang='lat' dir='ltr'>Tyrus</span> <span class='ocrx_word' id='word_1_67' title='bbox 1319 1229 1559 1310; x_wconf 86' lang='lat' dir='ltr'>interpretatur</span> <span class='ocrx_word' id='word_1_68' title='bbox 1574 1225 1831 1311; x_wconf 79' lang='lat' dir='ltr'>angustiaVere</span> 
     </span>
     <span class='ocr_line' id='line_1_9' title="bbox 477 1331 1830 1418; baseline -0.002 -21"><span class='ocrx_word' id='word_1_69' title='bbox 477 1335 571 1402; x_wconf 75' lang='lat' dir='ltr'>enim,</span> <span class='ocrx_word' id='word_1_70' title='bbox 584 1337 760 1418; x_wconf 86' lang='lat' dir='ltr'>angustiae</span> <span class='ocrx_word' id='word_1_71' title='bbox 777 1336 822 1399; x_wconf 91' lang='lat' dir='ltr'>ibi</span> <span class='ocrx_word' id='word_1_72' title='bbox 840 1344 927 1412; x_wconf 88' lang='lat' dir='ltr'>sunt,</span> <span class='ocrx_word' id='word_1_73' title='bbox 946 1345 978 1398; x_wconf 89' lang='lat' dir='ltr'>et</span> <span class='ocrx_word' id='word_1_74' title='bbox 996 1354 1062 1398; x_wconf 91' lang='lat' dir='ltr'>non</span> <span class='ocrx_word' id='word_1_75' title='bbox 1080 1333 1225 1399; x_wconf 88' lang='lat' dir='ltr'>latitudo</span> <span class='ocrx_word' id='word_1_76' title='bbox 1246 1332 1338 1414; x_wconf 90' lang='lat' dir='ltr'>quod</span> <span class='ocrx_word' id='word_1_77' title='bbox 1355 1340 1406 1396; x_wconf 91' lang='lat' dir='ltr'>est</span> <span class='ocrx_word' id='word_1_78' title='bbox 1422 1331 1585 1409; x_wconf 87' lang='lat' dir='ltr'>Christus,</span> <span class='ocrx_word' id='word_1_79' title='bbox 1601 1332 1689 1396; x_wconf 90' lang='lat' dir='ltr'>sicut</span> <span class='ocrx_word' id='word_1_80' title='bbox 1705 1341 1738 1396; x_wconf 91' lang='lat' dir='ltr'>et</span> <span class='ocrx_word' id='word_1_81' title='bbox 1754 1351 1830 1412; x_wconf 90' lang='lat' dir='ltr'>apo·</span> 
     </span>
     <span class='ocr_line' id='line_1_10' title="bbox 478 1435 1829 1521; baseline -0.004 -17"><span class='ocrx_word' id='word_1_82' title='bbox 478 1441 584 1504; x_wconf 92' lang='lat' dir='ltr'>stolus</span> <span class='ocrx_word' id='word_1_83' title='bbox 609 1443 651 1503; x_wconf 91' lang='lat' dir='ltr'>ad</span> <span class='ocrx_word' id='word_1_84' title='bbox 671 1439 879 1504; x_wconf 86' lang='lat' dir='ltr'>Corinthios:</span> <span class='ocrx_word' id='word_1_85' title='bbox 904 1440 1001 1503; x_wconf 86' lang='lat' dir='ltr'>‘Non</span> <span class='ocrx_word' id='word_1_86' title='bbox 1028 1437 1256 1521; x_wconf 84' lang='lat' dir='ltr'>angustamini</span> <span class='ocrx_word' id='word_1_87' title='bbox 1284 1437 1317 1500; x_wconf 92' lang='lat' dir='ltr'>in</span> <span class='ocrx_word' id='word_1_88' title='bbox 1339 1436 1446 1516; x_wconf 91' lang='lat' dir='ltr'>nobis,</span> <span class='ocrx_word' id='word_1_89' title='bbox 1458 1438 1517 1501; x_wconf 90' lang='lat' dir='ltr'>sed</span> <span class='ocrx_word' id='word_1_90' title='bbox 1547 1437 1775 1520; x_wconf 84' lang='lat' dir='ltr'>angustamini</span> <span class='ocrx_word' id='word_1_91' title='bbox 1797 1435 1829 1498; x_wconf 89' lang='lat' dir='ltr'>in</span> 
     </span>
     <span class='ocr_line' id='line_1_11' title="bbox 479 1544 1876 1609; baseline 0.001 -3"><span class='ocrx_word' id='word_1_92' title='bbox 479 1545 659 1607; x_wconf 87' lang='lat' dir='ltr'>visceribus</span> <span class='ocrx_word' id='word_1_93' title='bbox 676 1544 816 1609; x_wconf 86' lang='lat' dir='ltr'>vestris¹.</span> <span class='ocrx_word' id='word_1_94' title='bbox 1850 1571 1876 1608; x_wconf 83' lang='lat' dir='ltr'>n</span> 
     </span>
    </p>

    <p class='ocr_par' dir='ltr' id='par_1_3' title="bbox 476 1647 1873 2569">
     <span class='ocr_line' id='line_1_12' title="bbox 521 1647 1831 1732; baseline 0 -22"><span class='ocrx_word' id='word_1_95' title='bbox 521 1647 868 1712; x_wconf 81' lang='lat' dir='ltr'>EtenimAssuraenit</span> <span class='ocrx_word' id='word_1_96' title='bbox 879 1649 1015 1713; x_wconf 85' lang='lat' dir='ltr'>cumeis.</span> <span class='ocrx_word' id='word_1_97' title='bbox 1030 1649 1084 1713; x_wconf 91' lang='lat' dir='ltr'>llli</span> <span class='ocrx_word' id='word_1_98' title='bbox 1096 1657 1355 1732; x_wconf 88' lang='lat' dir='ltr'>praecesserunt,</span> <span class='ocrx_word' id='word_1_99' title='bbox 1365 1657 1399 1714; x_wconf 94' lang='lat' dir='ltr'>et</span> <span class='ocrx_word' id='word_1_100' title='bbox 1410 1649 1473 1713; x_wconf 87' lang='lat' dir='ltr'>iste</span> <span class='ocrx_word' id='word_1_101' title='bbox 1483 1647 1831 1731; x_wconf 87' lang='lat' dir='ltr'>sequitur.Videamus</span> 
     </span>
     <span class='ocr_line' id='line_1_13' title="bbox 476 1750 1831 1838; baseline -0.001 -20"><span class='ocrx_word' id='word_1_102' title='bbox 476 1757 533 1838; x_wconf 91' lang='lat' dir='ltr'>qui</span> <span class='ocrx_word' id='word_1_103' title='bbox 550 1755 592 1817; x_wconf 92' lang='lat' dir='ltr'>sit</span> <span class='ocrx_word' id='word_1_104' title='bbox 614 1755 676 1816; x_wconf 92' lang='lat' dir='ltr'>iste</span> <span class='ocrx_word' id='word_1_105' title='bbox 695 1755 751 1835; x_wconf 89' lang='lat' dir='ltr'>qui</span> <span class='ocrx_word' id='word_1_106' title='bbox 767 1754 925 1837; x_wconf 89' lang='lat' dir='ltr'>sequitur.</span> <span class='ocrx_word' id='word_1_107' title='bbox 944 1753 1053 1816; x_wconf 89' lang='lat' dir='ltr'>Assur</span> <span class='ocrx_word' id='word_1_108' title='bbox 1068 1752 1195 1835; x_wconf 87' lang='lat' dir='ltr'>quippe</span> <span class='ocrx_word' id='word_1_109' title='bbox 1211 1750 1449 1833; x_wconf 87' lang='lat' dir='ltr'>interpretatur</span> <span class='ocrx_word' id='word_1_110' title='bbox 1464 1751 1638 1816; x_wconf 89' lang='lat' dir='ltr'>diabolus:</span> <span class='ocrx_word' id='word_1_111' title='bbox 1655 1771 1740 1829; x_wconf 84' lang='lat' dir='ltr'>vere,</span> <span class='ocrx_word' id='word_1_112' title='bbox 1755 1755 1831 1836; x_wconf 90' lang='lat' dir='ltr'>quia</span> 
     </span>
     <span class='ocr_line' id='line_1_14' title="bbox 478 1855 1830 1940; baseline 0 -19"><span class='ocrx_word' id='word_1_113' title='bbox 478 1860 549 1940; x_wconf 90' lang='lat' dir='ltr'>ipse</span> <span class='ocrx_word' id='word_1_114' title='bbox 564 1867 616 1921; x_wconf 87' lang='lat' dir='ltr'>est</span> <span class='ocrx_word' id='word_1_115' title='bbox 631 1866 664 1920; x_wconf 92' lang='lat' dir='ltr'>et</span> <span class='ocrx_word' id='word_1_116' title='bbox 681 1857 836 1922; x_wconf 87' lang='lat' dir='ltr'>inimicus</span> <span class='ocrx_word' id='word_1_117' title='bbox 852 1868 884 1921; x_wconf 92' lang='lat' dir='ltr'>et</span> <span class='ocrx_word' id='word_1_118' title='bbox 902 1858 1038 1933; x_wconf 89' lang='lat' dir='ltr'>vindex,</span> <span class='ocrx_word' id='word_1_119' title='bbox 1054 1857 1140 1920; x_wconf 90' lang='lat' dir='ltr'>sicut</span> <span class='ocrx_word' id='word_1_120' title='bbox 1162 1855 1194 1917; x_wconf 92' lang='lat' dir='ltr'>in</span> <span class='ocrx_word' id='word_1_121' title='bbox 1212 1865 1334 1919; x_wconf 89' lang='lat' dir='ltr'>octavo</span> <span class='ocrx_word' id='word_1_122' title='bbox 1350 1855 1482 1938; x_wconf 87' lang='lat' dir='ltr'>psalmo</span> <span class='ocrx_word' id='word_1_123' title='bbox 1507 1859 1669 1940; x_wconf 87' lang='lat' dir='ltr'>scriptum</span> <span class='ocrx_word' id='word_1_124' title='bbox 1688 1866 1740 1920; x_wconf 87' lang='lat' dir='ltr'>est</span> <span class='ocrx_word' id='word_1_125' title='bbox 1755 1861 1763 1890; x_wconf 89' lang='lat'>‘</span> <span class='ocrx_word' id='word_1_126' title='bbox 1783 1856 1830 1921; x_wconf 93' lang='lat' dir='ltr'>Ut</span> 
     </span>
     <span class='ocr_line' id='line_1_15' title="bbox 476 1961 1829 2046; baseline -0.001 -19"><span class='ocrx_word' id='word_1_127' title='bbox 476 1965 629 2028; x_wconf 90' lang='lat' dir='ltr'>destruas</span> <span class='ocrx_word' id='word_1_128' title='bbox 645 1963 816 2028; x_wconf 90' lang='lat' dir='ltr'>inimicum</span> <span class='ocrx_word' id='word_1_129' title='bbox 830 1961 1084 2034; x_wconf 86' lang='lat' dir='ltr'>etdeiensorem</span> <span class='ocrx_word' id='word_1_130' title='bbox 1096 1965 1110 2028; x_wconf 86' lang='lat'>¹.</span> <span class='ocrx_word' id='word_1_131' title='bbox 1125 1963 1200 2046; x_wconf 90' lang='lat' dir='ltr'>lpse</span> <span class='ocrx_word' id='word_1_132' title='bbox 1212 1984 1274 2029; x_wconf 90' lang='lat' dir='ltr'>nos</span> <span class='ocrx_word' id='word_1_133' title='bbox 1287 1962 1366 2028; x_wconf 87' lang='lat' dir='ltr'>iacit</span> <span class='ocrx_word' id='word_1_134' title='bbox 1377 1980 1524 2042; x_wconf 87' lang='lat' dir='ltr'>peccare,</span> <span class='ocrx_word' id='word_1_135' title='bbox 1534 1972 1568 2026; x_wconf 89' lang='lat' dir='ltr'>et</span> <span class='ocrx_word' id='word_1_136' title='bbox 1580 1962 1653 2044; x_wconf 91' lang='lat' dir='ltr'>ipse</span> <span class='ocrx_word' id='word_1_137' title='bbox 1664 1983 1726 2027; x_wconf 92' lang='lat' dir='ltr'>nos</span> <span class='ocrx_word' id='word_1_138' title='bbox 1737 1983 1829 2027; x_wconf 89' lang='lat' dir='ltr'>accu-</span> 
     </span>
     <span class='ocr_line' id='line_1_16' title="bbox 476 2066 1873 2150; baseline -0.002 -19"><span class='ocrx_word' id='word_1_139' title='bbox 476 2079 528 2134; x_wconf 92' lang='lat' dir='ltr'>sat</span> <span class='ocrx_word' id='word_1_140' title='bbox 544 2071 586 2132; x_wconf 90' lang='lat' dir='ltr'>ad</span> <span class='ocrx_word' id='word_1_141' title='bbox 605 2068 822 2150; x_wconf 89' lang='lat' dir='ltr'>puniendum.</span> <span class='ocrx_word' id='word_1_142' title='bbox 840 2068 976 2133; x_wconf 89' lang='lat' dir='ltr'>Etenim</span> <span class='ocrx_word' id='word_1_143' title='bbox 995 2068 1102 2132; x_wconf 88' lang='lat' dir='ltr'>Assur</span> <span class='ocrx_word' id='word_1_144' title='bbox 1118 2070 1210 2134; x_wconf 90' lang='lat' dir='ltr'>venit</span> <span class='ocrx_word' id='word_1_145' title='bbox 1225 2067 1325 2132; x_wconf 93' lang='lat' dir='ltr'>simul</span> <span class='ocrx_word' id='word_1_146' title='bbox 1338 2088 1413 2132; x_wconf 93' lang='lat' dir='ltr'>cum</span> <span class='ocrx_word' id='word_1_147' title='bbox 1431 2067 1487 2131; x_wconf 90' lang='lat' dir='ltr'>eis.</span> <span class='ocrx_word' id='word_1_148' title='bbox 1506 2066 1646 2130; x_wconf 88' lang='lat' dir='ltr'>Habent</span> <span class='ocrx_word' id='word_1_149' title='bbox 1657 2067 1829 2132; x_wconf 88' lang='lat' dir='ltr'>diabolum</span> <span class='ocrx_word' id='word_1_150' title='bbox 1848 2091 1873 2141; x_wconf 77' lang='grc' dir='ltr'>ις</span> 
     </span>
     <span class='ocr_line' id='line_1_17' title="bbox 476 2169 1828 2254; baseline 0 -20"><span class='ocrx_word' id='word_1_151' title='bbox 476 2173 670 2254; x_wconf 88' lang='lat' dir='ltr'>principem,</span> <span class='ocrx_word' id='word_1_152' title='bbox 683 2171 808 2236; x_wconf 92' lang='lat' dir='ltr'>habent</span> <span class='ocrx_word' id='word_1_153' title='bbox 825 2174 1061 2254; x_wconf 89' lang='lat' dir='ltr'>imperatorem</span> <span class='ocrx_word' id='word_1_154' title='bbox 1078 2198 1085 2237; x_wconf 91' lang='lat'>:</span> <span class='ocrx_word' id='word_1_155' title='bbox 1102 2194 1168 2237; x_wconf 93' lang='lat' dir='ltr'>non</span> <span class='ocrx_word' id='word_1_156' title='bbox 1186 2174 1250 2236; x_wconf 92' lang='lat' dir='ltr'>illis</span> <span class='ocrx_word' id='word_1_157' title='bbox 1269 2173 1376 2237; x_wconf 86' lang='lat' dir='ltr'>losias</span> <span class='ocrx_word' id='word_1_158' title='bbox 1393 2193 1454 2236; x_wconf 88' lang='lat' dir='ltr'>rex</span> <span class='ocrx_word' id='word_1_159' title='bbox 1478 2172 1585 2235; x_wconf 90' lang='lat' dir='ltr'>iustus</span> <span class='ocrx_word' id='word_1_160' title='bbox 1604 2169 1758 2252; x_wconf 87' lang='lat' dir='ltr'>imperat,</span> <span class='ocrx_word' id='word_1_161' title='bbox 1772 2173 1828 2235; x_wconf 90' lang='lat' dir='ltr'>sed</span> 
     </span>
     <span class='ocr_line' id='line_1_18' title="bbox 476 2275 1831 2360; baseline 0.001 -22"><span class='ocrx_word' id='word_1_162' title='bbox 476 2275 745 2358; x_wconf 81' lang='lat' dir='ltr'>AssyriusFacti</span> <span class='ocrx_word' id='word_1_163' title='bbox 751 2286 830 2339; x_wconf 89' lang='lat' dir='ltr'>sunt</span> <span class='ocrx_word' id='word_1_164' title='bbox 840 2275 875 2338; x_wconf 84' lang='lat' dir='ltr'>in</span> <span class='ocrx_word' id='word_1_165' title='bbox 887 2276 1090 2340; x_wconf 83' lang='lat' dir='ltr'>adiutorium</span> <span class='ocrx_word' id='word_1_166' title='bbox 1091 2278 1181 2360; x_wconf 85' lang='lat' dir='ltr'>filiis</span> <span class='ocrx_word' id='word_1_167' title='bbox 1193 2277 1285 2343; x_wconf 75' lang='lat' dir='ltr'>Loth.</span> <span class='ocrx_word' id='word_1_168' title='bbox 1298 2277 1386 2340; x_wconf 92' lang='lat' dir='ltr'>Loth</span> <span class='ocrx_word' id='word_1_169' title='bbox 1399 2279 1639 2360; x_wconf 86' lang='lat' dir='ltr'>interpretatur</span> <span class='ocrx_word' id='word_1_170' title='bbox 1650 2276 1831 2353; x_wconf 89' lang='lat' dir='ltr'>declinans,</span> 
     </span>
     <span class='ocr_line' id='line_1_19' title="bbox 477 2381 1829 2465; baseline 0.001 -22"><span class='ocrx_word' id='word_1_171' title='bbox 477 2382 567 2463; x_wconf 90' lang='lat' dir='ltr'>quod</span> <span class='ocrx_word' id='word_1_172' title='bbox 585 2381 798 2463; x_wconf 85' lang='lat' dir='ltr'>intellegitur,</span> <span class='ocrx_word' id='word_1_173' title='bbox 813 2403 832 2445; x_wconf 90' lang='lat' dir='ltr'>a</span> <span class='ocrx_word' id='word_1_174' title='bbox 850 2381 935 2460; x_wconf 91' lang='lat' dir='ltr'>Deo,</span> <span class='ocrx_word' id='word_1_175' title='bbox 951 2382 1036 2446; x_wconf 90' lang='lat' dir='ltr'>sicut</span> <span class='ocrx_word' id='word_1_176' title='bbox 1053 2383 1197 2465; x_wconf 90' lang='lat' dir='ltr'>populus</span> <span class='ocrx_word' id='word_1_177' title='bbox 1224 2383 1445 2447; x_wconf 89' lang='lat' dir='ltr'>ludaeorum:</span> <span class='ocrx_word' id='word_1_178' title='bbox 1471 2381 1550 2465; x_wconf 87' lang='lat' dir='ltr'>quia</span> <span class='ocrx_word' id='word_1_179' title='bbox 1577 2401 1696 2445; x_wconf 87' lang='lat' dir='ltr'>omnes</span> <span class='ocrx_word' id='word_1_180' title='bbox 1719 2382 1829 2445; x_wconf 84' lang='lat' dir='ltr'>haere·</span> 
     </span>
     <span class='ocr_line' id='line_1_20' title="bbox 477 2485 1212 2569; baseline 0.003 -21"><span class='ocrx_word' id='word_1_181' title='bbox 477 2485 533 2548; x_wconf 90' lang='lat' dir='ltr'>tici</span> <span class='ocrx_word' id='word_1_182' title='bbox 550 2485 765 2548; x_wconf 88' lang='lat' dir='ltr'>consentiunt</span> <span class='ocrx_word' id='word_1_183' title='bbox 783 2485 916 2550; x_wconf 88' lang='lat' dir='ltr'>ludaeis</span> <span class='ocrx_word' id='word_1_184' title='bbox 934 2487 966 2550; x_wconf 92' lang='lat' dir='ltr'>in</span> <span class='ocrx_word' id='word_1_185' title='bbox 984 2487 1212 2569; x_wconf 90' lang='lat' dir='ltr'>blasphemiis.</span> 
     </span>
    </p>

    <p class='ocr_par' dir='ltr' id='par_1_4' title="bbox 475 2589 1878 3280">
     <span class='ocr_line' id='line_1_21' title="bbox 521 2589 1878 2672; baseline -0.001 -20"><span class='ocrx_word' id='word_1_186' title='bbox 521 2589 631 2653; x_wconf 90' lang='lat' dir='ltr'>Multa</span> <span class='ocrx_word' id='word_1_187' title='bbox 644 2599 721 2652; x_wconf 91' lang='lat' dir='ltr'>sunt</span> <span class='ocrx_word' id='word_1_188' title='bbox 738 2609 825 2672; x_wconf 90' lang='lat' dir='ltr'>quae</span> <span class='ocrx_word' id='word_1_189' title='bbox 841 2591 1004 2668; x_wconf 89' lang='lat' dir='ltr'>dicantur,</span> <span class='ocrx_word' id='word_1_190' title='bbox 1020 2592 1079 2656; x_wconf 93' lang='lat' dir='ltr'>sed</span> <span class='ocrx_word' id='word_1_191' title='bbox 1092 2592 1175 2656; x_wconf 91' lang='lat' dir='ltr'>hora</span> <span class='ocrx_word' id='word_1_192' title='bbox 1191 2591 1426 2656; x_wconf 85' lang='lat' dir='ltr'>excludimur:</span> <span class='ocrx_word' id='word_1_193' title='bbox 1444 2590 1581 2672; x_wconf 83' lang='lat' dir='ltr'>longum</span> <span class='ocrx_word' id='word_1_194' title='bbox 1599 2601 1649 2655; x_wconf 89' lang='lat' dir='ltr'>est</span> <span class='ocrx_word' id='word_1_195' title='bbox 1666 2591 1756 2655; x_wconf 90' lang='lat' dir='ltr'>enim</span> <span class='ocrx_word' id='word_1_196' title='bbox 1774 2611 1831 2672; x_wconf 86' lang='lat' dir='ltr'>per</span> <span class='ocrx_word' id='word_1_197' title='bbox 1848 2614 1878 2650; x_wconf 81' lang='lat'>20</span> 
     </span>
     <span class='ocr_line' id='line_1_22' title="bbox 476 2691 1831 2776; baseline 0.003 -23"><span class='ocrx_word' id='word_1_198' title='bbox 476 2691 608 2773; x_wconf 84' lang='lat' dir='ltr'>singula</span> <span class='ocrx_word' id='word_1_199' title='bbox 625 2711 762 2757; x_wconf 88' lang='lat' dir='ltr'>currere.</span> <span class='ocrx_word' id='word_1_200' title='bbox 781 2692 865 2775; x_wconf 88' lang='lat' dir='ltr'>Quis</span> <span class='ocrx_word' id='word_1_201' title='bbox 881 2694 969 2757; x_wconf 90' lang='lat' dir='ltr'>enim</span> <span class='ocrx_word' id='word_1_202' title='bbox 988 2695 1093 2776; x_wconf 89' lang='lat' dir='ltr'>possit</span> <span class='ocrx_word' id='word_1_203' title='bbox 1110 2694 1206 2759; x_wconf 87' lang='lat' dir='ltr'>iacile</span> <span class='ocrx_word' id='word_1_204' title='bbox 1222 2695 1332 2760; x_wconf 90' lang='lat' dir='ltr'>dicere</span> <span class='ocrx_word' id='word_1_205' title='bbox 1347 2694 1416 2758; x_wconf 89' lang='lat' dir='ltr'>Fac</span> <span class='ocrx_word' id='word_1_206' title='bbox 1430 2693 1500 2758; x_wconf 87' lang='lat' dir='ltr'>illis</span> <span class='ocrx_word' id='word_1_207' title='bbox 1524 2694 1609 2758; x_wconf 86' lang='lat' dir='ltr'>sicut</span> <span class='ocrx_word' id='word_1_208' title='bbox 1635 2695 1781 2760; x_wconf 83' lang='lat' dir='ltr'>Madian</span> <span class='ocrx_word' id='word_1_209' title='bbox 1801 2705 1831 2760; x_wconf 84' lang='lat' dir='ltr'>at</span> 
     </span>
     <span class='ocr_line' id='line_1_23' title="bbox 476 2793 1832 2882; baseline 0.004 -24"><span class='ocrx_word' id='word_1_210' title='bbox 476 2793 622 2871; x_wconf 82' lang='lat' dir='ltr'>Sisarae,</span> <span class='ocrx_word' id='word_1_211' title='bbox 633 2795 718 2858; x_wconf 87' lang='lat' dir='ltr'>sicut</span> <span class='ocrx_word' id='word_1_212' title='bbox 732 2796 829 2861; x_wconf 85' lang='lat' dir='ltr'>labin</span> <span class='ocrx_word' id='word_1_213' title='bbox 845 2797 880 2860; x_wconf 89' lang='lat' dir='ltr'>in</span> <span class='ocrx_word' id='word_1_214' title='bbox 897 2808 1037 2862; x_wconf 79' lang='lat' dir='ltr'>torrente</span> <span class='ocrx_word' id='word_1_215' title='bbox 1065 2797 1170 2864; x_wconf 86' lang='lat' dir='ltr'>Cison.</span> <span class='ocrx_word' id='word_1_216' title='bbox 1187 2799 1421 2882; x_wconf 83' lang='lat' dir='ltr'>Dispericruat</span> <span class='ocrx_word' id='word_1_217' title='bbox 1436 2798 1472 2862; x_wconf 84' lang='lat' dir='ltr'>in</span> <span class='ocrx_word' id='word_1_218' title='bbox 1499 2799 1622 2877; x_wconf 83' lang='lat' dir='ltr'>Endar,</span> <span class='ocrx_word' id='word_1_219' title='bbox 1640 2801 1731 2880; x_wconf 87' lang='lat' dir='ltr'>facti</span> <span class='ocrx_word' id='word_1_220' title='bbox 1754 2811 1832 2866; x_wconf 85' lang='lat' dir='ltr'>sunt</span> 
     </span>
     <span class='ocr_line' id='line_1_24' title="bbox 475 2898 1833 2987; baseline 0.007 -26"><span class='ocrx_word' id='word_1_221' title='bbox 475 2898 559 2962; x_wconf 88' lang='lat' dir='ltr'>sicat</span> <span class='ocrx_word' id='word_1_222' title='bbox 572 2910 693 2964; x_wconf 84' lang='lat' dir='ltr'>stercus</span> <span class='ocrx_word' id='word_1_223' title='bbox 708 2912 821 2968; x_wconf 76' lang='lat' dir='ltr'>terrae.</span> <span class='ocrx_word' id='word_1_224' title='bbox 838 2903 928 2966; x_wconf 82' lang='lat' dir='ltr'>Pone</span> <span class='ocrx_word' id='word_1_225' title='bbox 936 2903 1101 2987; x_wconf 81' lang='lat' dir='ltr'>principes</span> <span class='ocrx_word' id='word_1_226' title='bbox 1115 2925 1226 2970; x_wconf 81' lang='lat' dir='ltr'>aarum</span> <span class='ocrx_word' id='word_1_227' title='bbox 1248 2905 1333 2969; x_wconf 87' lang='lat' dir='ltr'>sicut</span> <span class='ocrx_word' id='word_1_228' title='bbox 1360 2903 1443 2969; x_wconf 78' lang='lat' dir='ltr'>Oret</span> <span class='ocrx_word' id='word_1_229' title='bbox 1467 2913 1499 2967; x_wconf 84' lang='lat' dir='ltr'>et</span> <span class='ocrx_word' id='word_1_230' title='bbox 1524 2903 1595 2967; x_wconf 85' lang='lat' dir='ltr'>Zeb</span> <span class='ocrx_word' id='word_1_231' title='bbox 1616 2914 1648 2968; x_wconf 79' lang='lat' dir='ltr'>at</span> <span class='ocrx_word' id='word_1_232' title='bbox 1676 2905 1778 2970; x_wconf 81' lang='lat' dir='ltr'>Zcbae</span> <span class='ocrx_word' id='word_1_233' title='bbox 1802 2916 1833 2969; x_wconf 82' lang='lat' dir='ltr'>et</span> 
     </span>
     <span class='ocr_line' id='line_1_25' title="bbox 477 3003 1833 3091; baseline 0.007 -26"><span class='ocrx_word' id='word_1_234' title='bbox 477 3003 640 3068; x_wconf 78' lang='lat' dir='ltr'>salmana</span> <span class='ocrx_word' id='word_1_235' title='bbox 653 3028 665 3068; x_wconf 92' lang='lat'>.·</span> <span class='ocrx_word' id='word_1_236' title='bbox 687 3027 796 3069; x_wconf 86' lang='lat' dir='ltr'>omues</span> <span class='ocrx_word' id='word_1_237' title='bbox 803 3007 968 3089; x_wconf 78' lang='lat' dir='ltr'>principes</span> <span class='ocrx_word' id='word_1_238' title='bbox 993 3029 1104 3072; x_wconf 84' lang='lat' dir='ltr'>aarum</span> <span class='ocrx_word' id='word_1_239' title='bbox 1125 3009 1186 3091; x_wconf 88' lang='lat' dir='ltr'>qui</span> <span class='ocrx_word' id='word_1_240' title='bbox 1210 3009 1373 3086; x_wconf 65' lang='lat' dir='ltr'>diuerunt,</span> <span class='ocrx_word' id='word_1_241' title='bbox 1397 3007 1592 3072; x_wconf 81' lang='lat' dir='ltr'>Hereditata</span> <span class='ocrx_word' id='word_1_242' title='bbox 1611 3009 1833 3090; x_wconf 81' lang='lat' dir='ltr'>possideamus</span> 
     </span>
     <span class='ocr_line' id='line_1_26' title="bbox 476 3104 1876 3192; baseline 0.011 -25"><span class='ocrx_word' id='word_1_243' title='bbox 476 3104 565 3168; x_wconf 84' lang='lat' dir='ltr'>nobis</span> <span class='ocrx_word' id='word_1_244' title='bbox 580 3108 806 3172; x_wconf 81' lang='lat' dir='ltr'>sanctuarium</span> <span class='ocrx_word' id='word_1_245' title='bbox 822 3109 890 3173; x_wconf 86' lang='lat' dir='ltr'>Dei</span> <span class='ocrx_word' id='word_1_246' title='bbox 898 3110 905 3135; x_wconf 86' lang='lat'><em>&#39;</em></span> <span class='ocrx_word' id='word_1_247' title='bbox 921 3116 934 3174; x_wconf 79' lang='lat' dir='ltr'>i</span> <span class='ocrx_word' id='word_1_248' title='bbox 951 3112 1158 3175; x_wconf 89' lang='lat' dir='ltr'>Putaverunt</span> <span class='ocrx_word' id='word_1_249' title='bbox 1184 3131 1221 3175; x_wconf 90' lang='lat' dir='ltr'>se</span> <span class='ocrx_word' id='word_1_250' title='bbox 1242 3112 1487 3177; x_wconf 88' lang='lat' dir='ltr'>ecclesiasticos</span> <span class='ocrx_word' id='word_1_251' title='bbox 1503 3133 1589 3192; x_wconf 78' lang='lat' dir='ltr'>esse,</span> <span class='ocrx_word' id='word_1_252' title='bbox 1602 3123 1635 3177; x_wconf 89' lang='lat' dir='ltr'>et</span> <span class='ocrx_word' id='word_1_253' title='bbox 1651 3115 1714 3178; x_wconf 92' lang='lat' dir='ltr'>sibi</span> <span class='ocrx_word' id='word_1_254' title='bbox 1731 3115 1832 3179; x_wconf 90' lang='lat' dir='ltr'>eccle·</span> <span class='ocrx_word' id='word_1_255' title='bbox 1850 3133 1876 3184; x_wconf 84' lang='lat'>²5</span> 
     </span>
     <span class='ocr_line' id='line_1_27' title="bbox 477 3211 799 3280; baseline 0.019 -8"><span class='ocrx_word' id='word_1_256' title='bbox 477 3211 559 3274; x_wconf 89' lang='lat' dir='ltr'>siam</span> <span class='ocrx_word' id='word_1_257' title='bbox 578 3211 799 3280; x_wconf 88' lang='lat' dir='ltr'>vindicantes.</span> 
     </span>
    </p>

    <p class='ocr_par' dir='ltr' id='par_1_5' title="bbox 478 3315 1834 3506">
     <span class='ocr_line' id='line_1_28' title="bbox 523 3315 1833 3404; baseline 0.006 -26"><span class='ocrx_word' id='word_1_258' title='bbox 523 3315 612 3378; x_wconf 82' lang='lat' dir='ltr'>Deus</span> <span class='ocrx_word' id='word_1_259' title='bbox 624 3338 713 3380; x_wconf 88' lang='lat' dir='ltr'>meus</span> <span class='ocrx_word' id='word_1_260' title='bbox 723 3328 805 3398; x_wconf 85' lang='lat' dir='ltr'>pone</span> <span class='ocrx_word' id='word_1_261' title='bbox 820 3319 892 3383; x_wconf 89' lang='lat' dir='ltr'>illas</span> <span class='ocrx_word' id='word_1_262' title='bbox 908 3328 945 3382; x_wconf 89' lang='lat' dir='ltr'>ut</span> <span class='ocrx_word' id='word_1_263' title='bbox 956 3330 1070 3383; x_wconf 86' lang='lat' dir='ltr'>rotam.</span> <span class='ocrx_word' id='word_1_264' title='bbox 1090 3318 1167 3385; x_wconf 92' lang='lat' dir='ltr'>Non</span> <span class='ocrx_word' id='word_1_265' title='bbox 1192 3322 1259 3385; x_wconf 90' lang='lat' dir='ltr'>sint</span> <span class='ocrx_word' id='word_1_266' title='bbox 1276 3323 1424 3399; x_wconf 87' lang='lat' dir='ltr'>stabiles,</span> <span class='ocrx_word' id='word_1_267' title='bbox 1448 3322 1507 3385; x_wconf 92' lang='lat' dir='ltr'>sed</span> <span class='ocrx_word' id='word_1_268' title='bbox 1538 3341 1672 3404; x_wconf 88' lang='lat' dir='ltr'>semper</span> <span class='ocrx_word' id='word_1_269' title='bbox 1697 3322 1833 3388; x_wconf 88' lang='lat' dir='ltr'>incerti:</span> 
     </span>
     <span class='ocr_line' id='line_1_29' title="bbox 478 3422 1834 3506; baseline 0.008 -24"><span class='ocrx_word' id='word_1_270' title='bbox 478 3430 513 3483; x_wconf 92' lang='lat' dir='ltr'>ut</span> <span class='ocrx_word' id='word_1_271' title='bbox 530 3422 643 3485; x_wconf 89' lang='lat' dir='ltr'>sedem</span> <span class='ocrx_word' id='word_1_272' title='bbox 659 3441 723 3484; x_wconf 90' lang='lat' dir='ltr'>non</span> <span class='ocrx_word' id='word_1_273' title='bbox 739 3422 894 3499; x_wconf 87' lang='lat' dir='ltr'>habeant,</span> <span class='ocrx_word' id='word_1_274' title='bbox 911 3439 944 3487; x_wconf 91' lang='lat' dir='ltr'>et</span> <span class='ocrx_word' id='word_1_275' title='bbox 960 3443 1093 3506; x_wconf 90' lang='lat' dir='ltr'>semper</span> <span class='ocrx_word' id='word_1_276' title='bbox 1109 3427 1287 3490; x_wconf 91' lang='lat' dir='ltr'>volvantur</span> <span class='ocrx_word' id='word_1_277' title='bbox 1313 3428 1498 3494; x_wconf 87' lang='lat' dir='ltr'>instabiles.</span> <span class='ocrx_word' id='word_1_278' title='bbox 1523 3425 1618 3492; x_wconf 90' lang='lat' dir='ltr'>Sicut</span> <span class='ocrx_word' id='word_1_279' title='bbox 1646 3429 1735 3492; x_wconf 90' lang='lat' dir='ltr'>enim</span> <span class='ocrx_word' id='word_1_280' title='bbox 1764 3438 1834 3493; x_wconf 88' lang='lat' dir='ltr'>rota</span> 
     </span>
    </p>
   </div>
   <div class='ocr_carea' id='block_1_3' title="bbox 476 3615 1838 4272">
    <p class='ocr_par' dir='ltr' id='par_1_6' title="bbox 476 3615 1838 4272">
     <span class='ocr_line' id='line_1_30' title="bbox 513 3615 1834 3696; baseline 0.011 -30"><span class='ocrx_word' id='word_1_281' title='bbox 513 3629 523 3666; x_wconf 85' lang='lat' dir='ltr'>t</span> <span class='ocrx_word' id='word_1_282' title='bbox 542 3615 647 3678; x_wconf 84' lang='lat' dir='ltr'>aureus]</span> <span class='ocrx_word' id='word_1_283' title='bbox 664 3617 700 3678; x_wconf 85' lang='lat' dir='ltr'>L;</span> <span class='ocrx_word' id='word_1_284' title='bbox 718 3635 768 3669; x_wconf 87' lang='lat' dir='ltr'>om.</span> <span class='ocrx_word' id='word_1_285' title='bbox 790 3622 846 3671; x_wconf 88' lang='lat' dir='ltr'>OV.</span> <span class='ocrx_word' id='word_1_286' title='bbox 949 3636 963 3686; x_wconf 85' lang='lat'>3</span> <span class='ocrx_word' id='word_1_287' title='bbox 981 3626 1060 3688; x_wconf 83' lang='lat' dir='ltr'>enim]</span> <span class='ocrx_word' id='word_1_288' title='bbox 1073 3641 1123 3675; x_wconf 92' lang='lat' dir='ltr'>non</span> <span class='ocrx_word' id='word_1_289' title='bbox 1141 3634 1221 3690; x_wconf 75' lang='lat' dir='ltr'>tepet.</span> <span class='ocrx_word' id='word_1_290' title='bbox 1243 3625 1272 3677; x_wconf 94' lang='lat' dir='ltr'>L.</span> <span class='ocrx_word' id='word_1_291' title='bbox 1373 3642 1390 3689; x_wconf 86' lang='lat'><strong>4</strong></span> <span class='ocrx_word' id='word_1_292' title='bbox 1406 3628 1507 3691; x_wconf 77' lang='lat' dir='ltr'>habant]</span> <span class='ocrx_word' id='word_1_293' title='bbox 1522 3628 1546 3678; x_wconf 96' lang='grc' dir='ltr'>Ο</span> <span class='ocrx_word' id='word_1_294' title='bbox 1564 3627 1590 3678; x_wconf 90' lang='lat' dir='ltr'>in</span> <span class='ocrx_word' id='word_1_295' title='bbox 1608 3645 1688 3694; x_wconf 80' lang='lat' dir='ltr'>marg.</span> <span class='ocrx_word' id='word_1_296' title='bbox 1708 3639 1834 3696; x_wconf 82' lang='lat' dir='ltr'>expuncto</span> 
     </span>
     <span class='ocr_line' id='line_1_31' title="bbox 476 3699 1833 3773; baseline 0.011 -27"><span class='ocrx_word' id='word_1_297' title='bbox 476 3699 568 3761; x_wconf 80' lang='lat' dir='ltr'>iibens,</span> <span class='ocrx_word' id='word_1_298' title='bbox 582 3701 649 3764; x_wconf 91' lang='lat' dir='ltr'>quod</span> <span class='ocrx_word' id='word_1_299' title='bbox 663 3701 731 3764; x_wconf 82' lang='lat' dir='ltr'>ptius</span> <span class='ocrx_word' id='word_1_300' title='bbox 744 3703 864 3768; x_wconf 85' lang='lat' dir='ltr'>scriptum</span> <span class='ocrx_word' id='word_1_301' title='bbox 877 3713 940 3756; x_wconf 86' lang='lat' dir='ltr'>erat.</span> <span class='ocrx_word' id='word_1_302' title='bbox 1042 3706 1058 3756; x_wconf 87' lang='lat'><strong>8</strong></span> <span class='ocrx_word' id='word_1_303' title='bbox 1069 3708 1135 3756; x_wconf 87' lang='lat' dir='ltr'>sicut</span> <span class='ocrx_word' id='word_1_304' title='bbox 1145 3705 1178 3768; x_wconf 85' lang='lat' dir='ltr'>et]</span> <span class='ocrx_word' id='word_1_305' title='bbox 1190 3709 1211 3757; x_wconf 94' lang='lat' dir='ltr'>L</span> <span class='ocrx_word' id='word_1_306' title='bbox 1223 3725 1274 3759; x_wconf 90' lang='lat' dir='ltr'>om.</span> <span class='ocrx_word' id='word_1_307' title='bbox 1288 3717 1320 3759; x_wconf 81' lang='lat' dir='ltr'>et.</span> <span class='ocrx_word' id='word_1_308' title='bbox 1422 3712 1484 3773; x_wconf 84' lang='lat' dir='ltr'>9ad</span> <span class='ocrx_word' id='word_1_309' title='bbox 1495 3709 1650 3772; x_wconf 70' lang='lat' dir='ltr'>Corinthios]</span> <span class='ocrx_word' id='word_1_310' title='bbox 1662 3713 1684 3762; x_wconf 93' lang='lat' dir='ltr'>L</span> <span class='ocrx_word' id='word_1_311' title='bbox 1695 3713 1755 3764; x_wconf 78' lang='lat' dir='ltr'>add.</span> <span class='ocrx_word' id='word_1_312' title='bbox 1765 3713 1833 3764; x_wconf 80' lang='lat' dir='ltr'>dicit.</span> 
     </span>
     <span class='ocr_line' id='line_1_32' title="bbox 477 3780 1838 3862; baseline 0.013 -33"><span class='ocrx_word' id='word_1_313' title='bbox 477 3780 665 3846; x_wconf 71' lang='lat' dir='ltr'>angustamini]</span> <span class='ocrx_word' id='word_1_314' title='bbox 679 3784 713 3842; x_wconf 80' lang='lat'>1.;</span> <span class='ocrx_word' id='word_1_315' title='bbox 725 3787 917 3848; x_wconf 81' lang='lat' dir='ltr'>augustiamini</span> <span class='ocrx_word' id='word_1_316' title='bbox 927 3789 1015 3839; x_wconf 88' lang='lat' dir='ltr'>ceteri.</span> <span class='ocrx_word' id='word_1_317' title='bbox 1120 3803 1145 3840; x_wconf 82' lang='grc' dir='ltr'>ιι</span> <span class='ocrx_word' id='word_1_318' title='bbox 1159 3787 1205 3850; x_wconf 87' lang='lat' dir='ltr'>eis]</span> <span class='ocrx_word' id='word_1_319' title='bbox 1217 3792 1259 3850; x_wconf 88' lang='lat' dir='ltr'>M;</span> <span class='ocrx_word' id='word_1_320' title='bbox 1270 3792 1326 3842; x_wconf 87' lang='lat' dir='ltr'>illis</span> <span class='ocrx_word' id='word_1_321' title='bbox 1337 3792 1418 3844; x_wconf 89' lang='lat' dir='ltr'>LOV.</span> <span class='ocrx_word' id='word_1_322' title='bbox 1522 3806 1550 3842; x_wconf 83' lang='lat'>12</span> <span class='ocrx_word' id='word_1_323' title='bbox 1567 3795 1615 3859; x_wconf 73' lang='lat' dir='ltr'>qui</span> <span class='ocrx_word' id='word_1_324' title='bbox 1629 3791 1674 3854; x_wconf 85' lang='lat' dir='ltr'>sit]</span> <span class='ocrx_word' id='word_1_325' title='bbox 1692 3795 1759 3855; x_wconf 76' lang='lat' dir='ltr'>LM;</span> <span class='ocrx_word' id='word_1_326' title='bbox 1774 3797 1838 3862; x_wconf 82' lang='lat' dir='ltr'>quid</span> 
     </span>
     <span class='ocr_line' id='line_1_33' title="bbox 477 3863 1832 3935; baseline 0.013 -24"><span class='ocrx_word' id='word_1_327' title='bbox 477 3864 512 3911; x_wconf 91' lang='lat' dir='ltr'>sit</span> <span class='ocrx_word' id='word_1_328' title='bbox 528 3863 585 3914; x_wconf 89' lang='lat' dir='ltr'>OV.</span> <span class='ocrx_word' id='word_1_329' title='bbox 686 3867 759 3930; x_wconf 84' lang='lat' dir='ltr'>quia]</span> <span class='ocrx_word' id='word_1_330' title='bbox 775 3882 827 3919; x_wconf 88' lang='lat' dir='ltr'>om.</span> <span class='ocrx_word' id='word_1_331' title='bbox 848 3867 877 3917; x_wconf 87' lang='lat' dir='ltr'>L.</span> <span class='ocrx_word' id='word_1_332' title='bbox 983 3881 1011 3932; x_wconf 82' lang='lat'>13</span> <span class='ocrx_word' id='word_1_333' title='bbox 1028 3877 1066 3919; x_wconf 82' lang='lat' dir='ltr'>est</span> <span class='ocrx_word' id='word_1_334' title='bbox 1080 3867 1113 3928; x_wconf 88' lang='lat' dir='ltr'>et]</span> <span class='ocrx_word' id='word_1_335' title='bbox 1133 3872 1198 3929; x_wconf 89' lang='lat' dir='ltr'>LM;</span> <span class='ocrx_word' id='word_1_336' title='bbox 1216 3872 1264 3923; x_wconf 91' lang='lat' dir='ltr'>OV</span> <span class='ocrx_word' id='word_1_337' title='bbox 1282 3889 1332 3923; x_wconf 92' lang='lat' dir='ltr'>om.</span> <span class='ocrx_word' id='word_1_338' title='bbox 1352 3881 1383 3924; x_wconf 83' lang='lat' dir='ltr'>et.</span> <span class='ocrx_word' id='word_1_339' title='bbox 1487 3888 1517 3935; x_wconf 91' lang='lat'>14</span> <span class='ocrx_word' id='word_1_340' title='bbox 1527 3871 1785 3934; x_wconf 69' lang='lat' dir='ltr'>destruaslatntma</span> <span class='ocrx_word' id='word_1_341' title='bbox 1798 3879 1832 3928; x_wconf 82' lang='lat' dir='ltr'>M.</span> 
     </span>
     <span class='ocr_line' id='line_1_34' title="bbox 476 3944 1834 4018; baseline 0.011 -23"><span class='ocrx_word' id='word_1_342' title='bbox 476 3944 637 4011; x_wconf 75' lang='lat' dir='ltr'>defensorem]</span> <span class='ocrx_word' id='word_1_343' title='bbox 650 3950 677 3996; x_wconf 90' lang='lat' dir='ltr'>M</span> <span class='ocrx_word' id='word_1_344' title='bbox 691 3964 748 3998; x_wconf 79' lang='lat' dir='ltr'>cusu</span> <span class='ocrx_word' id='word_1_345' title='bbox 761 3950 836 3998; x_wconf 91' lang='lat' dir='ltr'>Rom.</span> <span class='ocrx_word' id='word_1_346' title='bbox 853 3949 935 4008; x_wconf 74' lang='lat' dir='ltr'>Psalt3</span> <span class='ocrx_word' id='word_1_347' title='bbox 954 3952 1060 4000; x_wconf 85' lang='lat' dir='ltr'>ultorem</span> <span class='ocrx_word' id='word_1_348' title='bbox 1076 3953 1163 4002; x_wconf 87' lang='lat' dir='ltr'>ceteri.</span> <span class='ocrx_word' id='word_1_349' title='bbox 1268 3963 1296 4017; x_wconf 83' lang='grc'>15</span> <span class='ocrx_word' id='word_1_350' title='bbox 1316 3948 1406 4011; x_wconf 86' lang='lat' dir='ltr'>simul]</span> <span class='ocrx_word' id='word_1_351' title='bbox 1425 3956 1448 4005; x_wconf 92' lang='lat' dir='ltr'>L</span> <span class='ocrx_word' id='word_1_352' title='bbox 1467 3956 1559 4007; x_wconf 83' lang='lat' dir='ltr'>iterum</span> <span class='ocrx_word' id='word_1_353' title='bbox 1577 3973 1634 4008; x_wconf 88' lang='lat' dir='ltr'>cum</span> <span class='ocrx_word' id='word_1_354' title='bbox 1656 3959 1732 4010; x_wconf 88' lang='lat' dir='ltr'>Rom.</span> <span class='ocrx_word' id='word_1_355' title='bbox 1754 3961 1834 4018; x_wconf 74' lang='lat' dir='ltr'>Psalt3</span> 
     </span>
     <span class='ocr_line' id='line_1_35' title="bbox 477 4029 1832 4102; baseline 0.01 -25"><span class='ocrx_word' id='word_1_356' title='bbox 477 4045 529 4079; x_wconf 88' lang='lat' dir='ltr'>om.</span> <span class='ocrx_word' id='word_1_357' title='bbox 544 4029 631 4079; x_wconf 91' lang='lat' dir='ltr'>MOV.</span> <span class='ocrx_word' id='word_1_358' title='bbox 731 4047 787 4080; x_wconf 86' lang='lat' dir='ltr'>cum</span> <span class='ocrx_word' id='word_1_359' title='bbox 804 4033 851 4094; x_wconf 86' lang='lat' dir='ltr'>eis]</span> <span class='ocrx_word' id='word_1_360' title='bbox 867 4047 964 4083; x_wconf 87' lang='lat' dir='ltr'>omues.</span> <span class='ocrx_word' id='word_1_361' title='bbox 1070 4034 1099 4083; x_wconf 87' lang='lat'>16</span> <span class='ocrx_word' id='word_1_362' title='bbox 1116 4031 1217 4092; x_wconf 78' lang='lat' dir='ltr'>habent]</span> <span class='ocrx_word' id='word_1_363' title='bbox 1233 4035 1283 4086; x_wconf 93' lang='lat' dir='ltr'>OV</span> <span class='ocrx_word' id='word_1_364' title='bbox 1301 4035 1376 4088; x_wconf 85' lang='lat' dir='ltr'>inser.</span> <span class='ocrx_word' id='word_1_365' title='bbox 1395 4045 1427 4087; x_wconf 81' lang='lat' dir='ltr'>et.</span> <span class='ocrx_word' id='word_1_366' title='bbox 1529 4036 1622 4100; x_wconf 86' lang='lat' dir='ltr'>iustus]</span> <span class='ocrx_word' id='word_1_367' title='bbox 1635 4040 1701 4102; x_wconf 86' lang='lat' dir='ltr'>LM;</span> <span class='ocrx_word' id='word_1_368' title='bbox 1713 4057 1763 4092; x_wconf 88' lang='lat' dir='ltr'>om.</span> <span class='ocrx_word' id='word_1_369' title='bbox 1776 4042 1832 4093; x_wconf 89' lang='lat' dir='ltr'>OV.</span> 
     </span>
     <span class='ocr_line' id='line_1_36' title="bbox 478 4109 1834 4184; baseline 0.013 -25"><span class='ocrx_word' id='word_1_370' title='bbox 478 4124 510 4160; x_wconf 88' lang='lat'>20</span> <span class='ocrx_word' id='word_1_371' title='bbox 520 4109 690 4170; x_wconf 80' lang='lat' dir='ltr'>excludimur]</span> <span class='ocrx_word' id='word_1_372' title='bbox 700 4114 848 4163; x_wconf 82' lang='lat' dir='ltr'>excluditur</span> <span class='ocrx_word' id='word_1_373' title='bbox 860 4115 887 4164; x_wconf 89' lang='lat' dir='ltr'>M</span> <span class='ocrx_word' id='word_1_374' title='bbox 901 4123 1029 4181; x_wconf 85' lang='lat' dir='ltr'>corrupte.</span> <span class='ocrx_word' id='word_1_375' title='bbox 1120 4129 1152 4180; x_wconf 82' lang='lat'>23</span> <span class='ocrx_word' id='word_1_376' title='bbox 1168 4114 1274 4176; x_wconf 77' lang='lat' dir='ltr'>Orabat]</span> <span class='ocrx_word' id='word_1_377' title='bbox 1287 4119 1309 4168; x_wconf 90' lang='lat' dir='ltr'>L</span> <span class='ocrx_word' id='word_1_378' title='bbox 1320 4135 1370 4170; x_wconf 91' lang='lat' dir='ltr'>om.</span> <span class='ocrx_word' id='word_1_379' title='bbox 1384 4127 1416 4172; x_wconf 82' lang='lat' dir='ltr'>et.</span> <span class='ocrx_word' id='word_1_380' title='bbox 1511 4133 1543 4184; x_wconf 86' lang='lat'>24</span> <span class='ocrx_word' id='word_1_381' title='bbox 1554 4122 1689 4183; x_wconf 72' lang='lat' dir='ltr'>Salmatia]</span> <span class='ocrx_word' id='word_1_382' title='bbox 1701 4125 1834 4176; x_wconf 75' lang='lat' dir='ltr'>Psalmaaa</span> 
     </span>
     <span class='ocr_line' id='line_1_37' title="bbox 480 4194 1775 4272; baseline 0.012 -30"><span class='ocrx_word' id='word_1_383' title='bbox 480 4194 509 4244; x_wconf 91' lang='lat' dir='ltr'>L.</span> <span class='ocrx_word' id='word_1_384' title='bbox 610 4206 641 4259; x_wconf 83' lang='lat'>25</span> <span class='ocrx_word' id='word_1_385' title='bbox 654 4211 691 4262; x_wconf 90' lang='lat' dir='ltr'>sq.</span> <span class='ocrx_word' id='word_1_386' title='bbox 708 4197 899 4248; x_wconf 82' lang='lat' dir='ltr'>Putaverunt...</span> <span class='ocrx_word' id='word_1_387' title='bbox 914 4197 1081 4258; x_wconf 85' lang='lat' dir='ltr'>vindicantes]</span> <span class='ocrx_word' id='word_1_388' title='bbox 1094 4200 1160 4260; x_wconf 84' lang='lat' dir='ltr'>LM;</span> <span class='ocrx_word' id='word_1_389' title='bbox 1173 4217 1223 4252; x_wconf 87' lang='lat' dir='ltr'>om.</span> <span class='ocrx_word' id='word_1_390' title='bbox 1238 4201 1295 4252; x_wconf 91' lang='lat' dir='ltr'>OV.</span> <span class='ocrx_word' id='word_1_391' title='bbox 1398 4213 1427 4267; x_wconf 83' lang='lat'>²7</span> <span class='ocrx_word' id='word_1_392' title='bbox 1441 4204 1500 4254; x_wconf 82' lang='lat' dir='ltr'>Nau</span> <span class='ocrx_word' id='word_1_393' title='bbox 1511 4207 1574 4272; x_wconf 80' lang='lat' dir='ltr'>siat]</span> <span class='ocrx_word' id='word_1_394' title='bbox 1584 4220 1636 4254; x_wconf 80' lang='lat' dir='ltr'>nau</span> <span class='ocrx_word' id='word_1_395' title='bbox 1647 4213 1709 4256; x_wconf 81' lang='lat' dir='ltr'>tunt</span> <span class='ocrx_word' id='word_1_396' title='bbox 1719 4206 1775 4257; x_wconf 89' lang='lat' dir='ltr'>OV.</span> 
     </span>
    </p>
   </div>
   <div class='ocr_carea' id='block_1_4' title="bbox 479 4359 1834 4698">
    <p class='ocr_par' dir='ltr' id='par_1_7' title="bbox 522 4359 1833 4454">
     <span class='ocr_line' id='line_1_38' title="bbox 522 4359 1833 4454; baseline 0.015 -36"><span class='ocrx_word' id='word_1_397' title='bbox 522 4380 567 4420; x_wconf 88' lang='lat'>10.</span> <span class='ocrx_word' id='word_1_398' title='bbox 584 4359 699 4444; x_wconf 80' lang='lat' dir='ltr'>uestris]</span> <span class='ocrx_word' id='word_1_399' title='bbox 718 4385 733 4423; x_wconf 87' lang='grc'><strong>2</strong></span> <span class='ocrx_word' id='word_1_400' title='bbox 750 4367 819 4426; x_wconf 87' lang='lat' dir='ltr'>Cor.</span> <span class='ocrx_word' id='word_1_401' title='bbox 837 4371 864 4439; x_wconf 91' lang='lat'>6,</span> <span class='ocrx_word' id='word_1_402' title='bbox 885 4387 930 4428; x_wconf 82' lang='lat'>12.</span> <span class='ocrx_word' id='word_1_403' title='bbox 1182 4391 1348 4448; x_wconf 84' lang='lat' dir='ltr'>pronomen</span> <span class='ocrx_word' id='word_1_404' title='bbox 1380 4374 1459 4434; x_wconf 86' lang='lat' dir='ltr'>nobis</span> <span class='ocrx_word' id='word_1_405' title='bbox 1472 4377 1655 4452; x_wconf 85' lang='lat' dir='ltr'>superfluum</span> <span class='ocrx_word' id='word_1_406' title='bbox 1686 4395 1752 4438; x_wconf 86' lang='lat' dir='ltr'>esse</span> <span class='ocrx_word' id='word_1_407' title='bbox 1774 4397 1833 4454; x_wconf 81' lang='lat' dir='ltr'>pro·</span> 
     </span>
    </p>

    <p class='ocr_par' dir='ltr' id='par_1_8' title="bbox 479 4442 1834 4698">
     <span class='ocr_line' id='line_1_39' title="bbox 523 4442 1834 4532; baseline 0.014 -32"><span class='ocrx_word' id='word_1_408' title='bbox 523 4462 565 4516; x_wconf 88' lang='lat'>14.</span> <span class='ocrx_word' id='word_1_409' title='bbox 583 4442 769 4526; x_wconf 81' lang='lat' dir='ltr'>defensorem]</span> <span class='ocrx_word' id='word_1_410' title='bbox 783 4450 830 4508; x_wconf 91' lang='lat' dir='ltr'>Ps.</span> <span class='ocrx_word' id='word_1_411' title='bbox 848 4453 875 4520; x_wconf 91' lang='lat'>8,</span> <span class='ocrx_word' id='word_1_412' title='bbox 893 4469 919 4526; x_wconf 88' lang='lat'>3.</span> <span class='ocrx_word' id='word_1_413' title='bbox 1184 4453 1341 4514; x_wconf 87' lang='lat' dir='ltr'>nuntiabat</span> <span class='ocrx_word' id='word_1_414' title='bbox 1355 4479 1362 4516; x_wconf 91' lang='lat'>:</span> <span class='ocrx_word' id='word_1_415' title='bbox 1376 4457 1459 4532; x_wconf 89' lang='lat' dir='ltr'>quod</span> <span class='ocrx_word' id='word_1_416' title='bbox 1474 4455 1589 4517; x_wconf 85' lang='lat' dir='ltr'>idcirco</span> <span class='ocrx_word' id='word_1_417' title='bbox 1614 4457 1643 4516; x_wconf 90' lang='lat' dir='ltr'>in</span> <span class='ocrx_word' id='word_1_418' title='bbox 1661 4459 1751 4520; x_wconf 89' lang='lat' dir='ltr'>Psalt.</span> <span class='ocrx_word' id='word_1_419' title='bbox 1769 4461 1834 4521; x_wconf 84' lang='lat' dir='ltr'>Gal-</span> 
     </span>
     <span class='ocr_line' id='line_1_40' title="bbox 480 4525 1832 4616; baseline 0.013 -35"><span class='ocrx_word' id='word_1_420' title='bbox 480 4605 486 4616; x_wconf 40' lang='lat'><strong>·</strong></span> <span class='ocrx_word' id='word_1_421' title='bbox 521 4543 567 4595; x_wconf 88' lang='lat'>24.</span> <span class='ocrx_word' id='word_1_422' title='bbox 576 4525 879 4616; x_wconf 83' lang='lat' dir='ltr'>possideamnsnabis]</span> <span class='ocrx_word' id='word_1_423' title='bbox 890 4530 1130 4610; x_wconf 87' lang='lat' dir='ltr'>Annocirc.4o3,</span> <span class='ocrx_word' id='word_1_424' title='bbox 1183 4535 1284 4597; x_wconf 86' lang='lat' dir='ltr'>licano</span> <span class='ocrx_word' id='word_1_425' title='bbox 1298 4537 1337 4596; x_wconf 86' lang='lat' dir='ltr'>ab</span> <span class='ocrx_word' id='word_1_426' title='bbox 1362 4557 1399 4597; x_wconf 90' lang='lat' dir='ltr'>eo</span> <span class='ocrx_word' id='word_1_427' title='bbox 1428 4551 1612 4614; x_wconf 86' lang='lat' dir='ltr'>expunctum</span> <span class='ocrx_word' id='word_1_428' title='bbox 1642 4553 1697 4614; x_wconf 83' lang='lat' dir='ltr'>est,</span> <span class='ocrx_word' id='word_1_429' title='bbox 1723 4541 1779 4602; x_wconf 89' lang='lat' dir='ltr'>sed</span> <span class='ocrx_word' id='word_1_430' title='bbox 1804 4542 1832 4600; x_wconf 89' lang='lat' dir='ltr'>in</span> 
     </span>
     <span class='ocr_line' id='line_1_41' title="bbox 479 4609 1620 4698; baseline 0.016 -35"><span class='ocrx_word' id='word_1_431' title='bbox 479 4623 508 4663; x_wconf 82' lang='lat' dir='ltr'>tn</span> <span class='ocrx_word' id='word_1_432' title='bbox 535 4609 664 4683; x_wconf 78' lang='lat' dir='ltr'>epistula</span> <span class='ocrx_word' id='word_1_433' title='bbox 688 4610 770 4682; x_wconf 89' lang='lat' dir='ltr'>CVI,</span> <span class='ocrx_word' id='word_1_434' title='bbox 798 4631 825 4670; x_wconf 88' lang='lat' dir='ltr'>n.</span> <span class='ocrx_word' id='word_1_435' title='bbox 851 4631 898 4689; x_wconf 82' lang='lat'>53,</span> <span class='ocrx_word' id='word_1_436' title='bbox 928 4613 1133 4693; x_wconf 88' lang='lat' dir='ltr'>Hieronymus</span> <span class='ocrx_word' id='word_1_437' title='bbox 1186 4616 1329 4678; x_wconf 88' lang='lat' dir='ltr'>Romano</span> <span class='ocrx_word' id='word_1_438' title='bbox 1340 4619 1442 4678; x_wconf 89' lang='lat' dir='ltr'>adhuc</span> <span class='ocrx_word' id='word_1_439' title='bbox 1456 4633 1620 4698; x_wconf 86' lang='lat' dir='ltr'>comparet.</span> 
     </span>
    </p>
   </div>
   <div class='ocr_carea' id='block_1_5' title="bbox 0 0 2034 5498">
    <p class='ocr_par' dir='ltr' id='par_1_9' title="bbox 0 0 2034 5498">
     <span class='ocr_line' id='line_1_42' title="bbox 0 0 2034 5498; baseline 0 0"><span class='ocrx_word' id='word_1_440' title='bbox 0 0 2034 5498; x_wconf 95' lang='lat' dir='ltr'> </span> 
     </span>
    </p>
   </div>
  </div>
 </body>
</html>
