4154 5494
453 424 529 506 192
833 423 862 483 s.
888 402 1140 483 urenouvn'r
1164 421 1427 483 Pressuram

444 641 611 726 dringenti
627 641 706 705 anni
722 650 808 706 sunt.
826 639 892 706 Sed
909 649 989 705 tunc
1004 639 1226 723 dereliquistis
1249 639 1443 716 Dominum,
1458 649 1491 704 et
1514 638 1604 704 idola
1619 637 1801 704 colebatis:

445 765 532 812 nunc
549 756 659 811 autern
685 745 870 810 Dominum
892 742 1102 808 crucifixistis
1123 753 1157 809 et
1179 744 1396 809 interfecistis.
1420 745 1465 809 Et
1484 745 1559 810 ideo
1582 763 1648 808 non
1669 743 1731 808 erit
1754 743 1802 807 eis

446 852 586 916 adiutor.

489 956 531 1020 ln
541 953 750 1038 generatione
772 973 838 1017 nno
861 953 1009 1017 deleatur
1027 973 1138 1016 nomen
1161 953 1238 1018 eins.
1260 953 1292 1019 O
1308 953 1492 1037 prophetia,
1514 972 1537 1017 o
1557 961 1800 1017 sacramentum

447 1059 661 1144 prophetiae!
689 1059 726 1122 lo
752 1059 966 1140 generatione
992 1077 1058 1121 una
1073 1057 1223 1124 deleatur
1249 1078 1371 1122 nomen
1396 1059 1474 1122 eius.
1503 1059 1582 1122 Post
1612 1057 1801 1141 passionem
1839 1075 1853 1128 s

448 1165 585 1230 Domini
616 1163 837 1247 quadraginta
859 1164 928 1226 duo
951 1164 1029 1226 anni
1051 1163 1260 1241 transierunt,
1287 1171 1320 1227 et
1346 1161 1489 1247 populus
1513 1162 1566 1225 ille
1586 1160 1717 1226 deletus
1743 1169 1803 1225 est.

447 1268 619 1354 Siquidem
638 1267 783 1352 perlecta
799 1278 891 1331 aetas
911 1268 1168 1350 quadragesimo
1188 1287 1278 1330 anno
1301 1268 1400 1331 venit.
1421 1266 1501 1330 Post
1518 1267 1706 1348 passionem
1723 1285 1804 1348 ergo

448 1372 583 1437 Domini
600 1371 1014 1455 quadragesimosecundo
1030 1390 1119 1433 auno
1134 1369 1244 1434 deleta
1259 1381 1309 1434 est
1324 1368 1568 1452 Hierusolyma.
1586 1369 1709 1434 Videte
1725 1389 1804 1451 ergo

447 1476 604 1559 quoniam
631 1475 664 1537 in
689 1474 903 1557 generatione
930 1493 996 1537 una
1020 1474 1168 1538 deletum
1193 1483 1244 1539 est
1259 1494 1381 1539 nomen
1406 1475 1485 1539 eius.
1517 1473 1584 1540 Sed
1610 1483 1645 1538 et
1675 1475 1708 1537 in
1741 1473 1804 1536 hoc

447 1579 624 1646 clementia
648 1592 698 1643 est
722 1578 868 1642 Domini.
894 1576 1138 1644 Crucifixerunt
1165 1598 1251 1658 eum,
1275 1590 1307 1643 et
1335 1579 1557 1662 quadraginta
1586 1577 1672 1642 duos
1698 1575 1809 1641 annos‘
1825 1595 1857 1634 ro

446 1685 539 1749 dedit
555 1683 602 1749 eis
617 1683 660 1748 ad
684 1683 933 1765 paenitentiam.
956 1683 1031 1766 Ego
1050 1683 1244 1766 simpliciter
1257 1685 1348 1749 dico:
1369 1694 1544 1768 propterea
1561 1681 1724 1746 interiecit
1746 1702 1804 1746 eos

446 1801 521 1873 post
544 1787 766 1871 quadraginta
788 1785 873 1849 duos
889 1806 1003 1861 annos,
1027 1786 1105 1869 quia
1121 1808 1165 1851 ex
1189 1786 1325 1871 illisqui
1345 1785 1580 1852 crucifixerunt
1610 1785 1804 1864 Dominum,

447 1913 545 1957 nemo
562 1901 764 1956 remanserat
780 1910 823 1954 ex
841 1891 895 1954 eis.
915 1890 1015 1955 ludas
1033 1891 1249 1969 maledicitur,
1264 1902 1301 1956 ut
1317 1892 1350 1956 in
1369 1891 1453 1956 luda
1471 1890 1585 1955 ludaei
1603 1891 1802 1955 maledioan-

446 2007 508 2062 tur.

488 2100 530 2164 In
562 2097 750 2162 memoriam
781 2097 890 2162 redeat
927 2096 1087 2180 iniquitas
1109 2107 1246 2179 potrum
1281 2097 1352 2162 eius
1390 2100 1424 2164 in
1460 2110 1620 2183 conspectu
1656 2099 1803 2164 Domini.
1824 2117 1854 2171 ις

450 2203 672 2267 Peccaverunt
689 2201 722 2265 in
743 2201 884 2279 deserto,
900 2202 1026 2266 dimisit
1042 2201 1104 2266 eis:
1126 2222 1213 2266 nunc
1230 2212 1360 2286 reputat
1388 2203 1452 2267 illis
1472 2206 1561 2287 quod
1584 2215 1664 2270 tunc
1688 2225 1802 2288 peeca-

447 2316 574 2384 verunt,
597 2307 756 2389 quoniam
777 2305 961 2369 Dominum
984 2304 1227 2370 crucifixerunt.
1250 2305 1328 2372 Sive
1352 2306 1447 2372 aliter
1472 2297 1735 2392 interpretemur.
1758 2309 1802 2372 Et

446 2420 578 2494 reputat
590 2409 655 2474 illis
667 2408 896 2474 crudelitatem
910 2408 1165 2473 homicidiorum
1176 2431 1300 2488 eorum,
1316 2420 1351 2476 et
1366 2410 1446 2475 nihil
1457 2411 1663 2476 eisdimittit.
1679 2409 1802 2491 Etpec·

443 2525 552 2578 cotum
567 2514 686 2579 matris
699 2514 769 2578 eins
785 2534 847 2576 non
862 2513 1015 2576 deleatur.
1032 2512 1127 2596 Quae
1143 2525 1193 2579 est
1210 2529 1316 2579 mater
1337 2515 1463 2580 Iudae?
1481 2514 1701 2592 Hierusalem,
1716 2533 1802 2599 quae

445 2621 478 2683 in
494 2619 656 2701 sanguine
672 2619 805 2701 gaudet,
821 2637 908 2700 quae
922 2619 1045 2682 occidit
1061 2619 1241 2701 prophetas
1257 2629 1290 2684 et
1312 2619 1420 2702 ipsum
1439 2619 1623 2683 Dominum
1640 2639 1746 2685 suum.
1819 2641 1854 2679 ιο

487 2723 557 2786 Pro
580 2743 614 2786 eo
637 2723 724 2806 quod
745 2731 877 2786 nonest
900 2723 1085 2786 recordatus
1096 2724 1210 2804 socero
1235 2724 1499 2788 misericordiam.
1527 2723 1651 2790 Videte
1675 2734 1801 2808 quanta

444 2825 621 2892 clementia
638 2827 776 2891 Domini
800 2837 858 2890 est
879 2825 981 2890 Videt
1004 2847 1081 2891 eum
1105 2846 1180 2892 cum
1203 2828 1363 2894 ministris
1391 2829 1589 2906 venientem,
1612 2829 1703 2894 videt
1723 2847 1799 2894 eum

443 2931 630 2996 venientem
647 2950 722 2996 curn
740 2929 890 3008 fustibus,
905 2939 939 2995 et
955 2930 1092 3014 porrigit
1109 2932 1154 2995 illi
1171 2931 1330 2997 osculum.
1349 2933 1409 2998 llle
1421 2934 1512 2998 venit
1522 2933 1564 2998 ad
1581 2933 1801 3017 prodendum,

442 3043 474 3097 et
499 3034 665 3098 Dominus
688 3033 838 3099 osculum
862 3035 921 3098 dat
929 3056 937 3114 ;
955 3044 991 3100 ut
1014 3035 1070 3118 qui
1095 3037 1381 3119 magistrum-non
1405 3037 1526 3116 timuit,
1549 3036 1600 3101 vel
1624 3036 1801 3102 clementia

442 3139 602 3205 vincatur.
847 3186 852 3194 .
1819 3174 1850 3227 25

485 3243 726 3326 Etpersecntus
740 3254 788 3308 est
801 3243 962 3308 hominem
986 3244 1108 3328 inopem
1128 3256 1159 3309 et
1179 3247 1369 3313 mendicum.
1385 3246 1472 3330 ‘Qui
1494 3267 1569 3312 cum
1592 3258 1679 3312 esset
1699 3247 1802 3324 dives,

444 3357 579 3431 propter
591 3367 652 3411 nos
668 3348 912 3431 paupersactus
928 3349 1003 3414 cst.'
1022 3351 1188 3414 Dominus
1199 3351 1332 3434 inopem
1349 3351 1479 3415 sedicit
1493 3362 1526 3416 et
1544 3351 1752 3415 mendicum:
1767 3361 1801 3416 et
1832 3361 1835 3366 ’

443 3453 518 3537 quis
545 3452 578 3515 in
596 3451 730 3516 divitiis
760 3453 828 3516 suis
858 3452 1042 3536 gloriatur?
1076 3455 1219 3520 Habetis
1249 3455 1523 3532 consolationem,
1553 3475 1737 3538 pauperes:
1767 3465 1801 3521 et

445 3558 610 3622 Dominus
626 3557 797 3622 vobiscum
815 3577 941 3641 pauper
956 3569 1015 3624 est.
1033 3559 1080 3624 Et
1092 3571 1300 3645 conpunctum
1317 3561 1408 3623 corde
1423 3559 1624 3642 mortificare.
1642 3558 1731 3644 Quid
1750 3569 1800 3624 est

442 3663 530 3745 quod
556 3662 655 3740 dixit,
671 3673 896 3745 conpunctum
914 3663 1013 3727 corde
1039 3663 1259 3729 mortificare?
1286 3663 1387 3748 Quod
1404 3675 1436 3728 et
1454 3665 1485 3727 in
1506 3663 1681 3746 evangelio
1696 3664 1800 3729 dixit:
1818 3687 1850 3738 ³0

442 3765 582 3830 ‘Tristis
598 3775 647 3830 est
659 3765 770 3828 anima
784 3783 858 3829 mea
868 3786 973 3848 usque
985 3767 1027 3830 ad
1039 3779 1189 3833 mortem.
1203 3768 1210 3795 '
1223 3769 1266 3833 Et
1278 3771 1395 3832 iterum
1409 3768 1545 3851 quando
1556 3768 1645 3832 dixit
1658 3790 1664 3831 :
1675 3771 1681 3800 ‘
1693 3767 1800 3846 Pater,

441 3872 468 3934 si
486 3869 643 3954 possibile
659 3879 719 3945 est,
730 3879 876 3934 transeat
892 3871 981 3935 calix
996 3873 1059 3936 iste
1076 3873 1187 3937 ame'
1203 3873 1326 3938 Aliter:
1344 3873 1406 3936 hoc
1418 3871 1554 3936 dolebat
1572 3871 1706 3950 mihi,et
1721 3891 1799 3936 con·

442 3973 597 4039 tristabar
611 3995 672 4058 pro
688 3975 962 4057 persequentibus
979 3996 1040 4055 me,
1056 3978 1134 4060 quia
1158 3978 1315 4042 nolebant
1340 3977 1578 4060 paenitentiam
1598 3997 1705 4060 agere.
1723 3975 1798 4059 Ego

474 4180 545 4243 aeis]
556 4181 623 4231 vobis
636 4179 684 4249 βΑ.
787 4192 800 4243 7
812 4181 1012 4247 quadragesimo]
1030 4183 1060 4231 in
1078 4183 1268 4247 quadragesimo
1280 4183 1311 4234 G.
1413 4183 1429 4234 8
1440 4183 1519 4232 deleto
1529 4182 1575 4243 est]
1593 4181 1671 4231 deleta
1691 4187 1752 4229 runt
1762 4180 1794 4229 G.

443 4275 472 4313 12
483 4279 514 4314 ex
525 4263 578 4314 illis
589 4263 646 4330 qur]
657 4265 705 4330 qni
713 4280 745 4312 ex
756 4264 809 4313 iliis
821 4263 853 4314 G.
933 4277 1005 4328 13ex
1014 4262 1060 4324 eis]
1071 4279 1134 4315 eros.
1151 4264 1176 4314 in
1188 4265 1217 4314 C.
1299 4263 1448 4326 16dr'nrr'sit]
1458 4262 1583 4313 dinrrkrbti
1594 4259 1638 4329 βὸ.
1718 4260 1797 4322 nunc]

440 4359 490 4393 non
499 4345 529 4394 Α,
598 4344 851 4409 reputotlrepniosS.
921 4347 1057 4408 24n110m.
1070 4347 1121 4397 BC.
1189 4344 1558 4412 tinruithinser.utsuplin.
1628 4342 1796 4408 asoimarur]

440 4428 583 4478 vinceretur
594 4427 618 4496 β.
720 4441 752 4492 30
763 4429 922 4495 mortificare]
933 4446 983 4479 ont.
1001 4431 1052 4480 BC.

483 4619 527 4678 27.
536 4601 636 4678 soctns
649 4599 702 4683 est]
720 4623 734 4662 a
751 4605 819 4664 Cor.
837 4606 863 4674 8,
884 4621 911 4678 9.
1185 4627 1229 4684 3²·
1247 4627 1265 4664 a
1281 4603 1336 4686 me]
1353 4607 1430 4669 lbld.
1448 4625 1495 4682 39.

482 4680 728 4765 31.admorrem]
747 4685 851 4744 Matth.
870 4688 918 4758 26,
934 4688 981 4762 38.
