4092 5502
468 436 551 522 334
846 438 875 497 s
900 436 1155 498 fflsaouuur
1180 435 1444 496 sansswsar

513 653 657 738 Spiritus
673 654 862 730 inmundus,
877 654 933 738 qui
951 652 1041 738 prius
1067 653 1174 718 fuerat
1190 653 1222 716 in
1240 671 1423 736 synagoga,
1438 652 1494 736 qui
1518 651 1593 716 illos
1618 652 1766 716 duxerat
1779 651 1822 714 ad

470 758 668 836 idolatriam,
683 759 726 824 de
741 777 808 841 quo
824 759 983 840 scriptum
999 768 1050 823 est
1066 763 1073 792 ¹
1091 757 1217 840 Spiritu
1235 757 1461 822 fornicationis
1477 755 1606 821 seducti
1622 755 1719 821 estis¹
1735 779 1743 820 ε
1758 755 1823 838 spi·

470 865 552 928 ritus
567 864 624 946 qui
641 883 791 946 egressus
809 862 913 929 luerat
930 865 973 930 de
988 863 1123 928 homine
1139 871 1173 927 et
1187 862 1259 927 ibat
1280 863 1312 926 in
1329 863 1508 941 desertum,
1531 869 1565 926 et
1579 860 1745 943 quaesivit
1760 859 1822 923 sibi

470 966 580 1032 locum
598 976 632 1030 et
648 966 796 1031 invenire
821 986 888 1031 non
905 967 1024 1050 potuit,
1039 977 1073 1031 et
1088 966 1172 1032 alios
1198 966 1382 1031 daemones
1397 975 1527 1047 septem
1544 983 1656 1028 secum
1688 963 1765 1028 tulit
1791 971 1823 1026 et

470 1090 619 1135 reversus
635 1081 684 1136 est
701 1071 734 1136 in
751 1073 889 1136 domum
906 1072 1101 1155 pristinam:
1116 1093 1156 1136 eo
1173 1081 1323 1155 tempore
1346 1071 1400 1136 isti
1415 1072 1550 1154 spiritus
1565 1079 1661 1134 erant
1677 1071 1710 1134 in
1727 1089 1824 1153 syna·
1859 1081 1872 1137 5

470 1191 568 1255 goga,
584 1184 617 1239 et
631 1177 852 1258 praesentiam
870 1175 1054 1242 Salvatoris
1070 1177 1153 1242 lcrrc
1170 1197 1236 1242 non
1254 1185 1417 1259 poterant.
1433 1180 1440 1208 ‘
1457 1174 1555 1258 Quae
1569 1173 1659 1238 enim
1676 1191 1825 1237 commu·

472 1277 595 1343 nicatio
608 1278 731 1361 Xpisto
744 1291 777 1345 et
789 1280 900 1344 Beliae
911 1281 942 1344 θ’
958 1282 1037 1346 Non
1050 1291 1205 1364 poterant
1218 1283 1359 1365 Xpistus
1375 1291 1408 1344 et
1425 1278 1535 1344 Belias
1552 1279 1584 1342 in
1602 1298 1670 1342 uno
1684 1277 1826 1343 concilio

472 1386 679 1450 commorari.
695 1385 742 1450 Et
755 1395 828 1450 erar
842 1387 877 1449 in
891 1406 1055 1469 synagoga
1074 1407 1184 1450 eorum
1199 1383 1291 1454 lromo
1312 1387 1347 1450 in
1361 1384 1481 1468 spiritu
1498 1381 1663 1458 inmundo,
1677 1392 1710 1446 ct
1727 1380 1826 1445 excla-

474 1487 580 1551 mavit
593 1488 723 1554 dicens:
742 1489 835 1568 Quid
846 1489 936 1553 nabet
949 1501 981 1554 et
996 1488 1088 1554 ribi?
1103 1489 1170 1573 Qui
1185 1490 1275 1567 dicit,
1292 1489 1382 1574 Quid
1405 1491 1501 1554 nobis
1516 1499 1550 1554 et
1565 1489 1654 1553 tibi?
1669 1506 1755 1552 unus
1770 1496 1829 1562 est,

474 1593 565 1657 etde
592 1593 741 1675 pluribus
767 1593 952 1660 confitetur.
982 1596 1021 1658 In
1038 1616 1078 1658 eo
1104 1597 1193 1660 enlm
1221 1594 1311 1679 quod
1339 1595 1490 1670 vincitur,
1506 1591 1671 1675 intellegit
1691 1602 1724 1656 et
1752 1611 1827 1654 suos
1848 1605 1874 1642 ¹0

474 1714 586 1760 secum
603 1716 676 1760 esse
702 1708 882 1780 superatos.
899 1697 946 1762 Et
959 1699 1154 1764 exclamavit
1166 1698 1281 1764 dr'ceus.
1300 1697 1523 1776 Exclamavit,
1539 1697 1634 1780 quasi
1664 1703 1828 1760 tormenta

475 1801 651 1878 sustinens,
664 1803 756 1885 quasi
785 1801 817 1866 in
834 1803 949 1868 dolore
966 1805 1102 1886 positus,
1118 1805 1212 1887 quasi
1230 1803 1362 1886 flagella
1388 1801 1469 1866 serre
1485 1821 1552 1865 non
1569 1799 1692 1872 valens.
1708 1798 1756 1864 Et
1778 1817 1827 1862 rr·

473 1904 631 1971 clamavit
650 1907 758 1972 dr‘ceus
770 1931 782 1972 .·
800 1908 893 1988 Quid
905 1908 994 1972 nobis
1016 1917 1048 1972 rt
1067 1907 1134 1986 tibi,
1150 1907 1224 1972 lesu
1240 1908 1444 1972 Nazarene?
1458 1907 1581 1972 venr‘sri
1594 1904 1729 1988 perdere
1744 1903 1828 1968 nos?

478 2009 553 2073 Scio
566 2011 627 2093 qui
638 2012 693 2090 sis,
703 2023 834 2076 sanctus
848 2013 921 2078 Dei.
940 2013 985 2078 Et
1001 2013 1033 2077 in
1051 2023 1218 2078 tormento
1241 2015 1377 2097 positus,
1393 2022 1427 2076 et
1442 2021 1685 2077 tormentorum
1703 2009 1828 2092 magni·

476 2113 626 2178 tudinem
643 2117 787 2180 clamore
796 2117 1039 2195 demonstrans,
1049 2128 1161 2182 tamen
1178 2115 1274 2181 dolos
1290 2117 1380 2199 ipsos
1396 2135 1462 2179 non
1479 2114 1677 2179 intermittit.
1691 2113 1828 2196 Cogitur
1848 2123 1873 2176 ι5

476 2239 589 2284 verum
606 2221 724 2298 dicere,
739 2229 904 2288 tormenta
921 2212 1067 2305 cogunt:
1084 2223 1141 2286 sed
1159 2223 1285 2286 malitia
1305 2231 1404 2286 vetat.
1423 2219 1515 2298 Quid
1528 2219 1617 2284 robis
1631 2228 1663 2284 rt
1677 2217 1745 2297 ribi,
1757 2218 1828 2282 Iesu

476 2325 650 2389 Nararerre
665 2327 685 2390 Ρ
701 2327 814 2410 Quare
831 2347 896 2390 non
912 2326 1079 2392 confiteris
1104 2326 1225 2391 Filium
1243 2327 1335 2391 Dei?
1355 2325 1548 2390 Nazarenus
1573 2332 1607 2388 te
1632 2333 1774 2406 torquet,
1797 2331 1830 2385 et

477 2449 543 2494 non
560 2427 646 2492 filius
663 2430 753 2494 Dei?
770 2429 882 2495 Sentis
909 2451 1043 2513 poenas,
1058 2440 1092 2494 et
1108 2450 1174 2494 non
1199 2429 1365 2495 confiteris
1383 2433 1528 2493 nomen?
1547 2429 1622 2492 lesu
1647 2427 1827 2492 Nazarene.

476 2533 608 2600 Venisti
625 2535 762 2617 perdere
778 2555 838 2600 nos
854 2541 867 2599 l
883 2535 1010 2600 Verum
1027 2545 1086 2614 est,
1101 2536 1191 2619 quod
1209 2546 1244 2600 tu
1261 2535 1344 2599 dicis
1359 2559 1366 2599 :
1382 2533 1500 2598 venlsti
1517 2532 1655 2615 perdere
1672 2529 1828 2595 rosseto

476 2636 533 2720 qui
549 2637 602 2702 sis.
619 2636 803 2702 Videamus
819 2640 898 2723 quid
915 2641 1016 2704 dicas.
1033 2639 1176 2705 Sanctus
1194 2639 1267 2705 Dei.
1285 2639 1422 2721 Moyses
1437 2647 1573 2702 sanctus
1589 2633 1653 2698 Dei
1672 2653 1738 2698 non
1756 2631 1829 2697 suit?
1848 2645 1876 2682 20

478 2740 596 2805 Esaias
611 2749 745 2806 sanctus
762 2743 827 2808 Dei
855 2763 921 2808 non
939 2743 1025 2810 luit?
1043 2745 1232 2810 Hieremias
1255 2753 1389 2808 sanctus
1418 2742 1481 2806 Dei
1508 2756 1573 2806 non
1600 2738 1686 2802 suit?
1703 2741 1710 2769 ‘
1729 2737 1829 2813 Prius,

477 2845 593 2929 inquit,
608 2865 709 2929 quarn
728 2851 916 2928 nascereris,
933 2850 965 2914 in
983 2848 1080 2914 vulva
1104 2847 1306 2914 sanctificavi
1335 2858 1369 2912 te
1379 2846 1395 2912 '.
1415 2847 1489 2910 Hoc
1513 2843 1636 2909 dicitur
1651 2842 1694 2906 arl
1713 2842 1825 2906 Hiere-

478 2949 590 3026 miam,
605 2959 639 3013 et
654 2962 788 3016 sanctus
806 2951 869 3018 Dei
887 2974 953 3018 non
971 2954 1055 3019 suit?
1074 2954 1164 3037 Ergo
1181 2972 1240 3016 nee
1258 2952 1372 3035 illiqui
1389 2950 1495 3015 sancti
1512 2948 1631 3013 erant?
1647 2946 1716 3014 Sed
1729 2963 1828 3029 quare

478 3071 544 3115 non
558 3054 642 3117 dicis
657 3055 699 3118 ad
717 3075 774 3119 eos
789 3079 796 3120 :
812 3056 881 3120 scio
905 3059 961 3140 qul
978 3059 1031 3134 sis,
1054 3067 1189 3121 sanctus
1207 3057 1297 3121 Dei?
1314 3057 1345 3122 O
1363 3055 1561 3138 perversitas
1589 3052 1731 3118 mentis:
1747 3051 1829 3114 inter

478 3155 609 3240 flagella
636 3169 669 3224 ct
697 3169 863 3224 tormenta
879 3162 1017 3242 positus,
1033 3170 1066 3225 et
1094 3161 1155 3226 scit
1171 3181 1295 3238 verum,
1310 3169 1343 3226 et
1360 3170 1473 3225 tamen
1497 3155 1646 3223 confiteri
1669 3177 1736 3221 non
1753 3151 1830 3218 vult.
1845 3163 1874 3218 ²5

480 3261 559 3327 Scio
573 3263 629 3345 qui
658 3263 715 3342 sis,
739 3275 874 3330 sanctus
892 3265 964 3331 Dei.
991 3264 1070 3328 Noli
1094 3267 1205 3329 dicere
1229 3275 1364 3330 sanctus
1382 3265 1469 3328 Dei:
1487 3265 1555 3340 sed,
1570 3270 1706 3326 sanctus
1730 3261 1830 3324 Deus.

478 3366 594 3450 Fingis
610 3378 643 3432 tc
659 3369 750 3446 scire,
766 3371 823 3433 sed
841 3369 955 3434 nescis.
973 3371 1045 3434 Aut
1060 3370 1148 3433 enim
1166 3369 1239 3443 scis,
1255 3378 1289 3433 et
1312 3368 1428 3432 dolose
1443 3379 1543 3444 taces,
1559 3376 1617 3430 aut
1631 3375 1721 3429 certe
1738 3364 1828 3447 igno·

476 3491 536 3538 ras.
554 3471 631 3536 Nou
649 3483 698 3537 est
715 3474 803 3537 enirn
820 3483 954 3537 sanctus
971 3474 1046 3551 Dei,
1056 3473 1115 3537 sed
1131 3483 1267 3538 sanctus
1284 3473 1385 3536 Deus.
1404 3471 1479 3535 Hoc
1496 3480 1604 3535 totum
1621 3488 1724 3552 quare
1736 3467 1827 3532 dico?

475 3587 511 3642 ut
539 3596 605 3642 non
634 3578 887 3661 adquiescamus
916 3578 1116 3643 testimoniis
1140 3580 1353 3643 daemonum.
1380 3577 1573 3659 Numquam
1599 3576 1688 3641 enim
1716 3593 1826 3640 verum

474 3675 639 3767 loquitur:
656 3684 821 3767 siquidem
850 3685 998 3749 mendax
1023 3695 1082 3762 est,
1097 3683 1183 3748 sicut
1210 3692 1304 3766 pater
1326 3683 1406 3747 eius.
1422 3687 1429 3714 ‘
1446 3683 1554 3756 Pater,
1581 3678 1699 3763 inquit,
1724 3688 1828 3744 vester
1845 3687 1873 3738 3⁰

475 3790 623 3854 mendax
639 3801 699 3868 est,
714 3799 748 3853 et
774 3789 817 3853 ab
833 3789 929 3854 initio
946 3789 1094 3854 mendax
1120 3799 1179 3865 est,
1194 3789 1279 3853 sicut
1302 3797 1336 3852 et
1353 3796 1447 3869 pater
1472 3786 1543 3850 eius
1558 3783 1574 3848 '.
1591 3784 1699 3861 Pater,
1715 3782 1828 3867 inquit,

476 3898 625 3961 mendax
641 3907 701 3976 est,
717 3907 750 3961 et
765 3897 939 3962 veritatem
968 3914 1035 3960 non
1052 3895 1206 3978 loquitur,
1222 3895 1307 3958 sicut
1322 3903 1356 3956 et
1380 3902 1474 3975 pater
1489 3891 1570 3968 eius,
1585 3889 1641 3973 qui
1658 3898 1709 3954 est
1736 3898 1827 3974 pater

477 4001 687 4066 Iudaeorum.
705 4001 833 4084 Utique
849 4001 1001 4065 diabolus
1014 4001 1057 4064 ab
1075 3999 1171 4063 initio
1195 3997 1342 4061 mendax
1358 4004 1417 4060 est.
1436 3996 1480 4060 Et
1495 3995 1569 4079 quis
1585 4003 1635 4059 est
1652 4002 1746 4077 pater
1761 3992 1826 4056 dia-

476 4105 570 4170 boli?
587 4105 675 4171 Vide
690 4105 770 4189 quid
787 4105 886 4170 dicat.
914 4105 1011 4169 Pater
1027 4105 1115 4168 enim
1140 4110 1248 4166 vester
1276 4101 1423 4165 mendax
1439 4110 1498 4180 est,
1514 4100 1557 4164 ab
1572 4099 1668 4165 initio
1695 4097 1826 4164 menda-

508 4298 536 4348 18
548 4313 598 4348 nors
610 4297 732 4364 confiteris
744 4295 853 4346 nomen?
864 4295 921 4344 Iesu
932 4293 1074 4354 Nazarene]
1089 4292 1176 4356 scripsi
1188 4309 1195 4350 ;
1208 4308 1233 4342 rr.
1247 4307 1266 4341 c.
1281 4306 1369 4341 mrrerr
1382 4293 1439 4341 lesu
1450 4291 1582 4340 Nasarem'
1588 4289 1601 4338 i
1612 4305 1639 4357 χ.
1742 4301 1756 4338 2
1759 4303 1772 4354 3
1784 4287 1828 4355 qur'

471 4381 553 4429 sancti
556 4380 565 4442 ]
578 4395 598 4447 χ
610 4394 655 4444 pro
667 4379 766 4442 quidem
777 4377 879 4427 sancti?

517 4559 542 4598 2.
558 4538 668 4597 seducti
676 4535 754 4618 estis]
770 4538 840 4598 Ose.
858 4557 885 4610 4,
904 4557 947 4596 12.
1178 4544 1238 4595 not.
1255 4535 1293 4595 ad
1309 4553 1336 4610 p.
1358 4553 1403 4603 12,
1418 4535 1435 4593 l.
1457 4549 1500 4606 17.

518 4639 543 4699 5.
554 4619 715 4697 pristinam
747 4620 853 4680 Maur.
875 4639 919 4692 12,
936 4637 974 4695 43
990 4637 1052 4694 sqq.
1221 4637 1266 4677 22.
1283 4612 1510 4694 sancrr’ficavr'te]
1534 4615 1639 4674 Ierem.
1661 4635 1684 4688 r,
1702 4633 1728 4694 5.

519 4721 545 4780 7.
560 4709 588 4760 et
612 4702 712 4762 Belr'ar
752 4720 766 4758 a
784 4701 853 4763 Cor.
878 4703 905 4776 6,
925 4719 969 4778 ¹5·
987 4701 1067 4777 Lege
1088 4701 1127 4760 sis
1220 4693 1617 4776 31.parenius]10.8,44.
