4202 5492
471 393 550 498 138
844 415 873 476 s.
898 412 1152 475 munorum
1174 412 1439 474 Pressuram

465 631 493 694 'si
510 631 731 696 iuramentum
747 628 882 713 aliquod
899 629 1074 694 interillos
1090 629 1225 705 venerit,
1240 649 1307 694 non
1324 630 1448 706 dicunt,
1465 629 1612 711 Lapides
1628 630 1683 694 isti
1698 631 1824 708 vident,

466 733 556 817 ligna
583 734 716 800 vident:
740 735 810 810 sed,
825 734 917 798 Deus
941 733 1042 810 videt,
1069 743 1101 798 et
1128 733 1221 797 Deus
1246 733 1348 797 audit.
1365 732 1488 797 Videte
1513 753 1594 815 ergo
1619 733 1698 816 quid
1726 735 1823 800 dicat.

465 837 599 902 Etenim
612 836 751 902 correxit
764 836 871 900 orbem
886 847 991 900 terrae
1007 835 1068 920 qui
1081 857 1143 901 non
1157 837 1411 901 commovebitur.
1426 838 1509 901 Ideo
1524 838 1614 902 venit
1631 839 1781 922 Xpistus,
1790 851 1823 903 et

465 941 610 1006 correxit
626 960 731 1022 genus
747 940 945 1018 humanum,
960 943 1048 1024 quod
1075 948 1153 1004 ante
1170 939 1276 1004 luerat
1291 941 1519 1022 depravatum,
1543 952 1579 1006 ut
1594 942 1627 1005 in
1650 953 1821 1007 aeternum

464 1065 531 1110 non
556 1055 736 1111 moveatur.
760 1045 853 1110 Crux
880 1044 969 1108 enim
996 1043 1099 1126 ipsius
1122 1042 1278 1107 columna
1293 1056 1342 1106 est
1359 1045 1487 1125 generis
1511 1045 1670 1110 humani:
1693 1046 1726 1109 in
1751 1047 1823 1130 ipsa
1858 1063 1874 1118 5

463 1149 619 1214 columna
644 1146 818 1213 aedificata
848 1157 899 1211 est
929 1149 1050 1212 domus
1081 1147 1159 1211 eius.
1196 1147 1271 1230 Ego
1300 1166 1431 1210 crucem
1467 1151 1552 1227 dico,
1583 1169 1649 1212 non
1687 1150 1823 1234 lignum,

463 1254 522 1318 sed
549 1252 748 1337 passionem.
776 1251 931 1316 Ceterum
959 1271 1043 1315 crux
1067 1252 1131 1315 ista
1161 1261 1195 1314 et
1228 1251 1260 1314 in
1293 1251 1465 1314 Britannia
1503 1261 1562 1328 est,
1592 1262 1625 1316 et
1660 1254 1692 1317 in
1727 1255 1822 1318 india

462 1369 522 1436 est,
538 1368 572 1422 et
594 1359 626 1420 in
651 1357 804 1422 universo
831 1355 910 1419 orbe
935 1366 1105 1421 terrarum.
1132 1355 1286 1438 Denique
1309 1356 1389 1439 quid
1413 1356 1493 1420 dicit
1509 1367 1542 1421 et
1565 1357 1598 1422 in
1626 1358 1821 1442 evangelio?

463 1461 562 1526 ‘Nisi
585 1461 725 1526 tuleritis
741 1479 870 1526 erucem
896 1481 1015 1537 meam,
1038 1471 1072 1524 et
1087 1461 1209 1524 cotidie
1226 1461 1331 1524 secuti
1351 1459 1476 1524 fueritis
1500 1482 1553 1525 me
1567 1459 1581 1526 '.
1604 1463 1727 1528 Videte
1742 1464 1820 1548 quid

463 1567 572 1631 dicat:
599 1565 671 1630 Nisi
703 1565 815 1629 anima
840 1576 948 1630 vestra
980 1566 1027 1629 ita
1053 1565 1096 1629 ad
1121 1584 1251 1628 crucem
1284 1563 1382 1629 inerit
1409 1577 1613 1648 praeparata,
1636 1569 1721 1632 sicut
1748 1589 1821 1632 mea
1841 1587 1875 1625 ¹0

464 1667 526 1734 suit
551 1688 613 1751 pro
639 1669 742 1746 vobis,
768 1669 832 1732 mei
858 1667 1012 1751 discipuli
1046 1688 1209 1732 essenon
1236 1669 1383 1750 potestis.
1411 1669 1507 1734 Felix
1538 1672 1594 1754 qui
1622 1692 1762 1748 crucem,
1788 1684 1820 1736 et

463 1772 744 1850 resurrectionem,
759 1785 793 1836 et
818 1771 928 1838 locum
957 1771 1141 1836 nativitatis
1157 1771 1280 1853 Xpisti‚
1301 1782 1333 1835 et
1350 1771 1459 1836 locum
1481 1775 1684 1838 ascensionis
1710 1787 1820 1857 portat

463 1876 495 1938 in
512 1886 648 1960 pectore
662 1897 732 1942 suo.
750 1877 848 1941 Felix
864 1878 987 1960 estqui
1005 1876 1176 1940 Bethleem
1193 1875 1295 1940 habet
1312 1876 1344 1939 in
1361 1878 1461 1940 corde
1477 1897 1547 1954 suo,
1563 1877 1595 1940 in
1612 1880 1705 1941 cuius
1721 1879 1820 1943 corde

464 1979 605 2064 Xpistus
621 1982 743 2046 cotidie
771 1981 926 2046 nascitur.
944 1979 1099 2062 Denique
1113 1978 1194 2062 quid
1211 1979 1332 2042 dicitur
1350 1979 1546 2045 Bethleem?
1571 1980 1701 2044 Domus
1717 1981 1818 2064 panis.

464 2081 577 2150 Simus
605 2093 639 2149 et
664 2105 724 2149 nos
749 2085 870 2148 domus
897 2083 1001 2167 panis,
1017 2084 1087 2147 eius
1113 2083 1169 2167 qui
1197 2083 1239 2147 de
1254 2081 1348 2146 caelo
1372 2083 1553 2149 descendit.
1570 2084 1702 2150 Cotidie
1726 2087 1819 2149 nobis
1841 2106 1872 2162 ις

464 2187 606 2270 Xpistus
621 2187 842 2272 crucifigitur:
870 2209 930 2252 nos
948 2187 1075 2252 mundo
1090 2185 1320 2268 crucifigimur,
1336 2196 1369 2250 et
1386 2187 1526 2270 Xpistus
1554 2188 1587 2252 in
1605 2189 1701 2254 nobis
1717 2191 1818 2254 cruci-

465 2291 584 2374 figitur.
601 2292 697 2356 Felix
715 2301 774 2370 est,
791 2293 822 2356 in
848 2293 940 2356 cuius
956 2289 1056 2355 corde
1076 2290 1199 2354 cotidie
1215 2290 1356 2372 Xpistus
1384 2291 1545 2372 resurgit:
1571 2291 1599 2355 si
1615 2293 1737 2355 cotidie
1760 2311 1820 2375 pro

464 2397 610 2479 peccatis
637 2397 704 2460 suis
728 2397 829 2460 etiam
856 2395 983 2460 levibus
998 2395 1069 2477 agit
1085 2393 1334 2476 paenitentiam.
1352 2394 1448 2457 Felix
1475 2405 1534 2472 est,
1551 2395 1607 2478 qui
1632 2396 1754 2460 cotidie
1777 2397 1819 2458 de

465 2509 578 2566 monte
596 2498 720 2565 Oliveti
736 2499 887 2564 ascendit
902 2500 944 2564 ad
959 2519 1060 2581 regna
1076 2498 1253 2576 caelorum,
1268 2499 1323 2562 ubi
1337 2508 1415 2562 sunt
1426 2497 1533 2563 olivae
1545 2498 1683 2563 Domini
1694 2499 1819 2578 uberes,

462 2603 519 2667 ubi
547 2603 657 2668 lumen
675 2603 788 2688 Xpisti
811 2603 965 2677 nascitur,
990 2601 1045 2666 ubi
1071 2610 1149 2664 sunt
1171 2600 1294 2666 oliveta
1322 2600 1468 2666 Domini.
1494 2601 1590 2684 ‘Ego
1612 2604 1700 2666 enim
1724 2603 1873 2685 quasise

462 2706 549 2772 oliva
562 2707 672 2772 uberis
688 2707 720 2771 in
731 2707 834 2772 domo
847 2705 995 2771 Domini.
1008 2704 1015 2730 ’
1029 2703 1264 2767 Accendamus
1280 2723 1360 2790 ergo
1372 2714 1405 2768 et
1416 2724 1475 2768 nos
1488 2703 1656 2769 lucernam
1670 2719 1817 2770 nostram

462 2812 505 2876 de
520 2811 584 2876 ista
611 2811 708 2891 oliva,
724 2820 757 2875 et
782 2812 896 2875 statim
924 2827 999 2872 cum
1017 2806 1140 2888 Xpisto
1168 2808 1273 2871 iemus
1289 2810 1331 2872 ad
1358 2828 1460 2891 regna
1483 2806 1661 2874 caelorum.
1684 2807 1817 2872 Etenim

461 2914 599 2978 correxit
621 2913 727 2979 orbem
754 2915 815 2998 qui
837 2933 899 2978 uon
928 2909 1186 2974 commovebitur.
1209 2907 1405 2999 Οίκουμὲνην,
1421 2913 1454 2975 in
1483 2931 1550 2995 qua
1575 2913 1645 2996 ipse
1669 2914 1820 2992 habitat;

463 3043 645 3088 oecumene
661 3023 751 3087 enirn
768 3023 885 3086 melius
911 3039 1029 3103 graece
1045 3019 1166 3083 dicitur
1181 3039 1282 3102 quam
1310 3020 1419 3084 latine.
1437 3019 1581 3085 Oremus
1597 3033 1634 3085 ut
1650 3030 1683 3084 et
1708 3029 1820 3085 nostra

463 3125 647 3209 corrigatur
672 3145 863 3203 oecumem,
887 3123 920 3186 in
945 3143 1012 3207 qua
1042 3122 1171 3186 habitet
1198 3124 1295 3187 Pater
1324 3133 1357 3187 et
1384 3122 1487 3187 Filius
1514 3133 1547 3187 et
1577 3124 1720 3206 Spiritus
1745 3144 1819 3188 san·
1838 3152 1872 3207 25

496 3289 669 3359 ypassiersem]
682 3295 723 3346 SG
737 3295 795 3345 add.
810 3296 872 3345 eius.
941 3293 1176 3354 s'nBritannia1in
1195 3292 1432 3354 BritarriaC1m3
1453 3295 1482 3342 in
1502 3295 1635 3344 Brittania
1657 3295 1715 3356 ΗΡ,
1730 3295 1815 3360 Csup.

463 3375 515 3437 tim
528 3377 708 3426 iuBrintassia
720 3377 758 3438 B;
771 3379 800 3426 irs
811 3375 1008 3440 uctteueperu
1016 3375 1048 3425 A.
1117 3373 1167 3423 8et
1178 3375 1207 3423 iu
1215 3370 1266 3432 eru]
1278 3375 1320 3426 SG
1333 3391 1382 3426 om.
1393 3385 1432 3437 et;
1444 3385 1467 3426 et
1478 3379 1605 3428 Dominus
1613 3381 1642 3429 in
1653 3377 1677 3446 β
1745 3395 1818 3430 watt-

459 3457 535 3524 geiie]
546 3457 564 3509 S
576 3457 635 3507 add.
651 3458 785 3508 Dominus.
857 3469 886 3521 13
897 3456 1034 3518 Bethleem]
1046 3455 1158 3506 Bethlem
1173 3457 1247 3516 BGP,
1263 3457 1289 3506 H
1302 3473 1375 3518 corr;
1388 3459 1482 3509 Betteru
1495 3461 1525 3510 C.
1599 3461 1678 3524 corde]
1685 3468 1779 3526 pectere
1790 3461 1817 3512 S.

465 3553 495 3602 14
506 3540 623 3605 Denique
633 3540 698 3606 quid
707 3537 812 3599 dirr'tur]
831 3556 881 3590 om.
896 3541 914 3591 S
925 3557 933 3600 ς
945 3538 969 3589 G
981 3555 1030 3589 om.
1044 3538 1115 3603 quid.
1215 3537 1350 3599 Bethleem]
1370 3541 1393 3591 G
1406 3552 1484 3607 repet.
1497 3545 1600 3594 dicitur.
1696 3543 1784 3610 partes]
1801 3547 1819 3596 S

462 3623 521 3673 add.
535 3623 724 3687 interpretatur.
828 3632 856 3683 17
876 3620 995 3684 resurgit]
1015 3621 1183 3670 resurrexerit
1200 3619 1229 3670 C.
1329 3622 1365 3688 si]
1383 3625 1430 3686 qui
1440 3625 1467 3675 S.
1570 3625 1599 3676 18
1610 3627 1707 3690 cottitt'e]
1726 3643 1776 3678 om.
1791 3624 1816 3695 β.

463 3715 492 3752 21
506 3702 598 3765 uberis]
610 3703 685 3752 ubera
697 3703 730 3753 G.
831 3715 862 3752 22
873 3698 962 3760 iturus]
975 3701 1001 3750 H
1017 3715 1025 3751 ι
1041 3717 1083 3760 m;
1099 3717 1187 3764 gerseus
1198 3701 1219 3751 C
1233 3712 1319 3751 mutat.
1334 3701 1359 3750 in
1376 3711 1508 3769 pergressus
1515 3726 1524 3768 ς
1543 3723 1628 3758 taurus
1644 3709 1709 3768 AB;
1728 3709 1819 3758 ibimus

464 3783 557 3852 BPSG,
571 3785 598 3833 H
610 3799 664 3849 sup.
676 3783 721 3834 liu.
822 3797 853 3848 23
864 3781 955 3843 oriem]
968 3781 1051 3853 Bsdd.
1062 3792 1151 3832 terrae.
1253 3778 1425 3848 Οἰκουμένην]
1436 3792 1577 3839 ercumiuen
1590 3791 1613 3841 G
1623 3808 1631 3852 ς
1642 3807 1769 3842 secuerunt
1780 3793 1801 3842 C
1810 3810 1818 3852 ;

462 3873 586 3922 ucuusiru
597 3873 661 3934 AB;
683 3871 699 3942 β
716 3871 802 3924 deficit
822 3874 940 3937 usquead
954 3871 1029 3924 finem
1049 3880 1176 3922 tractatus.
1278 3886 1311 3934 24
1321 3869 1457 3931 oecrsmene]
1472 3889 1617 3923 eecsrmeneu
1629 3876 1646 3926 S
1658 3883 1819 3934 constantem

461 3955 588 4004 occurrisse
600 3955 629 4005 B.
724 3955 804 4017 euim]
814 3956 905 4004 etenim
918 3955 947 4005 B.
1041 3949 1454 4020 25corrugatur]rerregaturBG.
1549 3958 1820 4020 oecurmueleecumine

463 4035 532 4086 AB?
542 4053 551 4096 ς
562 4035 686 4086 seruusine'
696 4037 728 4086 G.
828 4031 930 4093 habitet]
948 4035 1046 4084 habitat
1057 4035 1136 4086 ABG.

505 4203 531 4258 9.
549 4181 604 4264 me]
619 4183 665 4248 cf.
684 4185 756 4244 Luc.
773 4203 799 4260 9,
817 4204 863 4262 23.
913 4229 917 4236 .
1007 4261 1010 4264 Ι
1171 4185 1260 4244 finem
1286 4195 1427 4247 tractatus
1452 4186 1543 4247 veluti
1556 4207 1575 4248 a
1589 4207 1644 4250 suo
1669 4191 1820 4268 proposito

508 4282 551 4340 ¹7·
562 4266 662 4326 cotidie
671 4266 795 4342 Xpistus
806 4261 942 4348 resurgit]
956 4263 1119 4326 Hieronis
1171 4265 1305 4343 locisque
1319 4269 1529 4330 communibus
1553 4271 1668 4348 longius
1682 4272 1821 4333 aberrans

464 4346 574 4423 Ephes.
604 4367 627 4420 1,
647 4349 735 4406 18-20
751 4349 759 4382 ‘
774 4347 894 4409 Cotidie
919 4347 1056 4410 Christus
1078 4367 1119 4407 re·
1172 4347 1312 4408 Breviorii
1329 4351 1550 4412 consarcinator
1564 4354 1758 4414 resecandum
1773 4373 1823 4413 cu·

464 4427 556 4503 surgit
571 4446 607 4487 ex
620 4427 764 4489 mortuis:
779 4427 891 4491 cotidie
901 4427 931 4488 in
947 4427 1120 4504 paenitenti·
1170 4427 1252 4490 ravit.

465 4507 521 4568 bus
535 4508 693 4570 suscitatur
707 4509 723 4569 '.
1214 4529 1260 4584 24·
1289 4531 1431 4574 oecumeue
1457 4533 1479 4573 e.
1506 4515 1607 4574 ureiius
1627 4535 1725 4592 graece
1751 4512 1823 4595 eto]

508 4587 777 4670 21.Domiui]Ps.
794 4607 841 4669 51,
862 4611 905 4651 10.
1174 4591 1298 4654 Hieron.
1325 4613 1371 4673 ep.
1391 4615 1456 4669 140,
1473 4615 1501 4656 n.
1525 4599 1543 4655 6
1560 4601 1610 4659 ‘et
1635 4598 1714 4658 orbis
1739 4609 1824 4659 terra-

509 4689 545 4748 ²3
571 4691 635 4750 sqq.
667 4673 760 4749 Quod
787 4683 921 4750 superest
954 4691 1048 4751 usque
1082 4673 1120 4734 ad
1173 4691 1247 4748 rum,
1264 4673 1315 4752 qui
1330 4677 1469 4740 hebraice
1482 4679 1590 4740 dicitur
1608 4680 1704 4754 thebei,
1720 4697 1824 4758 graece
