4112 5496
238 448 300 532 rru]
585 452 956 514 COMMENTARIOLI
987 453 1032 511 IN
1063 453 1257 512 PSALMOS.
1556 455 1596 511 11

240 665 305 750 ori
327 665 498 776 psalmo
515 677 685 776 propter
699 667 956 784 occisionem
981 669 1113 752 Uriae
1130 696 1262 779 paene
1276 681 1339 751 est
1357 668 1603 751 interfectus

240 803 383 904 afilio,
408 831 524 887 nunc
538 805 694 888 audeat
710 805 871 890 dicere:
891 814 900 846 ‘
921 807 1158 891 Exaudivit
1181 835 1249 890 me
1272 808 1394 889 Deus
1415 805 1604 888 iustitiae

243 970 364 1026 meae
386 943 406 1028 '.
430 943 571 1027 Totus
593 943 736 1055 itaque
758 943 953 1054 psalmus
987 946 1041 1029 ad
1082 947 1302 1056 Xpistum‚
1325 959 1366 1028 et
1387 971 1461 1054 per
1498 944 1602 1052 Xpi-

243 1094 361 1165 stum
384 1081 438 1164 ad
462 1083 600 1166 iustos
621 1081 869 1166 relerendus
889 1095 966 1166 est.
994 1085 1166 1166 Horum
1189 1083 1331 1166 simile
1350 1082 1455 1194 quid
1476 1083 1603 1165 etiam

206 1249 222 1301 s
247 1219 377 1303 Iacob
410 1220 579 1304 locutus
609 1233 676 1304 est
700 1219 846 1305 dicens
870 1248 878 1304 :
903 1229 910 1262 ‘
936 1221 1152 1305 Exaudiet
1189 1248 1257 1304 me
1283 1221 1447 1303 iustitia
1469 1246 1564 1303 mea
1586 1220 1604 1300 '.

242 1360 302 1442 lu
324 1358 605 1442 tribulatirme
624 1359 834 1442 dilatasti
862 1361 976 1442 suilu'
992 1391 1008 1442 .·
1027 1361 1228 1442 miserere
1247 1359 1343 1458 mci,
1375 1364 1419 1440 et
1446 1357 1612 1440 exaudi

243 1497 484 1583 oratunem
524 1524 676 1580 incarn.
703 1497 823 1581 Licet
859 1497 965 1580 mihi
987 1497 1197 1580 auxilium
1221 1497 1383 1595 tuleriS,
1407 1507 1448 1578 et
1471 1495 1513 1576 in
1536 1495 1607 1577 tri-

245 1609 468 1718 bulatione
507 1636 698 1719 dilatasti
745 1635 864 1735 mihi,
897 1649 1040 1720 tamen
1081 1662 1162 1746 ego
1203 1633 1495 1718 misericordia
1534 1644 1609 1715 tua

245 1800 416 1883 semper
437 1774 622 1883 indigeo,
655 1775 831 1883 (liquid
847 1774 1040 1883 deligitis
1059 1774 1315 1872 vanitatem,
1338 1779 1381 1855 et
1395 1770 1610 1880 quaeritis·

193 1947 228 1986 ιο
244 1912 570 1996 mendacium?
607 1913 884 2022 Diapsulma.
930 1913 1123 1996 Verbum
1165 1937 1280 1998 saun
1323 1911 1610 2022 Septuaginta

245 2051 513 2162 interpretes
558 2052 863 2162 Symmachus,
904 2066 946 2136 et
981 2051 1254 2136 Theodotion
1290 2057 1298 2090 ‘
1331 2049 1571 2160 diapsalma
1602 2051 1609 2076 '

246 2189 573 2288 transtulerunt,
598 2191 762 2302 Aquila
780 2219 882 2274 vero
907 2201 914 2231 ¹
938 2217 1106 2300 semper
1123 2192 1148 2290 ';
1170 2200 1212 2272 et
1234 2201 1340 2299 puto
1359 2201 1435 2271 aut
1457 2187 1608 2269 musici

245 2326 475 2410 cuiusdam
499 2329 594 2411 soni
616 2355 711 2412 esse
733 2329 1018 2442 signaculum,
1041 2340 1116 2410 aut
1150 2340 1260 2411 certe
1281 2326 1608 2438 perpetuitatem

245 2491 412 2569 eorum,
451 2492 560 2576 quae
601 2467 816 2578 praedicta
856 2480 969 2567 sunt,
1013 2465 1223 2551 indicari:
1260 2478 1309 2548 ut
1349 2463 1610 2575 ubicumque

191 2635 227 2691 τε
246 2628 380 2707 saun,
413 2603 493 2689 hoc
522 2617 599 2707 est,
625 2613 634 2646 ‘
656 2603 925 2716 diapsalma'
953 2606 1044 2688 sive
1082 2611 1090 2642 ‘
1125 2630 1293 2714 semper
1323 2604 1331 2635 ’
1363 2602 1605 2713 adponitur,

247 2743 311 2830 ibi
333 2743 522 2828 sciamus
542 2771 628 2828 non
651 2755 820 2827 tantum
841 2743 895 2826 ad
933 2770 1135 2854 praesens
1168 2754 1351 2854 tempuS,
1373 2769 1524 2825 verum
1554 2743 1606 2823 ad

127 2887 132 2903 '
244 2896 486 2981 aeternum,
527 2881 595 2964 vel
627 2907 736 2991 quae
767 2895 1013 2994 sequantur,
1046 2882 1112 2964 vel
1149 2908 1258 2993 quae
1290 2879 1607 2992 praecesserint,

245 3021 470 3134 pertinere.
493 3021 620 3128 Quae
638 3020 786 3104 dicitis
806 3022 852 3103 iu
872 3020 1070 3104 cordibus
1090 3019 1257 3117 vesteis,
1276 3025 1319 3101 et
1334 3017 1609 3100 meabilibus

244 3161 407 3244 vestris
434 3159 769 3271 conpuugiuu'ui.
806 3158 934 3266 Quod
970 3159 1013 3240 in
1050 3157 1119 3240 die
1151 3154 1382 3268 cogitando
1413 3155 1605 3266 peccatis

186 3331 226 3369 20
245 3289 373 3385 nocte
393 3299 559 3409 expiate
580 3325 654 3409 per
674 3297 882 3382 lacrimas
907 3297 1166 3407 Sacruficute
1184 3295 1451 3402 sucrificium
1483 3294 1608 3376 iusti-

244 3439 352 3538 tiae,
377 3444 421 3522 et
453 3441 625 3547 sperate
658 3438 705 3520 iu
727 3438 923 3520 Douu'uo.
954 3437 1222 3522 Sacrificium
1263 3437 1356 3517 Deo
1390 3433 1609 3514 immolate

285 3666 507 3735 succisionemlffi
540 3669 686 3720 occasionem
698 3668 792 3730 CAM3
828 3671 991 3718 occansionem
1005 3669 1036 3718 E.
1136 3669 1205 3730 4od
1213 3647 1290 3717 iustos
1301 3667 1444 3732 referendus
1454 3674 1495 3716 est.
1511 3667 1610 3716 Horum

243 3751 415 3816 similequr'd]
425 3749 521 3818 caup
532 3769 539 3811 ;
572 3753 607 3801 ad
617 3752 742 3802 iustarum
753 3751 899 3816 referendus
906 3758 941 3799 est
950 3751 1052 3800 chorreus
1063 3752 1103 3809 (ex
1113 3751 1222 3811 homere).
1236 3751 1327 3800 Simile
1334 3751 1399 3815 quid
1407 3749 1435 3799 E.
1506 3761 1519 3810 7
1531 3750 1610 3797 tribn-

244 3834 353 3895 merem]
374 3831 390 3900 β
409 3834 468 3884 add.
492 3850 554 3884 mea.
662 3835 790 3896 dilatasti]
811 3833 827 3902 β
846 3843 871 3885 et
891 3836 952 3885 Mss.
979 3848 1106 3894 rmanu3
1147 3835 1295 3884 dilataveris
1315 3836 1338 3884 Α
1357 3848 1371 3884 2
1392 3851 1466 3884 manu
1487 3851 1542 3900 sup.
1565 3835 1610 3884 lin.

249 3929 283 3967 ro
299 3915 378 3977 sate]
396 3916 426 3965 ln
445 3915 571 3981 plerisque
589 3917 664 3967 codd.
677 3932 734 3966 cum
753 3925 859 3967 accentu
872 3917 1032 3966 circumflexo
1044 3917 1069 3966 in
1081 3917 1169 3967 ultima
1180 3918 1285 3981 syllaba.
1390 3931 1415 3967 11
1438 3917 1611 3980 Syumeaclms]

244 3998 450 4061 Syracusarum
483 3998 617 4048 Simachus
629 3999 658 4048 C.
763 3999 905 4060 tamarice]
920 3998 1033 4067 unMp3
1068 4001 1167 4062 mystici
1173 4001 1203 4060 C,
1214 4001 1280 4064 quod
1294 4009 1378 4049 tamen
1392 4009 1478 4065 postea
1489 4007 1610 4049 mutatum

244 4091 286 4132 at
305 4080 331 4130 iu
349 4081 444 4143 mysici.
548 4092 576 4143 13
588 4081 654 4142 seua]
667 4079 762 4148 ΕΑΜβ
775 4082 832 4132 etC
851 4093 866 4130 2
884 4097 959 4131 manu
971 4097 1025 4146 sup.
1041 4083 1103 4142 lin.;
1135 4081 1223 4130 secreti
1236 4080 1257 4129 C
1274 4093 1283 4129 1
1299 4087 1338 4130 rn.¹
1437 4081 1611 4144 sapraede'rtn]

248 4161 334 4230 Εὒβς
367 4162 587 4226 supradictam.
691 4163 1012 4228 lyseqeearrtur1EAMC3
1046 4170 1189 4228 seqccuutur
1200 4160 1224 4229 β

247 4340 289 4402 ab
305 4337 495 4415 Hieronymo
517 4336 640 4396 minime
661 4335 774 4396 alienus
791 4359 798 4395 ι
816 4340 904 4397 ‘Res-
957 4354 985 4395 n.
1003 4340 1021 4395 6
1035 4361 1041 4396 :
1058 4340 1065 4368 ‘
1082 4337 1120 4394 Et
1135 4335 1165 4395 ln
1180 4347 1286 4412 quarto
1301 4336 1424 4410 dicatur,
1445 4339 1519 4398 Cum
1534 4340 1611 4397 imo-

247 4423 405 4500 pondeant
420 4417 493 4479 mrbi
505 4417 555 4495 qui
568 4419 646 4477 hanc
657 4429 802 4478 terram...
814 4419 821 4446 ¹
834 4419 903 4495 (Ep.
956 4437 1049 4477 tarem
1058 4418 1211 4476 exaudivit
1218 4438 1261 4476 ure
1270 4419 1353 4476 Deus
1361 4420 1488 4478 iustitiae
1497 4439 1608 4478 meae...

253 4523 319 4581 129,
335 4522 365 4563 n.
381 4501 465 4579 4)-
478 4505 486 4532 ‘
497 4500 713 4578 Respondeant
724 4497 776 4575 qui
786 4498 905 4559 hebrae·
958 4499 1051 4560 Iacob
1062 4517 1182 4576 quoque
1193 4499 1369 4576 loquaturin
1381 4500 1610 4571 Genesi,Exau-

248 4604 336 4646 orum
342 4582 532 4644 voluminum
543 4581 691 4660 denegant
702 4579 906 4640 veritatem...'
956 4582 1016 4640 diet
1028 4600 1070 4639 me
1084 4599 1148 4640 cras
1161 4581 1276 4640 iustitia
1292 4601 1361 4639 inea.
1378 4583 1385 4610 ¹

249 4668 301 4745 (ln
318 4665 427 4726 Matth.
447 4683 475 4737 a,
495 4661 553 4740 15).
1002 4681 1047 4722 10.
1071 4664 1119 4721 De
1134 4663 1328 4738 diapsalmate
1354 4663 1419 4738 lege
1443 4661 1482 4722 sis
1505 4661 1612 4726 Hiero·

291 4769 319 4830 5.
342 4749 420 4811 Gen.
437 4765 486 4826 30,
504 4765 550 4824 33.
567 4745 612 4808 Cl.
632 4743 757 4806 Hieron.
774 4761 820 4822 ep.
841 4746 905 4816 106,
959 4744 1040 4822 nymi
1056 4743 1212 4823 epistulam
1231 4746 1267 4802 28
1283 4743 1341 4822 (M.
1359 4765 1405 4816 22,
1422 4743 1503 4822 433).
