4062 5504
532 433 941 493 EXPOSITIUNCULAE
962 433 1010 492 ru
1033 434 1332 494 arnuoaarun.
1515 446 1591 526 133

250 637 386 702 Vocatus
402 647 510 699 aurem
526 646 574 699 est
588 635 681 698 Iesus
695 645 727 697 et
735 633 889 715 discrpuli
897 634 968 697 eius
979 635 1024 697 ad
1035 634 1175 714 nuptias,
1183 644 1215 698 et
1226 635 1340 698 vinum
1354 656 1415 698 nan
1426 633 1592 709 habebant,

236 754 272 803 et
288 755 407 804 cetera.

714 859 1027 908 INTERPRETATIO.

283 965 387 1027 Facta
413 975 491 1028 sunt
520 965 584 1028 ista
610 965 734 1041 omnia,
755 966 812 1026 sed
841 963 968 1027 habent
995 965 1180 1046 spiritalem
1206 967 1424 1031 intellectum.
1442 963 1592 1045 Nuptiae

199 1093 216 1146 5
237 1069 364 1133 scilicet
379 1069 573 1134 coniunctio
590 1069 715 1136 Christi
732 1077 784 1134 est
800 1079 833 1132 et
846 1068 1017 1145 ecciesiae,
1029 1068 1094 1134 hoc
1106 1080 1156 1134 est
1168 1092 1275 1136 novae
1287 1071 1372 1153 legis
1384 1069 1592 1134 traditiones.

239 1173 518 1257 Hydriasautem
558 1203 566 1217 ·
601 1187 655 1236 v11
681 1203 689 1216 ·
716 1173 876 1255 lapideas,
893 1171 1051 1236 ecclesias
1089 1201 1097 1216 ·
1132 1188 1185 1238 vlt
1222 1203 1229 1216 ·
1267 1176 1477 1238 demonstrat
1492 1191 1592 1256 super

236 1285 366 1358 petram
393 1276 561 1342 fundatas.
577 1277 688 1360 Aqua,
705 1277 824 1359 inquit,
840 1275 978 1357 plenas:
1005 1276 1070 1339 hoc
1091 1286 1141 1340 est
1169 1277 1327 1360 baptismi
1355 1279 1473 1360 gratia.
1489 1276 1590 1359 Quod

236 1392 348 1447 autem
366 1384 457 1460 dicit,
469 1382 651 1466 Capientes
664 1390 823 1444 metretas
836 1379 942 1456 binas,
954 1378 987 1441 hi
1000 1389 1077 1443 sunt
1091 1382 1146 1462 qui
1161 1382 1387 1446 matrimoniis
1400 1383 1591 1462 iunguntur.

236 1488 365 1551 Ternas
380 1498 494 1551 autem
511 1487 691 1568 capientes,
704 1484 737 1547 hi
749 1491 828 1547 sunt
840 1483 896 1566 qui
909 1483 1079 1564 spiritales
1091 1483 1211 1561 effecti,
1224 1485 1400 1549 Trinitatis
1412 1484 1593 1548 virtutibus

177 1622 219 1658 ιο
235 1591 427 1673 implentur.
455 1587 711 1654 Architriclinus
742 1595 866 1663 autem,
894 1587 1032 1668 Moyses
1063 1599 1123 1652 est.
1152 1589 1270 1652 Novus
1298 1600 1411 1653 autem
1440 1608 1593 1672 sponsus,

236 1693 390 1759 Christus
406 1702 465 1758 est.
483 1695 584 1774 Aqua
601 1691 634 1753 in
652 1691 731 1754 vino
747 1709 917 1765 conversa,
934 1691 1098 1771 passionis
1114 1712 1265 1756 cruorem
1283 1695 1502 1758 demonstrat.

653 1825 872 1875 CAPITULUM
899 1825 949 1874 111.
975 1825 1023 1873 DE
1046 1826 1172 1876 CAECO.

280 1935 327 1998 Et
349 1935 614 2018 egressas-lesus
638 1933 676 1995 rie
700 1934 822 2014 terrrple,
849 1933 927 1995 dum
952 1933 1107 2008 arubulat,
1123 1934 1211 1996 vidit
1234 1935 1395 2000 leominern
1418 1957 1543 1999 caecum
1570 1959 1590 1999 α

236 2039 411 2102 nativitate
425 2060 495 2115 sua,
510 2049 540 2101 et
555 2038 843 2118 interrogaverunt
856 2057 928 2098 eum
943 2036 1098 2117 discipuli
1110 2038 1181 2100 eius
1194 2038 1334 2103 de'ceutes
1344 2064 1356 2104 .·
1380 2039 1497 2116 Rabbi,
1513 2043 1588 2122 quis

177 2177 190 2213 ι
197 2175 215 2226 5
227 2144 381 2226 peccavit,
396 2142 449 2206 lric
462 2164 505 2206 au
517 2151 668 2222 parentes
683 2141 762 2216 eius,
777 2141 855 2221 quia
870 2161 977 2204 caecus
992 2152 1090 2204 natus
1104 2143 1183 2204 est?
1202 2143 1406 2226 Respondeas
1427 2145 1519 2208 lesus
1540 2146 1591 2208 ait

235 2249 327 2311 illis:
346 2247 413 2330 [tol.
434 2246 516 2329 129]
530 2247 644 2328 Neque
658 2245 712 2308 leia
727 2243 882 2327 peccavit,
898 2266 996 2327 neque
1005 2256 1157 2326 parentes
1171 2246 1248 2323 eius,
1259 2249 1319 2312 sed
1327 2259 1364 2313 ut
1376 2250 1589 2330 rrrarrifesten-

235 2364 293 2416 tur
306 2365 401 2434 opera
417 2353 484 2415 liei
508 2351 543 2413 in
569 2351 632 2412 illa.
652 2349 741 2411 Haec
764 2349 879 2425 diceas,
895 2351 1021 2431 exspuit
1047 2350 1081 2410 in
1108 2360 1242 2428 terram,
1257 2363 1289 2415 et
1306 2355 1392 2433 fecit
1416 2354 1523 2416 lutrrrrr
1550 2353 1590 2415 de

234 2470 333 2541 sputa.
351 2459 509 2538 Dixitque
525 2456 557 2518 ei
570 2479 581 2520 .·
608 2453 696 2517 Vade
711 2453 758 2515 ad
762 2453 925 2534 piscinam
944 2453 1039 2530 Silae,
1054 2465 1086 2518 et
1100 2457 1178 2518 lava
1189 2457 1293 2519 ecrrlas
1305 2467 1382 2521 tuas.
1400 2457 1496 2521 Abiit
1505 2477 1588 2537 erge,

234 2573 268 2626 et
280 2564 374 2639 lavet,
390 2571 423 2625 et
439 2571 559 2623 cetera.

752 2677 1064 2727 INTERPRETATIO.

281 2787 409 2852 Caecus
437 2805 535 2868 quem
564 2785 655 2857 dicit,
671 2803 777 2866 genus
805 2783 979 2846 hominum
1006 2783 1182 2864 gentilium
1210 2785 1433 2862 demonstrat,
1452 2788 1540 2867 quod
1570 2807 1589 2848 a

236 2891 412 2954 nativitate
429 2892 461 2952 in
479 2889 689 2952 caecitudine
716 2887 856 2952 errabat.
874 2886 1001 2951 Siloam
1029 2898 1152 2963 autem,
1169 2887 1296 2952 iontem
1325 2889 1458 2952 luminis
1487 2891 1588 2951 inter-

237 3004 396 3078 pretatur,
412 2995 501 3076 quod
519 3003 569 3055 est
587 2992 764 3074 baptisma,
781 2992 870 3054 unde
887 2990 996 3053 cordis
1013 2992 1128 3055 oculos
1146 2992 1393 3057 inluminamus

627 3127 677 3174 DE
701 3126 854 3175 Lazaro,
878 3125 1097 3177 CAPITULUM
1122 3128 1189 3178 1111.

178 3269 196 3305 2
199 3267 216 3318 5
280 3235 360 3298 Fuit
382 3235 437 3297 air
450 3244 559 3297 auterre
575 3233 710 3315 quidam
727 3233 881 3313 infirmus
898 3233 1027 3295 naariae
1045 3234 1194 3297 Lazarus
1208 3235 1247 3297 de
1261 3236 1389 3299 rastello
1405 3235 1543 3299 Mariae
1558 3247 1590 3299 et

236 3339 395 3402 Martlrae
418 3339 541 3401 sororis
563 3339 642 3401 er'us.
660 3337 750 3400 Haec
772 3348 821 3399 est
845 3348 953 3399 autera
983 3338 1097 3400 Maria
1127 3360 1208 3420 quae
1238 3350 1379 3402 retexerat
1409 3341 1589 3404 Darrrirrrrm

236 3447 399 3526 unguento
409 3453 440 3505 et
450 3451 628 3505 exterserat
632 3441 730 3524 perles
741 3441 812 3502 eius
822 3441 950 3521 capillis
961 3442 1040 3516 suit,
1052 3442 1143 3504 errius
1147 3444 1264 3522 frater
1272 3442 1426 3524 infirmus
1435 3455 1515 3518 erat,
1528 3455 1589 3508 etc.

756 3573 1073 3624 INTERPRETATIO.

177 2713 217 2749 20

281 3687 386 3749 Facta
402 3697 479 3749 sunt
493 3687 557 3747 ista
569 3685 693 3760 omriia,
703 3685 759 3747 sed
774 3684 900 3748 habent
911 3685 1095 3766 spiritaiem
1108 3686 1326 3749 intellectum.
1338 3685 1426 3747 Nam
1443 3686 1590 3749 Lazarus

181 3821 217 3872 30
236 3810 342 3873 genus
369 3790 554 3853 humanum
582 3793 802 3866 demonstrat,
822 3791 878 3872 qui
907 3791 939 3853 in
968 3800 1076 3853 morte
1103 3790 1368 3865 condormiebat,
1394 3791 1589 3872 priusquam

236 3895 391 3959 Christus
418 3895 554 3958 veniret.
581 3894 710 3958 Institis
735 3903 848 3956 autem
878 3895 1090 3970 constrictus,
1117 3895 1179 3957 hoc
1205 3903 1255 3956 est
1283 3913 1389 3976 genus
1415 3895 1588 3958 hominum

235 3999 381 4080 peccatis
399 3997 598 4061 involutum.
617 3997 752 4058 Martha
769 4005 881 4059 autem
900 4009 932 4059 et
951 3998 1069 4073 Maria,
1085 3997 1226 4060 ecclesia
1243 4007 1274 4059 et
1300 3997 1382 4060 fides
1399 3998 1590 4079 intelligun—

235 4113 299 4179 tur,
314 4111 471 4182 rogantes
497 4100 666 4165 Christum
692 4111 726 4163 ut
746 4099 911 4162 Lazarum
929 4101 1114 4176 suscitaret,
1130 4101 1193 4163 hoc
1217 4114 1277 4178 est,
1293 4104 1397 4166 vitam
1415 4103 1589 4167 hominum

269 4283 282 4336 5
295 4272 452 4333 traditiones]
472 4271 494 4322 G
507 4288 515 4330 ;
534 4270 682 4319 traditionis
695 4287 722 4334 μ.
823 4271 838 4318 6
855 4271 982 4333 Hydrias]
1001 4271 1086 4319 Idrias
1098 4269 1121 4320 G
1133 4288 1140 4328 ;
1159 4271 1275 4333 lljrdriae
1287 4290 1314 4336 μ.
1416 4275 1536 4338 lapideas]
1548 4275 1571 4325 G
1584 4292 1590 4334 3

233 4357 345 4421 lapideae
358 4372 385 4418 μ..
469 4352 632 4413 demonstrat]
643 4352 666 4401 G
678 4369 685 4409 ς
704 4353 877 4400 demonstraret
887 4370 913 4414 μ.
1014 4366 1030 4413 9
1049 4353 1198 4414 virtutibus]
1218 4371 1234 4416 p
1247 4370 1255 4412 ;
1267 4355 1373 4404 virtuter
1386 4356 1417 4406 G.
1522 4371 1546 4406 11
1561 4359 1591 4406 in

234 4438 306 4499 virro]
319 4437 359 4497 G;
372 4439 401 4486 in
413 4438 505 4486 vinum
519 4453 546 4499 μ.
651 4445 678 4495 17
691 4434 803 4497 exspuit]
815 4437 903 4498 expuit
916 4435 947 4484 G.
1049 4448 1079 4482 22
1092 4435 1199 4495 Siloam]
1211 4437 1311 4498 Sylaarrr
1325 4437 1355 4487 G.

282 4610 305 4648 1.
322 4609 379 4647 naa
394 4587 548 4668 habebant]
565 4591 609 4649 10.
629 4609 653 4660 2,
676 4608 687 4645 r
706 4606 750 4665 sq.
980 4607 1025 4661 ²7·
1043 4585 1331 4667 irrfirruuserat]10.
1354 4609 1396 4660 rr,
1417 4610 1429 4646 1
1448 4607 1490 4666 sq.

284 4667 528 4750 19.etlaar't]10.
547 4691 574 4746 9,
593 4691 605 4727 1
624 4690 666 4746 sq.
