4202 5492
430 391 488 473 60
811 415 840 474 s,
866 413 1404 475 11111011111111113111111111

436 631 602 694 veteribus
617 631 797 708 codicibus,
812 627 870 695 sed
884 631 1037 694 homines
1053 631 1244 712 ignorantes
1254 630 1400 694 tuterunt
1416 622 1506 695 iilud.
1516 631 1672 714 Denique
1682 632 1788 696 muita

433 733 607 818 evangelia
623 755 728 818 usque
744 735 843 801 bodie
859 735 906 798 ita
933 734 1058 798 habent
1072 738 1080 765 ⁴
1098 733 1147 798 Ut
1171 729 1366 815 ¹impieretur
1380 735 1471 817 quod
1487 734 1647 818 scriptum
1663 745 1714 798 est
1730 755 1788 818 per

435 837 569 901 Esaiam
588 836 808 920 prophetam:
834 839 994 922 Aperiam
1011 839 1044 901 in
1062 837 1220 920 parabola
1236 857 1273 902 os
1301 828 1422 916 meum,
1437 837 1574 921 eloquar
1589 839 1787 922 propositio·

431 962 489 1005 nes
505 944 548 1005 ab
573 937 668 1006 initio'
684 943 699 1006 ’.
718 944 795 1006 Hoc
807 935 810 942 ’
823 945 940 1011 Esaias
956 963 1022 1008 non
1047 942 1201 1027 loquitur,
1216 943 1284 1007 sed·
1302 943 1430 1026 Asaph.
1457 933 1613 1025 Denique
1628 955 1661 1008 et
1677 944 1787 1026 inpius

434 1046 489 1108 iiie
508 1046 709 1128 Porphyrius
725 1047 882 1128 proponit
898 1049 1073 1111 adversum
1091 1067 1152 1110 nos
1167 1047 1230 1110 hoc
1247 1047 1366 1129 ipsum,
1381 1057 1414 1110 et
1430 1045 1511 1111 dicit
1525 1069 1533 1110 :
1547 1051 1555 1079 ⁴
1570 1035 1786 1129 Evan'geiista
1821 1067 1835 1119 5

435 1160 544 1213 vester
569 1149 762 1213 Matthaeus
781 1161 849 1214 tam
878 1151 1039 1234 inperitus
1064 1151 1135 1229 suit,
1159 1160 1196 1215 ut
1221 1151 1355 1228 diceret,
1380 1151 1470 1232 quod
1498 1137 1725 1232 scriptumest
1752 1151 1784 1214 in

434 1253 535 1316 Esaia
552 1253 724 1335 propheta,
742 1251 901 1336 Aperiam
919 1256 951 1318 in
969 1255 1127 1339 parabola
1139 1245 1178 1320 os
1195 1245 1317 1332 meum,
1330 1254 1467 1336 eloquar
1483 1252 1727 1336 propositiones
1743 1255 1785 1318 ab

432 1357 526 1420 initio
542 1357 559 1422 ’.
575 1358 667 1439 Ergo
681 1357 875 1439 simpliciter
890 1359 1061 1424 dicamus:
1077 1359 1248 1441 quomodo
1275 1357 1356 1422 iilud
1374 1359 1406 1422 in
1423 1356 1597 1439 evangelio
1624 1357 1783 1441 scriptum

429 1467 492 1541 est,
515 1464 742 1546 scriptumest
768 1463 801 1526 in
821 1461 1003 1526 ‘Matthaeo
1028 1457 1061 1528 et
1090 1461 1241 1526 Iohanne
1255 1463 1346 1545 quod
1374 1462 1541 1526 Dominus
1568 1472 1681 1526 noster
1703 1462 1784 1526 bora

428 1578 525 1632 sexta
542 1567 721 1631 crucifixus
745 1568 797 1643 sit,
813 1585 943 1630 rursum
960 1567 1122 1650 scriptum
1138 1577 1189 1631 est
1205 1567 1238 1630 in
1266 1567 1382 1631 Marco
1408 1567 1486 1650 quia
1502 1566 1584 1632 bora
1599 1567 1697 1631 tertia
1713 1587 1783 1632 cru·
1805 1587 1835 1626 ro

427 1671 546 1735 cifixus
562 1672 613 1736 sit.
633 1673 708 1734 Hoc
724 1671 855 1736 videtur
870 1691 944 1734 esse
959 1667 1142 1750 diversum,
1153 1670 1212 1734 sed
1230 1691 1296 1736 non
1323 1681 1374 1736 est
1390 1672 1567 1737 diversum.
1591 1670 1691 1735 Error
1707 1672 1783 1734 scri·

427 1783 559 1855 ptorum
577 1775 658 1838 suit:
675 1785 708 1840 et
725 1776 756 1838 in
773 1775 889 1838 Marco
904 1774 987 1838 hora
1003 1785 1101 1838 sexta
1113 1769 1273 1858 scriptum
1291 1773 1362 1852 fuit,
1378 1775 1437 1838 sed
1452 1775 1547 1841 multi
1564 1797 1624 1859 pro
1639 1771 1783 1863 ἐπισήμῳ

426 1899 548 1962 graeco
564 1881 764 1962 putaverunt
789 1899 861 1944 esse
877 1899 1023 1962 gamma.
1040 1879 1134 1944 Sicut
1150 1880 1239 1943 enim
1269 1879 1312 1942 ibi
1329 1898 1419 1942 error
1436 1878 1497 1943 suit
1513 1880 1721 1963 scriptorum,
1737 1883 1783 1946 sic

426 1994 459 2048 et
475 1983 528 2048 hic
543 2007 633 2048 error
650 1985 711 2050 suit
727 1988 938 2070 scriptorum,
954 1995 990 2048 ut
1006 2006 1066 2067 pro
1082 1985 1200 2066 Asaph
1219 1984 1354 2048 Esaiam
1380 1981 1569 2050 scriberent.
1586 1984 1783 2050 Nescientes

425 2089 514 2152 enim
530 2090 623 2172 (quia
639 2090 746 2173 prima
763 2089 901 2154 ecclesia
916 2091 958 2153 de
976 2090 1124 2171 inperitis
1136 2099 1340 2173 congregata
1356 2088 1418 2152 suit
1429 2087 1601 2172 gentibus)
1616 2109 1781 2173 ergocum
1803 2109 1831 2163 ις

425 2189 573 2274 legerent
589 2195 622 2258 in
650 2190 824 2277 evangelio
839 2195 847 2225 ‘
865 2193 913 2258 Ut
941 2192 1134 2274 impleretur
1149 2195 1238 2277 quod
1264 2193 1424 2276 scriptum
1442 2203 1492 2259 est
1515 2195 1547 2259 in
1573 2195 1691 2279 Asaph
1707 2217 1781 2281 pro-

426 2296 529 2379 pheta
544 2297 552 2325 ’
568 2296 623 2361 iile
638 2299 695 2381 qui
712 2300 838 2381 primus
863 2297 1030 2361 scribebat
1052 2299 1263 2381 evangelium
1279 2298 1391 2380 coepit
1405 2285 1534 2364 dicere:
1552 2299 1637 2384 Quis
1652 2312 1703 2367 est
1720 2303 1782 2368 iste

424 2395 545 2478 Asaph
561 2397 748 2479 propheta?
765 2399 841 2464 Non
858 2411 928 2466 erat
945 2410 1043 2466 notus
1061 2403 1092 2464 in
1110 2403 1243 2484 populo.
1263 2403 1307 2466 Et
1323 2402 1402 2485 quid
1420 2402 1524 2467 iecit?
1541 2414 1577 2468 ut
1597 2405 1677 2470 dum
1694 2425 1781 2472 erro·

425 2520 493 2564 rem
510 2502 713 2580 emendaret,
730 2502 806 2568 fecit
833 2523 985 2568 errorem.
1003 2504 1164 2570 Dicamus
1191 2506 1317 2589 aliquid
1331 2506 1450 2586 simile,
1465 2518 1498 2573 et
1524 2512 1556 2571 in
1574 2509 1640 2574 aiio
1656 2509 1731 2575 ioco
1747 2513 1779 2576 in

424 2604 599 2686 evangelio
614 2608 796 2671 secundum
814 2608 1184 2692 Matthaeum,quando
1202 2611 1303 2674 Iudas
1316 2610 1427 2674 retulit
1443 2612 1581 2694 triginta
1594 2625 1780 2696 argenteos,
1797 2634 1829 2672 ao

423 2717 458 2772 et
474 2708 650 2774 noluerunt
666 2711 815 2794 accipere
837 2713 1026 2777 sacerdotes
1054 2734 1114 2777 nec
1132 2715 1262 2778 mittere
1289 2715 1322 2776 in
1339 2714 1517 2792 corbanan,
1532 2717 1691 2799 quoniam
1707 2731 1779 2785 erat

423 2813 566 2896 pretium
583 2813 754 2896 sanguinis
769 2838 775 2879 :
792 2825 825 2878 et
841 2827 993 2882 emerunt
1010 2817 1088 2882 inde
1104 2835 1221 2899 agrum
1239 2815 1330 2901 figuli
1355 2817 1388 2882 iu
1405 2819 1612 2902 sepulturam
1633 2807 1777 2907 peregri·

423 2935 549 2981 norum.
567 2918 713 2982 Pretium
731 2919 844 3002 Xpisti
861 2920 1032 3003 sepultura
1059 2931 1172 2986 nostra
1188 2929 1258 2986 est:
1275 2928 1309 2985 et
1334 2909 1473 2987 iocatur
1488 2943 1569 3005 ager
1585 2923 1639 2988 iiie
1655 2926 1777 2992 Achel-

421 3019 572 3098 demach,
602 3022 692 3103 quod
728 3032 778 3086 est
810 3043 889 3106 ager
923 3025 1104 3107 sanguinis.
1140 3023 1322 3106 Sanguinis
1357 3045 1436 3106 ager
1470 3027 1680 3106 Iudaeorum,
1718 3031 1777 3094 sed

455 3223 468 3276 5
481 3212 574 3278 iprum]
583 3216 659 3278 ipsud
668 3211 698 3265 C.
776 3225 790 3278 7
800 3219 830 3266 ab
843 3217 982 3279 iniriol‘SG
993 3209 1051 3270 add.
1065 3222 1165 3270 sacculi
1241 3221 1257 3270 8
1267 3221 1296 3270 in
1305 3205 1431 3286 wanpelio
1440 3221 1560 3288 scm'plr'rm
1568 3219 1614 3282 est]
1624 3221 1639 3292 β
1649 3223 1723 3276 inser.
1732 3228 1774 3278 sic.

423 3308 451 3345 ¹2
463 3311 509 3360 pro
521 3290 657 3366 ἐπισήμῳ]
664 3307 711 3361 pro
722 3300 825 3362 episoma
837 3301 854 3352 S
865 3319 872 3361 ;
886 3317 932 3366 pro
943 3303 1046 3367 episoma
1057 3302 1170 3364 ABCG;
1187 3304 1321 3369 cpisemum
1336 3303 1360 3372 β.
1456 3317 1485 3368 13
1496 3306 1532 3354 ric
1546 3312 1569 3354 et
1585 3305 1626 3356 lrr'c
1640 3321 1712 3358 error
1718 3308 1778 3373 sm'r

418 3380 577 3444 srrrptcrrrm]
591 3379 662 3430 Haec
675 3383 751 3431 verba
762 3382 819 3434 cod.
834 3384 853 3435 S
864 3399 928 3434 unus
938 3385 1053 3435 servavit.
1131 3384 1322 3447 rarescentes]
1334 3386 1376 3436 SG
1387 3404 1394 3445 ς
1407 3387 1582 3446 1111111111111
1601 3388 1692 3438 scimus
1704 3387 1774 3458 βΒΟ.

422 3473 449 3526 15
457 3463 556 3528 prium]
563 3463 680 3526 plurima
693 3463 736 3512 BC
745 3481 753 3524 ς
760 3465 906 3528 plurimum
918 3465 950 3515 A.
1047 3467 1173 3530 gentibus]
1181 3467 1318 3530 gentilitus
1329 3468 1360 3516 Α.
1466 3479 1494 3531 17
1499 3471 1612 3536 primus]
1620 3468 1735 3538 prr‘nrum
1747 3475 1773 3525 S.

419 3544 685 3608 24luraeorum1non
698 3545 850 3596 ludaeorum
864 3544 908 3615 ps.
1501 3583 1503 3590 .

418 3676 536 3752 vulgata
551 3676 642 3737 habet
656 3675 750 3737 editio
770 3684 805 3736 ut
816 3678 985 3754 inpleretur
996 3679 1075 3754 quod
1122 3699 1186 3738 rum
1209 3677 1239 3738 in
1260 3679 1360 3742 multis
1381 3681 1472 3744 hodie
1494 3683 1652 3747 codicibus
1679 3687 1775 3748 isaiae

416 3757 523 3816 dicium
545 3767 588 3819 est
606 3769 663 3835 per
671 3759 841 3836 proplietam
864 3760 1006 3832 dr'cenrem,
1030 3761 1070 3821 ibi
1122 3780 1232 3821 nornen
1268 3761 1382 3839 legitur,
1423 3781 1461 3825 ne
1490 3765 1520 3825 in
1551 3785 1612 3828 uno
1650 3768 1773 3847 quidem

417 3838 558 3916 scripturn
576 3849 632 3916 per
653 3841 766 3899 Isarirm
785 3841 957 3920 prophetam
981 3842 1071 3900 dr'cen-
1122 3844 1232 3919 Asaph.

417 3927 479 3978 terre.
506 3923 598 3999 Quod
622 3919 692 3997 quia
714 3921 839 3983 minime
863 3920 1070 3982 inveniebatur
1163 3944 1188 4000 9.
1205 3925 1238 3983 in
1253 3925 1420 4008 Mattiaco]
1435 3946 1481 4002 27,
1498 3947 1545 4007 45.

416 3997 446 4059 in
471 4002 558 4076 Isaia,
576 4003 700 4062 arbitror
717 4014 856 4079 postea'a
871 4004 1068 4079 prudentibus
1204 4015 1233 4064 ct
1244 4008 1378 4067 Iohanne
1418 4029 1517 4085 19,14.

416 4081 559 4145 virisesse
573 4085 733 4144 sublatum.
747 4085 806 4144 Sed
820 4083 892 4144 mihi
907 4085 1023 4145 videtur
1038 4085 1068 4144 in
1165 4106 1208 4150 10.
1223 4089 1254 4146 in
1267 4089 1371 4149 Marco
1403 4108 1447 4167 15,
1462 4107 1508 4166 25.

300 4224 302 4228 ,
416 4163 562 4241 principio
576 4165 615 4225 ira
630 4166 764 4225 editum:
782 4166 869 4242 Quod
880 4168 1017 4244 scrr'pmm
1028 4176 1071 4227 cs!
1164 4187 1207 4243 13.
1221 4178 1403 4245 putaverunt
1428 4191 1483 4231 csse
1496 4173 1629 4256 ganemu]
1650 4178 1772 4238 Inverso
1835 4197 1837 4200 ·

409 4255 467 4322 per
478 4248 582 4325 Asaph
593 4247 763 4324 propheram
777 4247 941 4308 dr'centerrr...
958 4261 987 4308 et
1013 4249 1068 4326 pri·
1119 4249 1226 4310 ordine
1244 4252 1281 4312 ad
1304 4253 1441 4312 Marcum
1462 4257 1598 4316 transfert
1625 4257 1773 4336 Hierony·

415 4331 679 4406 mumscriptorem
691 4347 751 4387 non
765 4328 943 4391 intellexisse
955 4331 1066 4407 Asaph,
1119 4349 1193 4402 mus,
1214 4351 1292 4409 quae
1311 4332 1350 4393 de
1373 4335 1416 4396 10.
1442 4354 1485 4410 19,
1506 4355 1542 4410 14
1565 4339 1713 4399 Eusebius
1739 4339 1770 4400 in

413 4420 442 4467 et
456 4421 574 4484 putasse
584 4409 733 4488 scriptoris
744 4409 856 4484 vitium,
869 4424 1066 4488 atqueemen-
1119 4414 1126 4443 ⁶
1143 4412 1376 4486 Quaestionibus
1387 4416 1426 4475 ad
1440 4416 1590 4478 Marinum
1603 4422 1610 4447 '
1623 4422 1701 4497 prius
1717 4433 1771 4482 tra·

415 4491 501 4550 dasse
517 4513 627 4553 nomen
652 4491 756 4564 Isaiae,
780 4491 864 4552 cuius
887 4492 1064 4553 vocabulum
1118 4493 1243 4553 diderat.
1258 4496 1304 4556 Cr.
1316 4497 1390 4556 Patr.
1409 4500 1459 4556 Gr.
1475 4519 1621 4576 22,1009.

414 4573 597 4636 manifestius
609 4586 670 4634 erat
682 4577 696 4632 '.
710 4576 755 4635 Cr.
771 4575 878 4634 Euseb.
901 4585 1061 4634 comment.
1160 4595 1205 4634 20.
1218 4578 1368 4635 secundam
1383 4579 1583 4662 Marrtaeum]
1596 4603 1641 4658 27,
1655 4588 1672 4642 6
1685 4603 1748 4661 sqq.

413 4652 443 4712 in
459 4654 539 4716 hunc
549 4659 653 4735 psalm.
665 4659 740 4714 Patr.
755 4657 804 4716 Gr.
829 4677 875 4733 23,
897 4677 963 4734 90¹·
979 4658 1064 4718 Cete-
1700 4699 1703 4708 Δ
