<?xml version="1.0" encoding="UTF-8"?>
<!DOCTYPE html PUBLIC "-//W3C//DTD XHTML 1.0 Transitional//EN"
    "http://www.w3.org/TR/xhtml1/DTD/xhtml1-transitional.dtd">
<html xmlns="http://www.w3.org/1999/xhtml" xml:lang="en" lang="en">
 <head>
  <title>
</title>
<meta http-equiv="Content-Type" content="text/html;charset=utf-8" />
  <meta name='ocr-system' content='tesseract 3.04.00' />
  <meta name='ocr-capabilities' content='ocr_page ocr_carea ocr_par ocr_line ocrx_word'/>
</head>
<body>
  <div class='ocr_page' id='page_1' title='image "./commentarioliin00morigoog/commentarioliin00morigoog_0289.png"; bbox 0 0 4202 5492; ppageno 0'>
   <div class='ocr_carea' id='block_1_1' title="bbox 470 383 1446 514">
    <p class='ocr_par' dir='ltr' id='par_1_1' title="bbox 470 383 1446 514">
     <span class='ocr_line' id='line_1_1' title="bbox 470 383 1446 514; baseline -0.002 -24"><span class='ocrx_word' id='word_1_1' title='bbox 470 431 548 514; x_wconf 82' lang='lat'>132</span> <span class='ocrx_word' id='word_1_2' title='bbox 850 428 879 490; x_wconf 84' lang='lat' dir='ltr'>s</span> <span class='ocrx_word' id='word_1_3' title='bbox 903 427 1158 490; x_wconf 78' lang='lat' dir='ltr'>nrnnouuur</span> <span class='ocrx_word' id='word_1_4' title='bbox 1181 383 1446 490; x_wconf 66' lang='lat' dir='ltr'>tnesaurum</span> 
     </span>
    </p>
   </div>
   <div class='ocr_carea' id='block_1_2' title="bbox 450 643 1873 3624">
    <p class='ocr_par' dir='ltr' id='par_1_2' title="bbox 450 643 1873 3624">
     <span class='ocr_line' id='line_1_2' title="bbox 467 643 1820 731; baseline -0.003 -16"><span class='ocrx_word' id='word_1_5' title='bbox 467 649 597 715; x_wconf 90' lang='lat' dir='ltr'>ieiuniis</span> <span class='ocrx_word' id='word_1_6' title='bbox 613 647 902 731; x_wconf 90' lang='lat' dir='ltr'>disputare.Vides</span> <span class='ocrx_word' id='word_1_7' title='bbox 917 665 999 730; x_wconf 89' lang='lat' dir='ltr'>ergo</span> <span class='ocrx_word' id='word_1_8' title='bbox 1018 645 1098 729; x_wconf 94' lang='lat' dir='ltr'>quid</span> <span class='ocrx_word' id='word_1_9' title='bbox 1114 645 1213 724; x_wconf 89' lang='lat' dir='ltr'>dicat,</span> <span class='ocrx_word' id='word_1_10' title='bbox 1230 644 1296 728; x_wconf 91' lang='lat' dir='ltr'>Qui</span> <span class='ocrx_word' id='word_1_11' title='bbox 1313 643 1409 728; x_wconf 88' lang='lat' dir='ltr'>lingit</span> <span class='ocrx_word' id='word_1_12' title='bbox 1425 644 1574 712; x_wconf 87' lang='lat' dir='ltr'>laborem</span> <span class='ocrx_word' id='word_1_13' title='bbox 1587 647 1619 710; x_wconf 92' lang='lat' dir='ltr'>in</span> <span class='ocrx_word' id='word_1_14' title='bbox 1632 654 1820 730; x_wconf 87' lang='lat' dir='ltr'>praecepto.</span> 
     </span>
     <span class='ocr_line' id='line_1_3' title="bbox 468 751 1819 836; baseline -0.004 -15"><span class='ocrx_word' id='word_1_15' title='bbox 468 755 593 821; x_wconf 90' lang='lat' dir='ltr'>Omnia</span> <span class='ocrx_word' id='word_1_16' title='bbox 619 762 797 836; x_wconf 87' lang='lat' dir='ltr'>praecepta</span> <span class='ocrx_word' id='word_1_17' title='bbox 814 753 951 816; x_wconf 87' lang='lat' dir='ltr'>Domini</span> <span class='ocrx_word' id='word_1_18' title='bbox 980 751 1128 816; x_wconf 89' lang='lat' dir='ltr'>laborem</span> <span class='ocrx_word' id='word_1_19' title='bbox 1156 751 1390 816; x_wconf 80' lang='lat' dir='ltr'>babentrsine</span> <span class='ocrx_word' id='word_1_20' title='bbox 1417 751 1529 815; x_wconf 90' lang='lat' dir='ltr'>labore</span> <span class='ocrx_word' id='word_1_21' title='bbox 1557 771 1623 816; x_wconf 93' lang='lat' dir='ltr'>non</span> <span class='ocrx_word' id='word_1_22' title='bbox 1641 771 1819 834; x_wconf 88' lang='lat' dir='ltr'>possumus</span> 
     </span>
     <span class='ocr_line' id='line_1_4' title="bbox 466 855 1818 942; baseline -0.003 -18"><span class='ocrx_word' id='word_1_23' title='bbox 466 859 636 942; x_wconf 89' lang='lat' dir='ltr'>possidere</span> <span class='ocrx_word' id='word_1_24' title='bbox 663 877 764 940; x_wconf 86' lang='lat' dir='ltr'>regna</span> <span class='ocrx_word' id='word_1_25' title='bbox 789 856 965 921; x_wconf 87' lang='lat' dir='ltr'>caelorum.</span> <span class='ocrx_word' id='word_1_26' title='bbox 981 855 1092 920; x_wconf 88' lang='lat' dir='ltr'>Vultis</span> <span class='ocrx_word' id='word_1_27' title='bbox 1109 855 1192 920; x_wconf 91' lang='lat' dir='ltr'>scire</span> <span class='ocrx_word' id='word_1_28' title='bbox 1214 856 1293 938; x_wconf 91' lang='lat' dir='ltr'>quia</span> <span class='ocrx_word' id='word_1_29' title='bbox 1309 857 1355 919; x_wconf 85' lang='lat' dir='ltr'>ita</span> <span class='ocrx_word' id='word_1_30' title='bbox 1370 861 1447 921; x_wconf 80' lang='lat' dir='ltr'>est?</span> <span class='ocrx_word' id='word_1_31' title='bbox 1463 859 1471 888; x_wconf 89' lang='lat'>‘</span> <span class='ocrx_word' id='word_1_32' title='bbox 1488 855 1524 921; x_wconf 92' lang='lat' dir='ltr'>Si</span> <span class='ocrx_word' id='word_1_33' title='bbox 1540 856 1599 934; x_wconf 88' lang='lat' dir='ltr'>vis,</span> <span class='ocrx_word' id='word_1_34' title='bbox 1615 856 1731 939; x_wconf 89' lang='lat' dir='ltr'>inquit,</span> <span class='ocrx_word' id='word_1_35' title='bbox 1747 875 1818 939; x_wconf 87' lang='lat' dir='ltr'>per·</span> 
     </span>
     <span class='ocr_line' id='line_1_5' title="bbox 467 961 1819 1046; baseline -0.004 -18"><span class='ocrx_word' id='word_1_36' title='bbox 467 965 572 1028; x_wconf 86' lang='lat' dir='ltr'>iectus</span> <span class='ocrx_word' id='word_1_37' title='bbox 588 983 669 1040; x_wconf 90' lang='lat' dir='ltr'>esse,</span> <span class='ocrx_word' id='word_1_38' title='bbox 684 961 777 1040; x_wconf 91' lang='lat' dir='ltr'>vade,</span> <span class='ocrx_word' id='word_1_39' title='bbox 793 962 901 1026; x_wconf 87' lang='lat' dir='ltr'>vende</span> <span class='ocrx_word' id='word_1_40' title='bbox 916 963 1030 1025; x_wconf 88' lang='lat' dir='ltr'>omnia</span> <span class='ocrx_word' id='word_1_41' title='bbox 1046 979 1132 1044; x_wconf 88' lang='lat' dir='ltr'>quae</span> <span class='ocrx_word' id='word_1_42' title='bbox 1147 961 1307 1043; x_wconf 83' lang='lat' dir='ltr'>possides,</span> <span class='ocrx_word' id='word_1_43' title='bbox 1323 970 1356 1025; x_wconf 90' lang='lat' dir='ltr'>et</span> <span class='ocrx_word' id='word_1_44' title='bbox 1373 961 1417 1025; x_wconf 88' lang='lat' dir='ltr'>da</span> <span class='ocrx_word' id='word_1_45' title='bbox 1437 962 1649 1046; x_wconf 85' lang='lat' dir='ltr'>pauperibus,</span> <span class='ocrx_word' id='word_1_46' title='bbox 1676 972 1710 1026; x_wconf 90' lang='lat' dir='ltr'>et</span> <span class='ocrx_word' id='word_1_47' title='bbox 1735 962 1819 1038; x_wconf 87' lang='lat' dir='ltr'>veni,</span> 
     </span>
     <span class='ocr_line' id='line_1_6' title="bbox 466 1064 1872 1151; baseline 0 -19"><span class='ocrx_word' id='word_1_48' title='bbox 466 1087 604 1151; x_wconf 84' lang='lat' dir='ltr'>sequere</span> <span class='ocrx_word' id='word_1_49' title='bbox 620 1085 681 1130; x_wconf 93' lang='lat' dir='ltr'>me.</span> <span class='ocrx_word' id='word_1_50' title='bbox 697 1065 704 1094; x_wconf 82' lang='lat'>¹</span> <span class='ocrx_word' id='word_1_51' title='bbox 722 1064 788 1148; x_wconf 91' lang='lat' dir='ltr'>Qui</span> <span class='ocrx_word' id='word_1_52' title='bbox 805 1065 885 1142; x_wconf 89' lang='lat' dir='ltr'>vult,</span> <span class='ocrx_word' id='word_1_53' title='bbox 900 1064 1017 1148; x_wconf 87' lang='lat' dir='ltr'>inquit,</span> <span class='ocrx_word' id='word_1_54' title='bbox 1031 1066 1188 1148; x_wconf 86' lang='lat' dir='ltr'>consequi</span> <span class='ocrx_word' id='word_1_55' title='bbox 1216 1083 1316 1149; x_wconf 85' lang='lat' dir='ltr'>regna</span> <span class='ocrx_word' id='word_1_56' title='bbox 1341 1065 1518 1143; x_wconf 89' lang='lat' dir='ltr'>caelorum,</span> <span class='ocrx_word' id='word_1_57' title='bbox 1533 1064 1650 1128; x_wconf 91' lang='lat' dir='ltr'>diebus</span> <span class='ocrx_word' id='word_1_58' title='bbox 1666 1073 1700 1128; x_wconf 92' lang='lat' dir='ltr'>et</span> <span class='ocrx_word' id='word_1_59' title='bbox 1716 1064 1819 1128; x_wconf 92' lang='lat' dir='ltr'>nocti·</span> <span class='ocrx_word' id='word_1_60' title='bbox 1857 1077 1872 1132; x_wconf 86' lang='grc'><strong><em>5</em></strong></span> 
     </span>
     <span class='ocr_line' id='line_1_7' title="bbox 450 1167 1815 1252; baseline -0.004 -16"><span class='ocrx_word' id='word_1_61' title='bbox 450 1171 528 1236; x_wconf 60' lang='grc' dir='ltr'>1βιιε</span> <span class='ocrx_word' id='word_1_62' title='bbox 543 1178 625 1248; x_wconf 89' lang='lat' dir='ltr'>oret,</span> <span class='ocrx_word' id='word_1_63' title='bbox 640 1169 763 1251; x_wconf 90' lang='lat' dir='ltr'>vigilet,</span> <span class='ocrx_word' id='word_1_64' title='bbox 787 1167 919 1243; x_wconf 81' lang='lat' dir='ltr'>ieiunet,</span> <span class='ocrx_word' id='word_1_65' title='bbox 936 1170 1042 1233; x_wconf 90' lang='lat' dir='ltr'>iaceat</span> <span class='ocrx_word' id='word_1_66' title='bbox 1058 1169 1091 1232; x_wconf 93' lang='lat' dir='ltr'>in</span> <span class='ocrx_word' id='word_1_67' title='bbox 1108 1169 1263 1251; x_wconf 86' lang='lat' dir='ltr'>psiathio,</span> <span class='ocrx_word' id='word_1_68' title='bbox 1278 1189 1345 1235; x_wconf 91' lang='lat' dir='ltr'>non</span> <span class='ocrx_word' id='word_1_69' title='bbox 1362 1169 1395 1234; x_wconf 92' lang='lat' dir='ltr'>in</span> <span class='ocrx_word' id='word_1_70' title='bbox 1412 1169 1588 1252; x_wconf 91' lang='lat' dir='ltr'>plumacio,</span> <span class='ocrx_word' id='word_1_71' title='bbox 1603 1188 1671 1232; x_wconf 93' lang='lat' dir='ltr'>non</span> <span class='ocrx_word' id='word_1_72' title='bbox 1689 1169 1722 1232; x_wconf 94' lang='lat' dir='ltr'>in</span> <span class='ocrx_word' id='word_1_73' title='bbox 1738 1168 1815 1231; x_wconf 89' lang='lat' dir='ltr'>seri·</span> 
     </span>
     <span class='ocr_line' id='line_1_8' title="bbox 465 1270 1815 1356; baseline 0 -20"><span class='ocrx_word' id='word_1_74' title='bbox 465 1293 514 1337; x_wconf 92' lang='lat' dir='ltr'>co.</span> <span class='ocrx_word' id='word_1_75' title='bbox 542 1270 749 1336; x_wconf 86' lang='lat' dir='ltr'>Paenitentia</span> <span class='ocrx_word' id='word_1_76' title='bbox 776 1290 842 1336; x_wconf 94' lang='lat' dir='ltr'>non</span> <span class='ocrx_word' id='word_1_77' title='bbox 871 1282 963 1334; x_wconf 85' lang='lat' dir='ltr'>amat</span> <span class='ocrx_word' id='word_1_78' title='bbox 988 1271 1134 1338; x_wconf 81' lang='lat' dir='ltr'>delicias.</span> <span class='ocrx_word' id='word_1_79' title='bbox 1160 1277 1167 1305; x_wconf 84' lang='lat'>⁸</span> <span class='ocrx_word' id='word_1_80' title='bbox 1195 1271 1284 1355; x_wconf 84' lang='lat' dir='ltr'>Quia</span> <span class='ocrx_word' id='word_1_81' title='bbox 1310 1274 1464 1352; x_wconf 87' lang='lat' dir='ltr'>cinerem,</span> <span class='ocrx_word' id='word_1_82' title='bbox 1495 1273 1612 1356; x_wconf 91' lang='lat' dir='ltr'>inquit,</span> <span class='ocrx_word' id='word_1_83' title='bbox 1642 1282 1815 1356; x_wconf 89' lang='lat' dir='ltr'>tamquam</span> 
     </span>
     <span class='ocr_line' id='line_1_9' title="bbox 465 1375 1818 1461; baseline 0.001 -21"><span class='ocrx_word' id='word_1_84' title='bbox 465 1395 587 1460; x_wconf 90' lang='lat' dir='ltr'>panem</span> <span class='ocrx_word' id='word_1_85' title='bbox 612 1375 819 1452; x_wconf 90' lang='lat' dir='ltr'>manducavi,</span> <span class='ocrx_word' id='word_1_86' title='bbox 834 1385 867 1440; x_wconf 90' lang='lat' dir='ltr'>ct</span> <span class='ocrx_word' id='word_1_87' title='bbox 883 1385 1000 1459; x_wconf 90' lang='lat' dir='ltr'>potum</span> <span class='ocrx_word' id='word_1_88' title='bbox 1018 1396 1129 1441; x_wconf 91' lang='lat' dir='ltr'>meum</span> <span class='ocrx_word' id='word_1_89' title='bbox 1146 1396 1221 1441; x_wconf 91' lang='lat' dir='ltr'>cum</span> <span class='ocrx_word' id='word_1_90' title='bbox 1239 1376 1316 1442; x_wconf 87' lang='lat' dir='ltr'>lietu</span> <span class='ocrx_word' id='word_1_91' title='bbox 1342 1377 1532 1443; x_wconf 86' lang='lat' dir='ltr'>miscebam.</span> <span class='ocrx_word' id='word_1_92' title='bbox 1548 1378 1555 1406; x_wconf 89' lang='lat'>’</span> <span class='ocrx_word' id='word_1_93' title='bbox 1574 1376 1757 1461; x_wconf 80' lang='lat' dir='ltr'>Que&#39;fingr&#39;t</span> <span class='ocrx_word' id='word_1_94' title='bbox 1768 1376 1818 1441; x_wconf 90' lang='lat' dir='ltr'>la-</span> 
     </span>
     <span class='ocr_line' id='line_1_10' title="bbox 466 1479 1817 1565; baseline 0.001 -21"><span class='ocrx_word' id='word_1_95' title='bbox 466 1481 571 1544; x_wconf 85' lang='lat' dir='ltr'>barem</span> <span class='ocrx_word' id='word_1_96' title='bbox 587 1479 621 1542; x_wconf 84' lang='lat' dir='ltr'>r‘n</span> <span class='ocrx_word' id='word_1_97' title='bbox 630 1488 797 1561; x_wconf 80' lang='lat' dir='ltr'>praecepta</span> <span class='ocrx_word' id='word_1_98' title='bbox 808 1501 820 1544; x_wconf 93' lang='grc'>.·</span> <span class='ocrx_word' id='word_1_99' title='bbox 834 1480 1008 1562; x_wconf 81' lang='lat' dir='ltr'>captabunt</span> <span class='ocrx_word' id='word_1_100' title='bbox 1020 1481 1170 1546; x_wconf 83' lang='lat' dir='ltr'>animam</span> <span class='ocrx_word' id='word_1_101' title='bbox 1185 1481 1273 1546; x_wconf 79' lang='lat' dir='ltr'>iusti.</span> <span class='ocrx_word' id='word_1_102' title='bbox 1287 1483 1592 1565; x_wconf 90' lang='lat' dir='ltr'>Videtequomodo</span> <span class='ocrx_word' id='word_1_103' title='bbox 1602 1482 1817 1547; x_wconf 86' lang='lat' dir='ltr'>videturesse</span> 
     </span>
     <span class='ocr_line' id='line_1_11' title="bbox 466 1583 1873 1670; baseline 0.001 -20"><span class='ocrx_word' id='word_1_104' title='bbox 466 1604 532 1650; x_wconf 91' lang='lat' dir='ltr'>non</span> <span class='ocrx_word' id='word_1_105' title='bbox 550 1603 745 1650; x_wconf 87' lang='lat' dir='ltr'>consonans.</span> <span class='ocrx_word' id='word_1_106' title='bbox 763 1584 859 1668; x_wconf 85' lang='lat' dir='ltr'>Quae</span> <span class='ocrx_word' id='word_1_107' title='bbox 875 1585 962 1648; x_wconf 89' lang='lat' dir='ltr'>enim</span> <span class='ocrx_word' id='word_1_108' title='bbox 980 1595 1029 1650; x_wconf 90' lang='lat' dir='ltr'>est</span> <span class='ocrx_word' id='word_1_109' title='bbox 1046 1587 1295 1669; x_wconf 88' lang='lat' dir='ltr'>consequentia,</span> <span class='ocrx_word' id='word_1_110' title='bbox 1311 1585 1377 1670; x_wconf 92' lang='lat' dir='ltr'>Qui</span> <span class='ocrx_word' id='word_1_111' title='bbox 1395 1583 1490 1668; x_wconf 88' lang='lat' dir='ltr'>lingit</span> <span class='ocrx_word' id='word_1_112' title='bbox 1505 1586 1653 1651; x_wconf 89' lang='lat' dir='ltr'>laborem</span> <span class='ocrx_word' id='word_1_113' title='bbox 1671 1587 1705 1651; x_wconf 91' lang='lat' dir='ltr'>in</span> <span class='ocrx_word' id='word_1_114' title='bbox 1724 1606 1818 1670; x_wconf 87' lang='lat' dir='ltr'>prae·</span> <span class='ocrx_word' id='word_1_115' title='bbox 1841 1601 1873 1640; x_wconf 84' lang='lat'>¹0</span> 
     </span>
     <span class='ocr_line' id='line_1_12' title="bbox 466 1687 1819 1776; baseline 0.001 -22"><span class='ocrx_word' id='word_1_116' title='bbox 466 1698 586 1773; x_wconf 90' lang='lat' dir='ltr'>cepto:</span> <span class='ocrx_word' id='word_1_117' title='bbox 613 1687 799 1771; x_wconf 90' lang='lat' dir='ltr'>captabunt</span> <span class='ocrx_word' id='word_1_118' title='bbox 828 1689 974 1753; x_wconf 87' lang='lat' dir='ltr'>animam</span> <span class='ocrx_word' id='word_1_119' title='bbox 1003 1690 1106 1754; x_wconf 86' lang='lat' dir='ltr'>iusti?</span> <span class='ocrx_word' id='word_1_120' title='bbox 1133 1691 1200 1756; x_wconf 88' lang='lat' dir='ltr'>Sed</span> <span class='ocrx_word' id='word_1_121' title='bbox 1218 1692 1306 1774; x_wconf 93' lang='lat' dir='ltr'>quod</span> <span class='ocrx_word' id='word_1_122' title='bbox 1324 1691 1412 1755; x_wconf 93' lang='lat' dir='ltr'>auris</span> <span class='ocrx_word' id='word_1_123' title='bbox 1427 1710 1547 1754; x_wconf 90' lang='lat' dir='ltr'>carnea</span> <span class='ocrx_word' id='word_1_124' title='bbox 1563 1711 1629 1755; x_wconf 92' lang='lat' dir='ltr'>non</span> <span class='ocrx_word' id='word_1_125' title='bbox 1647 1691 1819 1776; x_wconf 83' lang='lat' dir='ltr'>intellegit,</span> 
     </span>
     <span class='ocr_line' id='line_1_13' title="bbox 465 1792 1820 1880; baseline 0.003 -22"><span class='ocrx_word' id='word_1_126' title='bbox 465 1795 552 1860; x_wconf 87' lang='lat' dir='ltr'>auris</span> <span class='ocrx_word' id='word_1_127' title='bbox 567 1793 723 1879; x_wconf 88' lang='lat' dir='ltr'>spiritalis</span> <span class='ocrx_word' id='word_1_128' title='bbox 739 1793 910 1876; x_wconf 84' lang='lat' dir='ltr'>intellegit.</span> <span class='ocrx_word' id='word_1_129' title='bbox 927 1792 1017 1876; x_wconf 87' lang='lat' dir='ltr'>Quid</span> <span class='ocrx_word' id='word_1_130' title='bbox 1034 1814 1114 1877; x_wconf 90' lang='lat' dir='ltr'>ergo</span> <span class='ocrx_word' id='word_1_131' title='bbox 1129 1795 1236 1858; x_wconf 86' lang='lat' dir='ltr'>dicit?</span> <span class='ocrx_word' id='word_1_132' title='bbox 1254 1793 1433 1878; x_wconf 74' lang='lat' dir='ltr'>Quc‘fingr&#39;t</span> <span class='ocrx_word' id='word_1_133' title='bbox 1446 1795 1587 1860; x_wconf 86' lang='lat' dir='ltr'>laborem</span> <span class='ocrx_word' id='word_1_134' title='bbox 1598 1795 1820 1880; x_wconf 78' lang='lat' dir='ltr'>inpraecepto:</span> 
     </span>
     <span class='ocr_line' id='line_1_14' title="bbox 465 1898 1819 1982; baseline 0 -20"><span class='ocrx_word' id='word_1_135' title='bbox 465 1908 650 1982; x_wconf 86' lang='lat' dir='ltr'>propterea,</span> <span class='ocrx_word' id='word_1_136' title='bbox 665 1899 781 1982; x_wconf 91' lang='lat' dir='ltr'>inquit,</span> <span class='ocrx_word' id='word_1_137' title='bbox 797 1898 986 1962; x_wconf 85' lang='lat' dir='ltr'>laboramus</span> <span class='ocrx_word' id='word_1_138' title='bbox 1013 1900 1046 1962; x_wconf 92' lang='lat' dir='ltr'>in</span> <span class='ocrx_word' id='word_1_139' title='bbox 1075 1900 1260 1982; x_wconf 88' lang='lat' dir='ltr'>praeceptis</span> <span class='ocrx_word' id='word_1_140' title='bbox 1287 1900 1424 1963; x_wconf 91' lang='lat' dir='ltr'>Domini</span> <span class='ocrx_word' id='word_1_141' title='bbox 1451 1901 1569 1964; x_wconf 89' lang='lat' dir='ltr'>dicbus</span> <span class='ocrx_word' id='word_1_142' title='bbox 1594 1920 1633 1964; x_wconf 90' lang='lat' dir='ltr'>ac</span> <span class='ocrx_word' id='word_1_143' title='bbox 1655 1901 1819 1978; x_wconf 90' lang='lat' dir='ltr'>noctibus,</span> 
     </span>
     <span class='ocr_line' id='line_1_15' title="bbox 463 2003 1816 2088; baseline -0.001 -20"><span class='ocrx_word' id='word_1_144' title='bbox 463 2005 651 2088; x_wconf 86' lang='lat' dir='ltr'>vigilamus,</span> <span class='ocrx_word' id='word_1_145' title='bbox 666 2025 810 2084; x_wconf 90' lang='lat' dir='ltr'>oramus,</span> <span class='ocrx_word' id='word_1_146' title='bbox 826 2005 1020 2079; x_wconf 89' lang='lat' dir='ltr'>ieiunamus,</span> <span class='ocrx_word' id='word_1_147' title='bbox 1034 2003 1195 2085; x_wconf 91' lang='lat' dir='ltr'>quoniam</span> <span class='ocrx_word' id='word_1_148' title='bbox 1214 2003 1336 2067; x_wconf 89' lang='lat' dir='ltr'>multos</span> <span class='ocrx_word' id='word_1_149' title='bbox 1352 2003 1514 2068; x_wconf 87' lang='lat' dir='ltr'>habemus</span> <span class='ocrx_word' id='word_1_150' title='bbox 1530 2004 1745 2082; x_wconf 88' lang='lat' dir='ltr'>adversarios,</span> <span class='ocrx_word' id='word_1_151' title='bbox 1760 2005 1816 2088; x_wconf 94' lang='lat' dir='ltr'>qui</span> 
     </span>
     <span class='ocr_line' id='line_1_16' title="bbox 464 2106 1870 2198; baseline 0.001 -26"><span class='ocrx_word' id='word_1_152' title='bbox 464 2117 604 2192; x_wconf 85' lang='lat' dir='ltr'>captant</span> <span class='ocrx_word' id='word_1_153' title='bbox 629 2108 776 2173; x_wconf 89' lang='lat' dir='ltr'>animam</span> <span class='ocrx_word' id='word_1_154' title='bbox 805 2109 890 2172; x_wconf 91' lang='lat' dir='ltr'>iusti.</span> <span class='ocrx_word' id='word_1_155' title='bbox 905 2106 1029 2171; x_wconf 88' lang='lat' dir='ltr'>Videte</span> <span class='ocrx_word' id='word_1_156' title='bbox 1054 2106 1134 2190; x_wconf 92' lang='lat' dir='ltr'>quid</span> <span class='ocrx_word' id='word_1_157' title='bbox 1160 2107 1271 2172; x_wconf 84' lang='lat' dir='ltr'>dicat:</span> <span class='ocrx_word' id='word_1_158' title='bbox 1298 2108 1374 2172; x_wconf 86' lang='lat' dir='ltr'>iusti</span> <span class='ocrx_word' id='word_1_159' title='bbox 1400 2116 1537 2198; x_wconf 80' lang='lat' dir='ltr'>captant</span> <span class='ocrx_word' id='word_1_160' title='bbox 1565 2109 1723 2186; x_wconf 85' lang='lat' dir='ltr'>animam,</span> <span class='ocrx_word' id='word_1_161' title='bbox 1751 2128 1815 2172; x_wconf 93' lang='lat' dir='ltr'>non</span> <span class='ocrx_word' id='word_1_162' title='bbox 1840 2121 1870 2175; x_wconf 79' lang='lat'>¹⁵</span> 
     </span>
     <span class='ocr_line' id='line_1_17' title="bbox 466 2210 1819 2294; baseline -0.001 -18"><span class='ocrx_word' id='word_1_163' title='bbox 466 2213 586 2277; x_wconf 89' lang='lat' dir='ltr'>iniusti.</span> <span class='ocrx_word' id='word_1_164' title='bbox 605 2213 684 2277; x_wconf 92' lang='lat' dir='ltr'>Non</span> <span class='ocrx_word' id='word_1_165' title='bbox 701 2213 790 2277; x_wconf 90' lang='lat' dir='ltr'>enim</span> <span class='ocrx_word' id='word_1_166' title='bbox 805 2210 922 2276; x_wconf 90' lang='lat' dir='ltr'>volunt</span> <span class='ocrx_word' id='word_1_167' title='bbox 937 2231 994 2273; x_wconf 89' lang='lat' dir='ltr'>eos</span> <span class='ocrx_word' id='word_1_168' title='bbox 1011 2210 1164 2292; x_wconf 90' lang='lat' dir='ltr'>decipere</span> <span class='ocrx_word' id='word_1_169' title='bbox 1180 2211 1236 2293; x_wconf 91' lang='lat' dir='ltr'>qui</span> <span class='ocrx_word' id='word_1_170' title='bbox 1252 2211 1384 2294; x_wconf 88' lang='lat' dir='ltr'>decepti</span> <span class='ocrx_word' id='word_1_171' title='bbox 1400 2221 1487 2288; x_wconf 87' lang='lat' dir='ltr'>sunt,</span> <span class='ocrx_word' id='word_1_172' title='bbox 1503 2210 1562 2275; x_wconf 90' lang='lat' dir='ltr'>sed</span> <span class='ocrx_word' id='word_1_173' title='bbox 1585 2210 1699 2276; x_wconf 85' lang='lat' dir='ltr'>iustos.</span> <span class='ocrx_word' id='word_1_174' title='bbox 1720 2211 1819 2276; x_wconf 91' lang='lat' dir='ltr'>Unde</span> 
     </span>
     <span class='ocr_line' id='line_1_18' title="bbox 464 2314 1817 2396; baseline -0.004 -15"><span class='ocrx_word' id='word_1_175' title='bbox 464 2317 584 2381; x_wconf 92' lang='lat' dir='ltr'>dicitur</span> <span class='ocrx_word' id='word_1_176' title='bbox 600 2317 631 2380; x_wconf 93' lang='lat' dir='ltr'>in</span> <span class='ocrx_word' id='word_1_177' title='bbox 650 2316 832 2380; x_wconf 87' lang='lat' dir='ltr'>Abbacuc:</span> <span class='ocrx_word' id='word_1_178' title='bbox 848 2319 856 2348; x_wconf 89' lang='lat'>‘</span> <span class='ocrx_word' id='word_1_179' title='bbox 874 2315 979 2378; x_wconf 85' lang='lat' dir='ltr'>Escae</span> <span class='ocrx_word' id='word_1_180' title='bbox 995 2314 1064 2377; x_wconf 91' lang='lat' dir='ltr'>eius</span> <span class='ocrx_word' id='word_1_181' title='bbox 1085 2315 1210 2379; x_wconf 90' lang='lat' dir='ltr'>electae</span> <span class='ocrx_word' id='word_1_182' title='bbox 1226 2315 1241 2378; x_wconf 86' lang='lat'>&#39;.</span> <span class='ocrx_word' id='word_1_183' title='bbox 1259 2315 1306 2378; x_wconf 87' lang='lat' dir='ltr'>Et</span> <span class='ocrx_word' id='word_1_184' title='bbox 1320 2315 1512 2396; x_wconf 84' lang='lat' dir='ltr'>sanguinem</span> <span class='ocrx_word' id='word_1_185' title='bbox 1538 2314 1733 2378; x_wconf 83' lang='lat' dir='ltr'>innocentem</span> <span class='ocrx_word' id='word_1_186' title='bbox 1748 2335 1817 2378; x_wconf 88' lang='lat' dir='ltr'>can-</span> 
     </span>
     <span class='ocr_line' id='line_1_19' title="bbox 464 2418 1818 2505; baseline -0.003 -21"><span class='ocrx_word' id='word_1_187' title='bbox 464 2419 669 2484; x_wconf 85' lang='lat' dir='ltr'>dcmnabunt.</span> <span class='ocrx_word' id='word_1_188' title='bbox 701 2419 818 2486; x_wconf 90' lang='lat' dir='ltr'>Solent</span> <span class='ocrx_word' id='word_1_189' title='bbox 842 2420 943 2505; x_wconf 90' lang='lat' dir='ltr'>aliqui</span> <span class='ocrx_word' id='word_1_190' title='bbox 959 2421 1068 2484; x_wconf 91' lang='lat' dir='ltr'>dicere</span> <span class='ocrx_word' id='word_1_191' title='bbox 1085 2445 1092 2485; x_wconf 90' lang='lat'>:</span> <span class='ocrx_word' id='word_1_192' title='bbox 1111 2420 1172 2485; x_wconf 90' lang='lat' dir='ltr'>Ille</span> <span class='ocrx_word' id='word_1_193' title='bbox 1195 2421 1251 2504; x_wconf 94' lang='lat' dir='ltr'>qui</span> <span class='ocrx_word' id='word_1_194' title='bbox 1271 2420 1398 2484; x_wconf 90' lang='lat' dir='ltr'>occisus</span> <span class='ocrx_word' id='word_1_195' title='bbox 1425 2429 1484 2495; x_wconf 90' lang='lat' dir='ltr'>est,</span> <span class='ocrx_word' id='word_1_196' title='bbox 1512 2438 1576 2481; x_wconf 94' lang='lat' dir='ltr'>non</span> <span class='ocrx_word' id='word_1_197' title='bbox 1604 2418 1818 2494; x_wconf 85' lang='lat' dir='ltr'>occideretur,</span> 
     </span>
     <span class='ocr_line' id='line_1_20' title="bbox 466 2521 1815 2608; baseline -0.001 -20"><span class='ocrx_word' id='word_1_198' title='bbox 466 2523 528 2588; x_wconf 92' lang='lat' dir='ltr'>nisi</span> <span class='ocrx_word' id='word_1_199' title='bbox 555 2523 735 2587; x_wconf 80' lang='lat' dir='ltr'>fornicator</span> <span class='ocrx_word' id='word_1_200' title='bbox 762 2531 858 2598; x_wconf 82' lang='lat' dir='ltr'>esset,</span> <span class='ocrx_word' id='word_1_201' title='bbox 875 2533 932 2588; x_wconf 92' lang='lat' dir='ltr'>aut</span> <span class='ocrx_word' id='word_1_202' title='bbox 949 2523 1083 2608; x_wconf 89' lang='lat' dir='ltr'>aliquod</span> <span class='ocrx_word' id='word_1_203' title='bbox 1110 2533 1283 2606; x_wconf 90' lang='lat' dir='ltr'>peccatum</span> <span class='ocrx_word' id='word_1_204' title='bbox 1300 2522 1470 2587; x_wconf 88' lang='lat' dir='ltr'>habuisset</span> <span class='ocrx_word' id='word_1_205' title='bbox 1486 2545 1492 2600; x_wconf 92' lang='grc'>;</span> <span class='ocrx_word' id='word_1_206' title='bbox 1509 2523 1603 2586; x_wconf 91' lang='lat' dir='ltr'>ruina</span> <span class='ocrx_word' id='word_1_207' title='bbox 1628 2521 1722 2588; x_wconf 91' lang='lat' dir='ltr'>illum</span> <span class='ocrx_word' id='word_1_208' title='bbox 1750 2541 1815 2586; x_wconf 93' lang='lat' dir='ltr'>non</span> 
     </span>
     <span class='ocr_line' id='line_1_21' title="bbox 465 2625 1869 2710; baseline -0.007 -17"><span class='ocrx_word' id='word_1_209' title='bbox 465 2637 670 2710; x_wconf 89' lang='lat' dir='ltr'>occupasset,</span> <span class='ocrx_word' id='word_1_210' title='bbox 687 2627 748 2692; x_wconf 89' lang='lat' dir='ltr'>nisi</span> <span class='ocrx_word' id='word_1_211' title='bbox 767 2626 882 2692; x_wconf 90' lang='lat' dir='ltr'>fuisset</span> <span class='ocrx_word' id='word_1_212' title='bbox 898 2636 1051 2710; x_wconf 88' lang='lat' dir='ltr'>peccator</span> <span class='ocrx_word' id='word_1_213' title='bbox 1066 2648 1073 2705; x_wconf 90' lang='lat'>;</span> <span class='ocrx_word' id='word_1_214' title='bbox 1089 2627 1299 2710; x_wconf 85' lang='lat' dir='ltr'>naufragium</span> <span class='ocrx_word' id='word_1_215' title='bbox 1316 2625 1408 2690; x_wconf 93' lang='lat' dir='ltr'>illum</span> <span class='ocrx_word' id='word_1_216' title='bbox 1432 2646 1496 2689; x_wconf 95' lang='lat' dir='ltr'>non</span> <span class='ocrx_word' id='word_1_217' title='bbox 1526 2626 1737 2706; x_wconf 89' lang='lat' dir='ltr'>obpressiset,</span> <span class='ocrx_word' id='word_1_218' title='bbox 1752 2626 1815 2689; x_wconf 92' lang='lat' dir='ltr'>nisi</span> <span class='ocrx_word' id='word_1_219' title='bbox 1835 2645 1869 2683; x_wconf 74' lang='grc' dir='ltr'><strong><em>ω</em></strong></span> 
     </span>
     <span class='ocr_line' id='line_1_22' title="bbox 467 2729 1814 2816; baseline -0.002 -19"><span class='ocrx_word' id='word_1_220' title='bbox 467 2741 622 2816; x_wconf 90' lang='lat' dir='ltr'>peccator</span> <span class='ocrx_word' id='word_1_221' title='bbox 637 2731 761 2798; x_wconf 86' lang='lat' dir='ltr'>luisset.</span> <span class='ocrx_word' id='word_1_222' title='bbox 777 2732 900 2796; x_wconf 90' lang='lat' dir='ltr'>Videte</span> <span class='ocrx_word' id='word_1_223' title='bbox 916 2751 995 2814; x_wconf 90' lang='lat' dir='ltr'>ergo</span> <span class='ocrx_word' id='word_1_224' title='bbox 1010 2731 1090 2812; x_wconf 93' lang='lat' dir='ltr'>quid</span> <span class='ocrx_word' id='word_1_225' title='bbox 1108 2731 1198 2794; x_wconf 89' lang='lat' dir='ltr'>dicat</span> <span class='ocrx_word' id='word_1_226' title='bbox 1214 2739 1330 2794; x_wconf 90' lang='lat' dir='ltr'>sancta</span> <span class='ocrx_word' id='word_1_227' title='bbox 1356 2730 1518 2813; x_wconf 90' lang='lat' dir='ltr'>scriptura</span> <span class='ocrx_word' id='word_1_228' title='bbox 1534 2755 1541 2795; x_wconf 94' lang='lat'><strong>:</strong></span> <span class='ocrx_word' id='word_1_229' title='bbox 1558 2729 1602 2794; x_wconf 89' lang='lat' dir='ltr'>Et</span> <span class='ocrx_word' id='word_1_230' title='bbox 1619 2731 1814 2814; x_wconf 88' lang='lat' dir='ltr'>sanguinem</span> 
     </span>
     <span class='ocr_line' id='line_1_23' title="bbox 464 2835 1814 2919; baseline -0.003 -19"><span class='ocrx_word' id='word_1_231' title='bbox 464 2838 677 2900; x_wconf 88' lang='lat' dir='ltr'>innocentem</span> <span class='ocrx_word' id='word_1_232' title='bbox 705 2835 988 2901; x_wconf 89' lang='lat' dir='ltr'>condemnabunt.</span> <span class='ocrx_word' id='word_1_233' title='bbox 1005 2835 1176 2919; x_wconf 91' lang='lat' dir='ltr'>Quamdiu</span> <span class='ocrx_word' id='word_1_234' title='bbox 1202 2837 1235 2899; x_wconf 91' lang='lat' dir='ltr'>in</span> <span class='ocrx_word' id='word_1_235' title='bbox 1261 2835 1326 2899; x_wconf 90' lang='lat' dir='ltr'>isto</span> <span class='ocrx_word' id='word_1_236' title='bbox 1352 2835 1485 2899; x_wconf 88' lang='lat' dir='ltr'>saeculo</span> <span class='ocrx_word' id='word_1_237' title='bbox 1512 2854 1636 2912; x_wconf 91' lang='lat' dir='ltr'>sumus,</span> <span class='ocrx_word' id='word_1_238' title='bbox 1651 2835 1764 2899; x_wconf 90' lang='lat' dir='ltr'>omnia</span> <span class='ocrx_word' id='word_1_239' title='bbox 1782 2836 1814 2897; x_wconf 92' lang='lat' dir='ltr'>in</span> 
     </span>
     <span class='ocr_line' id='line_1_24' title="bbox 463 2937 1814 3022; baseline -0.001 -20"><span class='ocrx_word' id='word_1_240' title='bbox 463 2957 641 3002; x_wconf 90' lang='lat' dir='ltr'>commune</span> <span class='ocrx_word' id='word_1_241' title='bbox 657 2939 810 3020; x_wconf 90' lang='lat' dir='ltr'>patimur.</span> <span class='ocrx_word' id='word_1_242' title='bbox 831 2939 940 3002; x_wconf 91' lang='lat' dir='ltr'>lustus</span> <span class='ocrx_word' id='word_1_243' title='bbox 967 2948 1001 3003; x_wconf 91' lang='lat' dir='ltr'>et</span> <span class='ocrx_word' id='word_1_244' title='bbox 1027 2951 1182 3022; x_wconf 91' lang='lat' dir='ltr'>peccator</span> <span class='ocrx_word' id='word_1_245' title='bbox 1208 2937 1390 3022; x_wconf 89' lang='lat' dir='ltr'>aequaliter</span> <span class='ocrx_word' id='word_1_246' title='bbox 1416 2937 1622 3020; x_wconf 76' lang='lat' dir='ltr'>naufragam,</span> <span class='ocrx_word' id='word_1_247' title='bbox 1642 2937 1814 3021; x_wconf 88' lang='lat' dir='ltr'>aequalem</span> 
     </span>
     <span class='ocr_line' id='line_1_25' title="bbox 463 3041 1815 3125; baseline -0.001 -19"><span class='ocrx_word' id='word_1_248' title='bbox 463 3041 589 3107; x_wconf 89' lang='lat' dir='ltr'>babent</span> <span class='ocrx_word' id='word_1_249' title='bbox 604 3061 749 3119; x_wconf 88' lang='lat' dir='ltr'>carnem,</span> <span class='ocrx_word' id='word_1_250' title='bbox 765 3052 798 3106; x_wconf 90' lang='lat' dir='ltr'>et</span> <span class='ocrx_word' id='word_1_251' title='bbox 814 3042 969 3125; x_wconf 84' lang='lat' dir='ltr'>aequales</span> <span class='ocrx_word' id='word_1_252' title='bbox 986 3043 1194 3106; x_wconf 88' lang='lat' dir='ltr'>conditiones</span> <span class='ocrx_word' id='word_1_253' title='bbox 1210 3043 1326 3106; x_wconf 92' lang='lat' dir='ltr'>carnis.</span> <span class='ocrx_word' id='word_1_254' title='bbox 1345 3042 1457 3106; x_wconf 89' lang='lat' dir='ltr'>Iustus</span> <span class='ocrx_word' id='word_1_255' title='bbox 1473 3053 1506 3106; x_wconf 89' lang='lat' dir='ltr'>ct</span> <span class='ocrx_word' id='word_1_256' title='bbox 1521 3053 1677 3124; x_wconf 88' lang='lat' dir='ltr'>peccator</span> <span class='ocrx_word' id='word_1_257' title='bbox 1694 3061 1815 3123; x_wconf 90' lang='lat' dir='ltr'>aequa-</span> 
     </span>
     <span class='ocr_line' id='line_1_26' title="bbox 464 3147 1866 3230; baseline -0.004 -19"><span class='ocrx_word' id='word_1_258' title='bbox 464 3148 538 3212; x_wconf 88' lang='lat' dir='ltr'>liter</span> <span class='ocrx_word' id='word_1_259' title='bbox 565 3157 724 3230; x_wconf 86' lang='lat' dir='ltr'>pereunt:</span> <span class='ocrx_word' id='word_1_260' title='bbox 748 3147 864 3211; x_wconf 91' lang='lat' dir='ltr'>similis</span> <span class='ocrx_word' id='word_1_261' title='bbox 889 3148 1009 3222; x_wconf 87' lang='lat' dir='ltr'>exitus,</span> <span class='ocrx_word' id='word_1_262' title='bbox 1036 3147 1093 3210; x_wconf 91' lang='lat' dir='ltr'>sed</span> <span class='ocrx_word' id='word_1_263' title='bbox 1122 3148 1251 3210; x_wconf 87' lang='lat' dir='ltr'>diversa</span> <span class='ocrx_word' id='word_1_264' title='bbox 1282 3147 1429 3228; x_wconf 85' lang='lat' dir='ltr'>praemia</span> <span class='ocrx_word' id='word_1_265' title='bbox 1460 3147 1567 3209; x_wconf 90' lang='lat' dir='ltr'>iustus</span> <span class='ocrx_word' id='word_1_266' title='bbox 1597 3155 1630 3210; x_wconf 90' lang='lat' dir='ltr'>et</span> <span class='ocrx_word' id='word_1_267' title='bbox 1662 3155 1816 3228; x_wconf 88' lang='lat' dir='ltr'>peccator</span> <span class='ocrx_word' id='word_1_268' title='bbox 1835 3167 1866 3220; x_wconf 81' lang='lat'>25</span> 
     </span>
     <span class='ocr_line' id='line_1_27' title="bbox 463 3247 1814 3330; baseline -0.003 -15"><span class='ocrx_word' id='word_1_269' title='bbox 463 3252 596 3316; x_wconf 89' lang='lat' dir='ltr'>habent.</span> <span class='ocrx_word' id='word_1_270' title='bbox 613 3251 712 3315; x_wconf 77' lang='lat' dir='ltr'>Alius</span> <span class='ocrx_word' id='word_1_271' title='bbox 739 3252 871 3316; x_wconf 87' lang='lat' dir='ltr'>ducitur</span> <span class='ocrx_word' id='word_1_272' title='bbox 898 3251 939 3312; x_wconf 91' lang='lat' dir='ltr'>ad</span> <span class='ocrx_word' id='word_1_273' title='bbox 967 3249 1165 3330; x_wconf 84' lang='lat' dir='ltr'>gehennam,</span> <span class='ocrx_word' id='word_1_274' title='bbox 1181 3250 1265 3313; x_wconf 88' lang='lat' dir='ltr'>alius</span> <span class='ocrx_word' id='word_1_275' title='bbox 1292 3250 1424 3313; x_wconf 89' lang='lat' dir='ltr'>ducitur</span> <span class='ocrx_word' id='word_1_276' title='bbox 1450 3249 1492 3310; x_wconf 91' lang='lat' dir='ltr'>ad</span> <span class='ocrx_word' id='word_1_277' title='bbox 1510 3267 1612 3329; x_wconf 88' lang='lat' dir='ltr'>regna</span> <span class='ocrx_word' id='word_1_278' title='bbox 1638 3247 1814 3312; x_wconf 90' lang='lat' dir='ltr'>caelorum.</span> 
     </span>
     <span class='ocr_line' id='line_1_28' title="bbox 465 3351 1814 3439; baseline -0.005 -19"><span class='ocrx_word' id='word_1_279' title='bbox 465 3355 513 3420; x_wconf 85' lang='lat' dir='ltr'>Et</span> <span class='ocrx_word' id='word_1_280' title='bbox 526 3355 722 3439; x_wconf 79' lang='lat' dir='ltr'>sanguinem</span> <span class='ocrx_word' id='word_1_281' title='bbox 739 3353 933 3419; x_wconf 75' lang='lat' dir='ltr'>innocentem</span> <span class='ocrx_word' id='word_1_282' title='bbox 948 3353 1210 3418; x_wconf 84' lang='lat' dir='ltr'>condemnabunt.</span> <span class='ocrx_word' id='word_1_283' title='bbox 1228 3351 1357 3417; x_wconf 89' lang='lat' dir='ltr'>Sufficit</span> <span class='ocrx_word' id='word_1_284' title='bbox 1373 3353 1442 3428; x_wconf 91' lang='lat' dir='ltr'>tibi,</span> <span class='ocrx_word' id='word_1_285' title='bbox 1457 3372 1479 3414; x_wconf 91' lang='lat' dir='ltr'>o</span> <span class='ocrx_word' id='word_1_286' title='bbox 1503 3351 1597 3427; x_wconf 89' lang='lat' dir='ltr'>iuste,</span> <span class='ocrx_word' id='word_1_287' title='bbox 1612 3351 1814 3415; x_wconf 87' lang='lat' dir='ltr'>conscientia</span> 
     </span>
     <span class='ocr_line' id='line_1_29' title="bbox 464 3454 1816 3538; baseline -0.006 -14"><span class='ocrx_word' id='word_1_288' title='bbox 464 3469 542 3524; x_wconf 89' lang='lat' dir='ltr'>tua:</span> <span class='ocrx_word' id='word_1_289' title='bbox 558 3470 591 3525; x_wconf 90' lang='lat' dir='ltr'>et</span> <span class='ocrx_word' id='word_1_290' title='bbox 615 3461 642 3522; x_wconf 94' lang='lat' dir='ltr'>si</span> <span class='ocrx_word' id='word_1_291' title='bbox 659 3459 902 3522; x_wconf 89' lang='lat' dir='ltr'>condemnatus</span> <span class='ocrx_word' id='word_1_292' title='bbox 919 3458 1027 3534; x_wconf 90' lang='lat' dir='ltr'>lueris,</span> <span class='ocrx_word' id='word_1_293' title='bbox 1043 3456 1086 3521; x_wconf 89' lang='lat' dir='ltr'>sit</span> <span class='ocrx_word' id='word_1_294' title='bbox 1101 3458 1237 3538; x_wconf 85' lang='lat' dir='ltr'>sanguis</span> <span class='ocrx_word' id='word_1_295' title='bbox 1253 3465 1330 3520; x_wconf 90' lang='lat' dir='ltr'>tuus</span> <span class='ocrx_word' id='word_1_296' title='bbox 1356 3457 1524 3530; x_wconf 88' lang='lat' dir='ltr'>innocens,</span> <span class='ocrx_word' id='word_1_297' title='bbox 1539 3465 1572 3518; x_wconf 88' lang='lat' dir='ltr'>et</span> <span class='ocrx_word' id='word_1_298' title='bbox 1589 3454 1751 3520; x_wconf 89' lang='lat' dir='ltr'>clamabit</span> <span class='ocrx_word' id='word_1_299' title='bbox 1773 3455 1816 3519; x_wconf 89' lang='lat' dir='ltr'>ad</span> 
     </span>
     <span class='ocr_line' id='line_1_30' title="bbox 466 3559 660 3624; baseline 0.01 -2"><span class='ocrx_word' id='word_1_300' title='bbox 466 3559 660 3624; x_wconf 90' lang='lat' dir='ltr'>Dominum.</span> 
     </span>
    </p>
   </div>
   <div class='ocr_carea' id='block_1_3' title="bbox 455 3735 1817 4296">
    <p class='ocr_par' dir='ltr' id='par_1_3' title="bbox 455 3735 1817 4296">
     <span class='ocr_line' id='line_1_31' title="bbox 495 3735 1816 3808; baseline 0.003 -20"><span class='ocrx_word' id='word_1_301' title='bbox 495 3739 608 3800; x_wconf 67' lang='lat' dir='ltr'>quem]</span> <span class='ocrx_word' id='word_1_302' title='bbox 619 3739 695 3788; x_wconf 77' lang='lat' dir='ltr'>vende</span> <span class='ocrx_word' id='word_1_303' title='bbox 707 3737 758 3790; x_wconf 91' lang='lat' dir='ltr'>SG.</span> <span class='ocrx_word' id='word_1_304' title='bbox 835 3737 851 3786; x_wconf 89' lang='lat'><strong>6</strong></span> <span class='ocrx_word' id='word_1_305' title='bbox 857 3736 978 3802; x_wconf 71' lang='lat' dir='ltr'>psiathio]</span> <span class='ocrx_word' id='word_1_306' title='bbox 990 3735 1034 3788; x_wconf 87' lang='lat' dir='ltr'>BC</span> <span class='ocrx_word' id='word_1_307' title='bbox 1043 3754 1050 3797; x_wconf 87' lang='lat'>;</span> <span class='ocrx_word' id='word_1_308' title='bbox 1058 3736 1179 3801; x_wconf 78' lang='lat' dir='ltr'>psyarhyo</span> <span class='ocrx_word' id='word_1_309' title='bbox 1191 3737 1229 3798; x_wconf 88' lang='lat' dir='ltr'>G;</span> <span class='ocrx_word' id='word_1_310' title='bbox 1236 3737 1336 3801; x_wconf 78' lang='lat' dir='ltr'>pse’acya</span> <span class='ocrx_word' id='word_1_311' title='bbox 1347 3737 1371 3786; x_wconf 82' lang='grc' dir='ltr'>Α</span> <span class='ocrx_word' id='word_1_312' title='bbox 1382 3755 1390 3798; x_wconf 86' lang='lat'>;</span> <span class='ocrx_word' id='word_1_313' title='bbox 1402 3739 1493 3789; x_wconf 73' lang='lat' dir='ltr'>suenio</span> <span class='ocrx_word' id='word_1_314' title='bbox 1506 3739 1532 3789; x_wconf 87' lang='lat' dir='ltr'><strong>H</strong></span> <span class='ocrx_word' id='word_1_315' title='bbox 1544 3758 1551 3801; x_wconf 82' lang='lat'><em>3</em></span> <span class='ocrx_word' id='word_1_316' title='bbox 1563 3756 1628 3790; x_wconf 88' lang='lat' dir='ltr'>sacca</span> <span class='ocrx_word' id='word_1_317' title='bbox 1640 3737 1684 3808; x_wconf 83' lang='grc' dir='ltr'>β5.</span> <span class='ocrx_word' id='word_1_318' title='bbox 1758 3745 1816 3807; x_wconf 73' lang='lat' dir='ltr'>plra-</span> 
     </span>
     <span class='ocr_line' id='line_1_32' title="bbox 463 3817 1813 3888; baseline 0.004 -19"><span class='ocrx_word' id='word_1_319' title='bbox 463 3817 549 3879; x_wconf 81' lang='lat' dir='ltr'>mace&#39;o]</span> <span class='ocrx_word' id='word_1_320' title='bbox 560 3820 646 3886; x_wconf 85' lang='lat' dir='ltr'>scripsi</span> <span class='ocrx_word' id='word_1_321' title='bbox 657 3838 663 3879; x_wconf 89' lang='lat'><strong>;</strong></span> <span class='ocrx_word' id='word_1_322' title='bbox 673 3821 825 3883; x_wconf 80' lang='lat' dir='ltr'>plummacr&#39;a</span> <span class='ocrx_word' id='word_1_323' title='bbox 837 3820 854 3870; x_wconf 95' lang='lat' dir='ltr'>S</span> <span class='ocrx_word' id='word_1_324' title='bbox 864 3839 871 3880; x_wconf 88' lang='lat'>;</span> <span class='ocrx_word' id='word_1_325' title='bbox 879 3820 968 3884; x_wconf 81' lang='lat' dir='ltr'>pluma</span> <span class='ocrx_word' id='word_1_326' title='bbox 982 3817 997 3886; x_wconf 88' lang='grc' dir='ltr'>β</span> <span class='ocrx_word' id='word_1_327' title='bbox 1010 3827 1035 3868; x_wconf 88' lang='lat' dir='ltr'>et</span> <span class='ocrx_word' id='word_1_328' title='bbox 1046 3819 1121 3869; x_wconf 87' lang='lat' dir='ltr'>ceteri</span> <span class='ocrx_word' id='word_1_329' title='bbox 1134 3819 1206 3869; x_wconf 91' lang='lat' dir='ltr'>codd.</span> <span class='ocrx_word' id='word_1_330' title='bbox 1292 3819 1377 3880; x_wconf 82' lang='lat' dir='ltr'>serica]</span> <span class='ocrx_word' id='word_1_331' title='bbox 1388 3821 1462 3869; x_wconf 85' lang='lat' dir='ltr'>sr&#39;rr&#39;ca</span> <span class='ocrx_word' id='word_1_332' title='bbox 1475 3821 1501 3870; x_wconf 89' lang='lat' dir='ltr'><strong>H</strong></span> <span class='ocrx_word' id='word_1_333' title='bbox 1514 3838 1520 3880; x_wconf 90' lang='grc'>;</span> <span class='ocrx_word' id='word_1_334' title='bbox 1538 3821 1630 3872; x_wconf 79' lang='lat' dir='ltr'>sr‘m&#39;cha</span> <span class='ocrx_word' id='word_1_335' title='bbox 1641 3824 1664 3874; x_wconf 94' lang='lat' dir='ltr'>G</span> <span class='ocrx_word' id='word_1_336' title='bbox 1677 3842 1684 3885; x_wconf 79' lang='lat'>3</span> <span class='ocrx_word' id='word_1_337' title='bbox 1699 3827 1777 3888; x_wconf 65' lang='lat' dir='ltr'>maia</span> <span class='ocrx_word' id='word_1_338' title='bbox 1788 3825 1813 3875; x_wconf 90' lang='lat' dir='ltr'>S.</span> 
     </span>
     <span class='ocr_line' id='line_1_33' title="bbox 463 3899 1815 3968; baseline 0.005 -20"><span class='ocrx_word' id='word_1_339' title='bbox 463 3912 476 3962; x_wconf 90' lang='lat'><em>7</em></span> <span class='ocrx_word' id='word_1_340' title='bbox 486 3899 625 3966; x_wconf 80' lang='lat' dir='ltr'>tanaquam]</span> <span class='ocrx_word' id='word_1_341' title='bbox 636 3903 699 3949; x_wconf 80' lang='lat' dir='ltr'>sicut</span> <span class='ocrx_word' id='word_1_342' title='bbox 710 3899 732 3950; x_wconf 90' lang='lat' dir='ltr'>G</span> <span class='ocrx_word' id='word_1_343' title='bbox 746 3901 839 3964; x_wconf 66' lang='lat' dir='ltr'>squasr&#39;</span> <span class='ocrx_word' id='word_1_344' title='bbox 849 3900 875 3950; x_wconf 89' lang='lat' dir='ltr'>S.</span> <span class='ocrx_word' id='word_1_345' title='bbox 952 3899 967 3948; x_wconf 89' lang='lat'>8</span> <span class='ocrx_word' id='word_1_346' title='bbox 979 3899 1143 3959; x_wconf 81' lang='lat' dir='ltr'>marrducaae&#39;]</span> <span class='ocrx_word' id='word_1_347' title='bbox 1155 3899 1332 3949; x_wconf 82' lang='lat' dir='ltr'>mamlucaham</span> <span class='ocrx_word' id='word_1_348' title='bbox 1346 3901 1372 3950; x_wconf 93' lang='lat' dir='ltr'>S.</span> <span class='ocrx_word' id='word_1_349' title='bbox 1441 3901 1619 3968; x_wconf 66' lang='lat' dir='ltr'>singidfingr&#39;s</span> <span class='ocrx_word' id='word_1_350' title='bbox 1631 3903 1660 3954; x_wconf 89' lang='lat' dir='ltr'>C.</span> <span class='ocrx_word' id='word_1_351' title='bbox 1734 3919 1750 3967; x_wconf 87' lang='lat'>9</span> <span class='ocrx_word' id='word_1_352' title='bbox 1761 3907 1815 3955; x_wconf 85' lang='lat' dir='ltr'>ane&#39;-</span> 
     </span>
     <span class='ocr_line' id='line_1_34' title="bbox 462 3979 1816 4053; baseline 0.007 -23"><span class='ocrx_word' id='word_1_353' title='bbox 462 3983 580 4044; x_wconf 79' lang='lat' dir='ltr'>mam12&#39;n</span> <span class='ocrx_word' id='word_1_354' title='bbox 592 3983 707 4031; x_wconf 83' lang='lat' dir='ltr'>animam</span> <span class='ocrx_word' id='word_1_355' title='bbox 721 3979 767 4050; x_wconf 87' lang='grc' dir='ltr'>βΒ.</span> <span class='ocrx_word' id='word_1_356' title='bbox 838 3993 876 4030; x_wconf 85' lang='lat' dir='ltr'>to.</span> <span class='ocrx_word' id='word_1_357' title='bbox 893 3993 922 4030; x_wconf 84' lang='lat'>12</span> <span class='ocrx_word' id='word_1_358' title='bbox 925 3981 1018 4046; x_wconf 81' lang='lat' dir='ltr'>fingit]</span> <span class='ocrx_word' id='word_1_359' title='bbox 1021 3981 1104 4046; x_wconf 78' lang='lat' dir='ltr'>fingis</span> <span class='ocrx_word' id='word_1_360' title='bbox 1116 3981 1145 4031; x_wconf 93' lang='lat' dir='ltr'>C.</span> <span class='ocrx_word' id='word_1_361' title='bbox 1217 3995 1242 4030; x_wconf 84' lang='grc' dir='ltr'>ιι</span> <span class='ocrx_word' id='word_1_362' title='bbox 1258 3983 1381 4044; x_wconf 84' lang='lat' dir='ltr'>aninram]</span> <span class='ocrx_word' id='word_1_363' title='bbox 1395 3983 1422 4032; x_wconf 85' lang='lat' dir='ltr'>r&#39;n</span> <span class='ocrx_word' id='word_1_364' title='bbox 1434 3985 1548 4034; x_wconf 81' lang='lat' dir='ltr'>animam</span> <span class='ocrx_word' id='word_1_365' title='bbox 1559 3983 1583 4053; x_wconf 88' lang='grc' dir='ltr'>β.</span> <span class='ocrx_word' id='word_1_366' title='bbox 1655 3998 1683 4048; x_wconf 82' lang='grc'>17</span> <span class='ocrx_word' id='word_1_367' title='bbox 1697 3989 1816 4050; x_wconf 70' lang='lat' dir='ltr'>Amata]</span> 
     </span>
     <span class='ocr_line' id='line_1_35' title="bbox 461 4062 1813 4134; baseline 0.005 -20"><span class='ocrx_word' id='word_1_368' title='bbox 461 4064 508 4116; x_wconf 87' lang='lat' dir='ltr'>HS</span> <span class='ocrx_word' id='word_1_369' title='bbox 519 4083 526 4125; x_wconf 72' lang='grc' dir='ltr'>ς</span> <span class='ocrx_word' id='word_1_370' title='bbox 539 4066 664 4115; x_wconf 83' lang='lat' dir='ltr'>Anrbacuc</span> <span class='ocrx_word' id='word_1_371' title='bbox 677 4065 696 4114; x_wconf 92' lang='lat' dir='ltr'><strong>B</strong></span> <span class='ocrx_word' id='word_1_372' title='bbox 707 4083 715 4126; x_wconf 88' lang='lat'>;</span> <span class='ocrx_word' id='word_1_373' title='bbox 728 4065 825 4116; x_wconf 81' lang='lat' dir='ltr'>Abacuc</span> <span class='ocrx_word' id='word_1_374' title='bbox 839 4062 911 4132; x_wconf 75' lang='lat' dir='ltr'>pce.</span> <span class='ocrx_word' id='word_1_375' title='bbox 1010 4076 1039 4124; x_wconf 87' lang='lat'>19</span> <span class='ocrx_word' id='word_1_376' title='bbox 1043 4063 1196 4127; x_wconf 78' lang='lat' dir='ltr'>fornicator]</span> <span class='ocrx_word' id='word_1_377' title='bbox 1201 4064 1363 4128; x_wconf 73' lang='lat' dir='ltr'>firmrr&#39;catlur</span> <span class='ocrx_word' id='word_1_378' title='bbox 1372 4065 1431 4115; x_wconf 83' lang='lat' dir='ltr'>add.</span> <span class='ocrx_word' id='word_1_379' title='bbox 1445 4082 1500 4130; x_wconf 86' lang='lat' dir='ltr'>sup.</span> <span class='ocrx_word' id='word_1_380' title='bbox 1515 4066 1572 4128; x_wconf 84' lang='lat' dir='ltr'>lin.)</span> <span class='ocrx_word' id='word_1_381' title='bbox 1586 4069 1605 4117; x_wconf 92' lang='lat' dir='ltr'><strong>B</strong></span> <span class='ocrx_word' id='word_1_382' title='bbox 1616 4086 1623 4125; x_wconf 84' lang='lat'><strong>;</strong></span> <span class='ocrx_word' id='word_1_383' title='bbox 1627 4068 1773 4134; x_wconf 76' lang='lat' dir='ltr'>fumiculus</span> <span class='ocrx_word' id='word_1_384' title='bbox 1784 4071 1813 4120; x_wconf 87' lang='lat' dir='ltr'>C.</span> 
     </span>
     <span class='ocr_line' id='line_1_36' title="bbox 461 4143 1817 4216; baseline 0.002 -19"><span class='ocrx_word' id='word_1_385' title='bbox 461 4160 492 4212; x_wconf 86' lang='lat'>23</span> <span class='ocrx_word' id='word_1_386' title='bbox 504 4143 673 4212; x_wconf 74' lang='lat' dir='ltr'>naufragent]</span> <span class='ocrx_word' id='word_1_387' title='bbox 684 4147 875 4212; x_wconf 73' lang='lat' dir='ltr'>naufragantur</span> <span class='ocrx_word' id='word_1_388' title='bbox 887 4144 902 4213; x_wconf 82' lang='grc' dir='ltr'><strong>β</strong></span> <span class='ocrx_word' id='word_1_389' title='bbox 914 4162 921 4204; x_wconf 85' lang='grc'><strong>;</strong></span> <span class='ocrx_word' id='word_1_390' title='bbox 933 4145 1100 4210; x_wconf 68' lang='lat' dir='ltr'>naufragium</span> <span class='ocrx_word' id='word_1_391' title='bbox 1115 4145 1148 4195; x_wconf 88' lang='lat' dir='ltr'>ll.</span> <span class='ocrx_word' id='word_1_392' title='bbox 1218 4160 1249 4207; x_wconf 83' lang='lat'>²4</span> <span class='ocrx_word' id='word_1_393' title='bbox 1261 4145 1407 4210; x_wconf 72' lang='lat' dir='ltr'>aequaliter]</span> <span class='ocrx_word' id='word_1_394' title='bbox 1419 4147 1557 4211; x_wconf 73' lang='lat' dir='ltr'>naufragia</span> <span class='ocrx_word' id='word_1_395' title='bbox 1569 4149 1595 4200; x_wconf 90' lang='lat' dir='ltr'>S.</span> <span class='ocrx_word' id='word_1_396' title='bbox 1665 4151 1817 4216; x_wconf 69' lang='lat' dir='ltr'>aspertum]</span> 
     </span>
     <span class='ocr_line' id='line_1_37' title="bbox 455 4226 1687 4296; baseline 0.002 -18"><span class='ocrx_word' id='word_1_397' title='bbox 455 4231 564 4296; x_wconf 75' lang='lat' dir='ltr'>periuret</span> <span class='ocrx_word' id='word_1_398' title='bbox 575 4230 607 4280; x_wconf 92' lang='lat' dir='ltr'>G.</span> <span class='ocrx_word' id='word_1_399' title='bbox 707 4228 809 4288; x_wconf 80' lang='lat' dir='ltr'>similis]</span> <span class='ocrx_word' id='word_1_400' title='bbox 821 4229 912 4277; x_wconf 84' lang='lat' dir='ltr'>similes</span> <span class='ocrx_word' id='word_1_401' title='bbox 925 4227 956 4276; x_wconf 89' lang='grc' dir='ltr'>Α.</span> <span class='ocrx_word' id='word_1_402' title='bbox 1058 4226 1090 4275; x_wconf 82' lang='grc'>26</span> <span class='ocrx_word' id='word_1_403' title='bbox 1098 4227 1247 4290; x_wconf 77' lang='lat' dir='ltr'>gehennam]</span> <span class='ocrx_word' id='word_1_404' title='bbox 1260 4228 1392 4277; x_wconf 75' lang='lat' dir='ltr'>ickennam</span> <span class='ocrx_word' id='word_1_405' title='bbox 1407 4229 1435 4290; x_wconf 90' lang='lat' dir='ltr'>B,</span> <span class='ocrx_word' id='word_1_406' title='bbox 1450 4229 1471 4280; x_wconf 91' lang='lat' dir='ltr'><strong>C</strong></span> <span class='ocrx_word' id='word_1_407' title='bbox 1483 4245 1547 4281; x_wconf 88' lang='lat' dir='ltr'>corr.</span> <span class='ocrx_word' id='word_1_408' title='bbox 1686 4227 1687 4232; x_wconf 66' lang='grc'>’</span> 
     </span>
    </p>
   </div>
   <div class='ocr_carea' id='block_1_4' title="bbox 460 4375 1816 4785">
    <p class='ocr_par' dir='ltr' id='par_1_4' title="bbox 461 4375 1816 4458">
     <span class='ocr_line' id='line_1_38' title="bbox 461 4375 1816 4458; baseline 0.002 -20"><span class='ocrx_word' id='word_1_409' title='bbox 461 4379 550 4455; x_wconf 88' lang='lat' dir='ltr'>pleno</span> <span class='ocrx_word' id='word_1_410' title='bbox 565 4391 665 4438; x_wconf 87' lang='lat' dir='ltr'>ventre</span> <span class='ocrx_word' id='word_1_411' title='bbox 681 4377 719 4438; x_wconf 91' lang='lat' dir='ltr'>de</span> <span class='ocrx_word' id='word_1_412' title='bbox 734 4375 851 4437; x_wconf 87' lang='lat' dir='ltr'>ieiuniis</span> <span class='ocrx_word' id='word_1_413' title='bbox 876 4375 1007 4451; x_wconf 85' lang='lat' dir='ltr'>disputat</span> <span class='ocrx_word' id='word_1_414' title='bbox 1022 4375 1029 4402; x_wconf 90' lang='lat'>&#39;</span> <span class='ocrx_word' id='word_1_415' title='bbox 1042 4395 1050 4447; x_wconf 89' lang='lat'>;</span> <span class='ocrx_word' id='word_1_416' title='bbox 1064 4392 1108 4450; x_wconf 89' lang='lat' dir='ltr'>ep.</span> <span class='ocrx_word' id='word_1_417' title='bbox 1208 4392 1252 4450; x_wconf 87' lang='lat'>17.</span> <span class='ocrx_word' id='word_1_418' title='bbox 1268 4375 1380 4458; x_wconf 79' lang='lat' dir='ltr'>electae]</span> <span class='ocrx_word' id='word_1_419' title='bbox 1408 4378 1555 4438; x_wconf 87' lang='lat' dir='ltr'>Habacuc</span> <span class='ocrx_word' id='word_1_420' title='bbox 1583 4399 1607 4453; x_wconf 90' lang='lat'>1,</span> <span class='ocrx_word' id='word_1_421' title='bbox 1627 4383 1672 4440; x_wconf 88' lang='lat'>16.</span> <span class='ocrx_word' id='word_1_422' title='bbox 1689 4417 1727 4428; x_wconf 92' lang='lat'>-</span> <span class='ocrx_word' id='word_1_423' title='bbox 1745 4381 1816 4444; x_wconf 77' lang='lat' dir='ltr'>Hie</span> 
     </span>
    </p>

    <p class='ocr_par' dir='ltr' id='par_1_5' title="bbox 460 4453 1815 4538">
     <span class='ocr_line' id='line_1_39' title="bbox 460 4453 1815 4538; baseline 0.006 -21"><span class='ocrx_word' id='word_1_424' title='bbox 460 4463 508 4536; x_wconf 85' lang='lat'>58.</span> <span class='ocrx_word' id='word_1_425' title='bbox 522 4479 578 4519; x_wconf 77' lang='lat' dir='ltr'>na</span> <span class='ocrx_word' id='word_1_426' title='bbox 596 4463 603 4490; x_wconf 81' lang='lat'>⁸</span> <span class='ocrx_word' id='word_1_427' title='bbox 617 4461 725 4520; x_wconf 89' lang='lat' dir='ltr'>Plenus</span> <span class='ocrx_word' id='word_1_428' title='bbox 735 4469 835 4518; x_wconf 87' lang='lat' dir='ltr'>venter</span> <span class='ocrx_word' id='word_1_429' title='bbox 845 4456 930 4516; x_wconf 88' lang='lat' dir='ltr'>lacile</span> <span class='ocrx_word' id='word_1_430' title='bbox 945 4458 983 4516; x_wconf 94' lang='lat' dir='ltr'>de</span> <span class='ocrx_word' id='word_1_431' title='bbox 995 4453 1112 4515; x_wconf 88' lang='lat' dir='ltr'>ieiuniis</span> <span class='ocrx_word' id='word_1_432' title='bbox 1163 4475 1226 4516; x_wconf 89' lang='lat' dir='ltr'>ron.</span> <span class='ocrx_word' id='word_1_433' title='bbox 1242 4475 1287 4534; x_wconf 90' lang='lat' dir='ltr'>ep.</span> <span class='ocrx_word' id='word_1_434' title='bbox 1307 4479 1351 4532; x_wconf 81' lang='lat'>22,</span> <span class='ocrx_word' id='word_1_435' title='bbox 1370 4477 1398 4519; x_wconf 94' lang='lat' dir='ltr'>n.</span> <span class='ocrx_word' id='word_1_436' title='bbox 1414 4479 1433 4532; x_wconf 83' lang='lat'><strong>4</strong></span> <span class='ocrx_word' id='word_1_437' title='bbox 1450 4463 1458 4492; x_wconf 91' lang='lat'><strong>‘</strong></span> <span class='ocrx_word' id='word_1_438' title='bbox 1473 4461 1543 4521; x_wconf 91' lang='lat' dir='ltr'>Non</span> <span class='ocrx_word' id='word_1_439' title='bbox 1554 4461 1668 4538; x_wconf 86' lang='lat' dir='ltr'>quaerit</span> <span class='ocrx_word' id='word_1_440' title='bbox 1678 4463 1815 4524; x_wconf 81' lang='lat' dir='ltr'>diabolus</span> 
     </span>
    </p>

    <p class='ocr_par' dir='ltr' id='par_1_6' title="bbox 460 4537 1814 4785">
     <span class='ocr_line' id='line_1_40' title="bbox 460 4537 1814 4622; baseline 0.004 -22"><span class='ocrx_word' id='word_1_441' title='bbox 460 4539 620 4618; x_wconf 84' lang='lat' dir='ltr'>disputat&#39;.</span> <span class='ocrx_word' id='word_1_442' title='bbox 1163 4537 1299 4600; x_wconf 86' lang='lat' dir='ltr'>homines</span> <span class='ocrx_word' id='word_1_443' title='bbox 1327 4540 1472 4614; x_wconf 84' lang='lat' dir='ltr'>infideles,</span> <span class='ocrx_word' id='word_1_444' title='bbox 1502 4561 1561 4601; x_wconf 91' lang='lat' dir='ltr'>non</span> <span class='ocrx_word' id='word_1_445' title='bbox 1590 4545 1717 4622; x_wconf 88' lang='lat' dir='ltr'>eosqui</span> <span class='ocrx_word' id='word_1_446' title='bbox 1746 4547 1814 4606; x_wconf 84' lang='lat' dir='ltr'>ioris</span> 
     </span>
     <span class='ocr_line' id='line_1_41' title="bbox 502 4618 1813 4701; baseline 0.005 -21"><span class='ocrx_word' id='word_1_447' title='bbox 502 4639 528 4699; x_wconf 82' lang='lat'>5.</span> <span class='ocrx_word' id='word_1_448' title='bbox 543 4641 654 4698; x_wconf 81' lang='lat' dir='ltr'>sequere</span> <span class='ocrx_word' id='word_1_449' title='bbox 668 4618 722 4701; x_wconf 87' lang='lat' dir='ltr'>mc]</span> <span class='ocrx_word' id='word_1_450' title='bbox 739 4621 846 4680; x_wconf 86' lang='lat' dir='ltr'>Matth.</span> <span class='ocrx_word' id='word_1_451' title='bbox 866 4639 911 4696; x_wconf 86' lang='lat'>19,</span> <span class='ocrx_word' id='word_1_452' title='bbox 928 4639 974 4678; x_wconf 81' lang='lat' dir='ltr'>ar.</span> <span class='ocrx_word' id='word_1_453' title='bbox 1162 4631 1267 4678; x_wconf 87' lang='lat' dir='ltr'>sunt...</span> <span class='ocrx_word' id='word_1_454' title='bbox 1298 4623 1390 4682; x_wconf 83' lang='lat' dir='ltr'>Escae</span> <span class='ocrx_word' id='word_1_455' title='bbox 1412 4623 1473 4682; x_wconf 84' lang='lat' dir='ltr'>eius</span> <span class='ocrx_word' id='word_1_456' title='bbox 1499 4625 1665 4690; x_wconf 89' lang='lat' dir='ltr'>secundum</span> <span class='ocrx_word' id='word_1_457' title='bbox 1690 4625 1813 4686; x_wconf 86' lang='lat' dir='ltr'>Abacuc</span> 
     </span>
     <span class='ocr_line' id='line_1_42' title="bbox 501 4699 1369 4785; baseline 0 -21"><span class='ocrx_word' id='word_1_458' title='bbox 501 4708 527 4764; x_wconf 88' lang='lat'>8.</span> <span class='ocrx_word' id='word_1_459' title='bbox 545 4699 702 4785; x_wconf 83' lang='lat' dir='ltr'>miscebam]</span> <span class='ocrx_word' id='word_1_460' title='bbox 722 4705 764 4760; x_wconf 86' lang='lat' dir='ltr'>Ps.</span> <span class='ocrx_word' id='word_1_461' title='bbox 785 4721 849 4775; x_wconf 87' lang='lat' dir='ltr'>ror,</span> <span class='ocrx_word' id='word_1_462' title='bbox 870 4721 912 4759; x_wconf 88' lang='lat' dir='ltr'>ro.</span> <span class='ocrx_word' id='word_1_463' title='bbox 1160 4703 1258 4761; x_wconf 77' lang='lat' dir='ltr'>electae</span> <span class='ocrx_word' id='word_1_464' title='bbox 1272 4710 1342 4762; x_wconf 79' lang='lat' dir='ltr'>sunl</span> <span class='ocrx_word' id='word_1_465' title='bbox 1353 4707 1369 4765; x_wconf 89' lang='lat'>&#39;.</span> 
     </span>
    </p>
   </div>
   <div class='ocr_carea' id='block_1_5' title="bbox 0 0 2106 5492">
    <p class='ocr_par' dir='ltr' id='par_1_7' title="bbox 0 0 2106 5492">
     <span class='ocr_line' id='line_1_43' title="bbox 0 0 2106 5492; baseline 0 3"><span class='ocrx_word' id='word_1_466' title='bbox 0 0 2106 5492; x_wconf 95' lang='lat' dir='ltr'> </span> 
     </span>
    </p>
   </div>
  </div>
 </body>
</html>
