4202 5492
659 429 924 494 muneratus
947 429 1003 490 na
1026 431 1195 493 rsnnuo
1218 429 1356 490 nxxvr.
1633 425 1689 514 49

338 650 458 716 Iuliani
481 647 700 734 persecutoris
716 669 771 714 cor
798 647 831 713 in
850 668 950 714 manu
978 648 1043 712 Dei
1059 647 1145 714 luit?
1173 647 1253 714 Saul
1280 648 1385 711 corin
1405 666 1504 711 manu
1521 646 1585 710 Dei
1604 646 1690 711 luit?

338 757 495 822 Manasse
509 756 611 820 corin
625 774 725 819 manu
744 755 807 819 Dei
826 754 905 819 luit?
920 753 1042 818 Achab
1057 773 1114 818 cor
1129 755 1162 818 in
1179 772 1281 817 manu
1300 750 1364 814 Dei
1380 749 1461 815 suin
1477 750 1522 814 Et
1538 751 1690 815 omnium

337 860 513 944 impiorum
537 879 652 942 regum
680 858 765 923 luda
789 859 891 922 corda
914 857 947 921 in
976 876 1077 921 manu
1104 856 1168 920 Dei
1196 856 1351 921 fuerunt?
1374 854 1507 920 Videtis
1531 855 1690 937 quoniam

336 963 519 1030 secundum
544 962 689 1028 litteram
703 971 791 1026 stare
808 981 875 1026 non
899 969 1018 1044 potest.
1037 961 1148 1042 Reges
1163 981 1244 1043 ergo
1266 959 1477 1031 sanctisunt,
1501 967 1535 1022 et
1552 957 1689 1023 istorum

306 1092 319 1145 5
337 1087 392 1132 cor
408 1067 441 1130 in
459 1086 560 1132 manu
578 1065 716 1130 Domini
732 1076 790 1130 est.
808 1065 854 1130 Et
880 1085 941 1128 nos
957 1085 1037 1147 ergo
1052 1073 1206 1148 petamus
1224 1065 1344 1141 Deum,
1360 1072 1397 1128 ut
1413 1083 1507 1146 reges
1531 1063 1642 1142 simus,
1659 1073 1692 1127 et

338 1173 539 1255 imperemus
554 1171 646 1236 carni
663 1179 805 1247 nostrae,
820 1179 857 1233 ut
872 1170 1021 1235 subiecta
1045 1170 1088 1234 sit
1104 1168 1210 1233 nobis.
1229 1169 1330 1234 Unde
1352 1165 1434 1231 dicit
1450 1175 1484 1231 et
1499 1166 1692 1250 apostolus:

338 1282 345 1310 ‘
363 1277 446 1342 Ideo
461 1275 590 1359 castigo
604 1295 724 1359 corpus
741 1293 852 1338 meum
869 1275 952 1338 etin
969 1275 1162 1339 servitutem
1174 1273 1298 1357 redigo,
1314 1292 1355 1337 ne
1372 1271 1457 1336 sorte
1471 1269 1545 1335 aliis
1563 1271 1692 1353 praedi·

339 1404 418 1449 cans
442 1383 514 1468 ipse
537 1382 697 1466 reprobus
724 1379 848 1445 efficiar
862 1381 878 1445 ’.
905 1381 1051 1464 Imperet
1076 1379 1189 1444 anima
1205 1389 1329 1456 nostra,
1354 1376 1476 1442 serviat
1498 1395 1637 1459 corpus:
1659 1385 1695 1440 et

339 1490 452 1555 statim
468 1487 580 1553 veniet
597 1487 747 1571 Xpistus‚
762 1494 796 1549 et
823 1485 989 1550 habitabit
1010 1486 1042 1548 in
1060 1484 1164 1548 nobis.
1183 1483 1337 1566 Denique
1362 1481 1442 1565 quid
1458 1480 1539 1546 dicit
1565 1480 1637 1564 ipse
1661 1482 1693 1546 in

296 1618 324 1654 ιο
340 1591 538 1676 evangelio?
559 1595 566 1623 ‘
591 1590 746 1666 Veniam,
763 1589 879 1672 inquit,
895 1600 928 1653 ct
945 1590 1042 1654 stabo
1057 1603 1136 1654 ante
1152 1588 1285 1665 ostium,
1301 1595 1335 1651 et
1351 1586 1511 1671 pulsabo:
1527 1587 1605 1651 etsi
1621 1587 1695 1671 quis

342 1697 420 1762 mihi
437 1695 611 1779 aperuerit,
627 1695 767 1772 intrabo,
782 1693 900 1778 inquit,
908 1702 943 1758 et
953 1694 1081 1759 cenabo
1096 1712 1172 1756 cum
1183 1713 1224 1757 eo
1234 1693 1250 1758 ’.
1263 1692 1396 1758 Cotidie
1406 1700 1473 1757 stat
1483 1700 1563 1756 anto
1572 1695 1694 1757 ostium

342 1801 482 1885 pectoris
499 1799 602 1864 nostri
621 1797 772 1882 Xpistus,
784 1800 907 1863 intrare
922 1799 1098 1863 desiderat.
1116 1798 1327 1880 Aperiamus,
1339 1797 1525 1880 ingreditur
1540 1798 1573 1860 in
1588 1793 1697 1877 nobis,

341 1916 374 1970 et
389 1905 511 1988 hospes
524 1912 636 1966 noster
656 1910 708 1966 est
723 1910 757 1966 et
772 1902 932 1966 conviva:
946 1903 1010 1966 hoc
1033 1911 1092 1978 est,
1109 1911 1143 1966 et
1159 1901 1192 1964 in
1211 1901 1309 1966 nobis
1323 1900 1453 1967 habitat
1473 1910 1507 1964 et
1522 1901 1696 1968 nobiscum

342 2011 495 2075 comedit.

300 2205 326 2257 1,
748 2161 823 2236 ue
854 2161 1078 2236 Psnuuo
1109 2161 1292 2264 Lxxvr.

280 2401 284 2406 .
393 2342 471 2407 Voce
494 2363 564 2406 mea
580 2341 629 2406 ad
640 2340 822 2405 Dominum
837 2339 998 2404 clamavi:
1013 2361 1085 2404 voce
1108 2359 1179 2404 maa
1194 2339 1243 2405 ad
1259 2340 1377 2417 Deum,
1397 2339 1585 2404 etintendit
1607 2339 1697 2405 milti.

343 2447 384 2511 ln
397 2447 452 2511 die
467 2447 691 2512 tribulationis
707 2466 795 2510 rneac
809 2445 918 2508 Deum
934 2444 1103 2528 exquisivi.
1116 2445 1239 2510 Videte
1249 2444 1420 2528 quomodo
1435 2443 1468 2507 in
1485 2443 1698 2509 tribulatione

344 2562 402 2630 est,
417 2562 451 2617 ct
468 2551 588 2628 Deum,
617 2553 738 2629 Deum,
764 2549 875 2612 Deum
902 2549 1108 2632 deprecatur,
1124 2560 1158 2615 et
1186 2559 1298 2613 tamen
1316 2567 1401 2612 unus
1429 2559 1479 2611 est
1495 2548 1598 2613 Deus.
1624 2547 1700 2612 Voce

345 2675 413 2718 ntea
427 2654 477 2718 ad
493 2653 676 2718 Dominum
696 2651 846 2718 clamavi.
863 2651 999 2717 Clamor
1025 2673 1065 2717 eo
1081 2662 1232 2737 tempore
1257 2652 1460 2717 necessarius
1480 2662 1539 2730 est,
1562 2652 1698 2734 quando

299 2783 329 2822 ao
345 2758 509 2841 longeest
526 2755 580 2821 ille
595 2758 652 2842 qui
669 2756 800 2822 clamat
823 2755 914 2841 Ergo
930 2757 992 2822 iste
1008 2757 1099 2840 quod
1115 2757 1197 2822 dicit
1220 2757 1283 2822 hoc
1299 2766 1373 2822 est:
1390 2758 1548 2840 quoniam
1564 2767 1699 2840 propter

335 2872 480 2946 ‘peccata
496 2882 571 2926 mea
587 2863 686 2946 longe
699 2883 772 2926 sum
788 2882 808 2924 a
825 2871 867 2938 te,
883 2871 1060 2944 propterea
1077 2861 1195 2940 clamo,
1212 2872 1248 2926 ut
1266 2883 1319 2929 me
1334 2865 1506 2930 exaudias.
1529 2863 1607 2928 Voce
1629 2885 1700 2928 mea

344 2967 390 3029 ad
412 2966 530 3042 Deam,
545 2976 576 3029 et
602 2965 746 3030 intendit
768 2986 825 3029 me.
854 2967 968 3048 Ipsum
996 2975 1046 3031 est
1071 2967 1161 3048 quod
1189 2966 1271 3031 dicit
1297 2968 1389 3032 etin
1414 2967 1480 3031 alio
1497 2967 1589 3032 loco:
1611 2971 1619 3000 ⁸
1642 2967 1699 3031 Ad

347 3071 529 3134 Dominum
545 3091 622 3134 cum
639 3070 814 3134 tribularer
829 3069 980 3146 clamavi,
996 3082 1029 3134 et
1046 3070 1219 3133 exaudivit
1236 3091 1289 3133 me
1305 3072 1321 3136 ’.

386 3175 428 3236 In
448 3174 502 3237 die
526 3173 751 3238 tribulationis
777 3193 866 3237 meae
888 3172 996 3236 Deum
1021 3175 1189 3256 exquisivi.
1213 3173 1393 3240 Difficilem
1421 3196 1490 3240 rem
1517 3177 1606 3242 dicit.
1629 3176 1701 3240 Nos

299 3305 328 3358 ²5
345 3281 479 3364 quando
501 3280 708 3357 tribulamur,
725 3281 756 3342 in
785 3288 908 3341 terram
924 3277 1094 3354 deicimur,
1120 3276 1202 3342 nihil
1226 3279 1316 3344 aliud
1343 3281 1405 3344 nisi
1421 3281 1463 3344 de
1488 3280 1701 3344 tribulatione

345 3385 551 3467 cogitamus:
578 3386 640 3450 iste
665 3384 792 3448 veroin
817 3381 1031 3446 tribulatione
1048 3393 1289 3463 commonetur,
1309 3392 1345 3446 ut
1363 3383 1472 3445 Deum
1497 3383 1701 3466 deprecetur.

345 3485 447 3551 Verbi
473 3505 582 3566 causa,
598 3485 701 3551 filium
728 3485 867 3569 perdidi,
895 3484 1031 3548 incensa
1055 3495 1106 3549 est
1121 3485 1242 3550 domus
1271 3507 1354 3564 mea,
1379 3488 1421 3551 ad
1448 3485 1699 3553 mendicitatem

346 3592 438 3655 veni:
464 3611 531 3654 nou
557 3611 681 3674 quaero
708 3589 789 3654 illud
815 3589 904 3673 quod
933 3589 1073 3672 perdidi,
1095 3589 1154 3653 sed
1181 3589 1366 3654 Dominum
1392 3612 1525 3674 quaero.
1551 3592 1586 3658 Si
1611 3596 1700 3662 enim

380 3757 479 3820 tSaul]
495 3747 573 3813 Sauli
583 3755 687 3825 (omisso
698 3764 748 3824 cor)
761 3763 793 3812 G.
895 3757 998 3825 3Irala]
1015 3762 1094 3812 Iudae
1106 3763 1133 3813 S.
1213 3777 1230 3825 4
1237 3761 1324 3828 potest]
1332 3772 1433 3827 potetest
1445 3765 1538 3816 Bcorr.
1545 3783 1552 3825 ;
1559 3773 1659 3830 poterat
1669 3771 1700 3820 C.

345 3842 434 3904 sancti]
444 3846 534 3912 scripti
544 3844 595 3896 BC.
677 3845 858 3912 9quidlctC.
939 3858 969 3894 to
980 3839 1195 3909 miliapmaerit]
1206 3848 1302 3908 aperiat
1311 3846 1379 3896 milti
1389 3847 1421 3897 G.
1504 3862 1532 3897 12
1549 3849 1703 3914 ingreditur]

346 3927 388 3979 BC
403 3942 412 3978 ι
427 3945 466 3988 m;
479 3928 637 3993 ingredictur
648 3926 686 3995 βῦ
699 3941 711 3976 e
722 3927 780 3978 add.
795 3943 850 3991 sup.
864 3927 899 3977 lin
909 3945 917 3988 ς
929 3928 1091 3991 ingrediatur
1101 3928 1176 3978 LSG.
1281 3943 1289 3980 t
1294 3943 1309 3993 3
1321 3930 1445 3980 teatinum
1457 3928 1568 3989 catreedit]
1580 3934 1702 3983 nolarum

345 4013 411 4062 ardet
422 4013 455 4072 ὃς
466 4011 536 4060 nolis
552 4011 618 4070 (curn
630 4009 688 4059 add.
702 4025 757 4075 sup.
771 4009 829 4070 lin.)
840 4010 967 4059 contradit
979 4011 1010 4059 G.
1103 4021 1111 4057 ι
1117 4020 1131 4072 5
1143 4018 1188 4058 DE
1197 4017 1327 4060 PSAttto
1337 4009 1455 4071 LXXVI]
1471 4015 1501 4064 In
1514 4015 1642 4066 Breviario
1652 4017 1702 4068 col.

349 4109 406 4146 1101
420 4111 475 4160 sqq.
547 4093 576 4142 18
588 4093 681 4152 Deum,
698 4093 791 4152 Deum,
811 4087 905 4149 Deum]
925 4093 973 4153 us,
986 4093 1011 4142 A
1026 4105 1035 4141 ι
1050 4109 1075 4142 m
1084 4111 1092 4153 3
1108 4094 1182 4144 deum
1194 4121 1230 4142 m
1250 4105 1273 4145 ct
1287 4098 1360 4146 deum
1377 4098 1415 4158 G;
1433 4099 1574 4151 Dominum
1585 4105 1609 4146 ct
1621 4099 1704 4146 Deum

348 4175 562 4247 §Armorum
576 4176 654 4226 semel
667 4177 697 4226 C.
793 4187 825 4225 22
836 4175 946 4226 intendit
958 4175 1006 4237 me]
1017 4175 1092 4227 codd.
1106 4177 1145 4238 ri.
1160 4179 1228 4228 triti
1243 4177 1269 4247 β,
1284 4180 1406 4232 Cmutat.
1420 4181 1446 4230 in
1458 4197 1504 4232 nte.
1600 4180 1705 4232 abrom-

346 4253 469 4319 momrur]
477 4257 545 4310 BCG
556 4275 564 4317 3
579 4264 744 4308 commovetur
755 4256 799 4326 βὸ.

386 4400 412 4456 8.
429 4388 576 4474 effictarlr
595 4393 663 4454 Cor.
682 4411 708 4468 9,
726 4409 774 4468 27.
923 4428 927 4436 ‹
1092 4415 1135 4471 13.
1163 4403 1191 4455 et
1212 4393 1344 4479 contuita]
1370 4399 1415 4461 Cf.
1445 4399 1572 4459 Hieron.
1592 4399 1622 4459 in
1648 4399 1701 4460 Os.

387 4499 413 4556 9.
439 4480 472 4536 in
496 4469 652 4554 mangelt'o]
678 4474 811 4535 Verbum
837 4473 886 4534 hic
910 4474 997 4534 latius
1050 4478 1153 4554 proph.
1171 4497 1236 4555 cap.
1257 4498 1303 4554 11,
1320 4501 1345 4539 v.
1364 4501 1380 4556 3
1396 4501 1439 4558 sq.
1457 4486 1464 4513 ‘
1479 4480 1550 4541 dedi
1564 4482 1607 4542 eis
1618 4499 1701 4542 esum

348 4570 426 4638 patet
437 4570 466 4620 et
482 4575 593 4618 novum
613 4567 835 4628 testamentum,
850 4568 998 4633 quatenus
1050 4559 1183 4635 corporis
1199 4559 1267 4634 mei,
1282 4560 1347 4639 ipse
1361 4575 1390 4622 et
1405 4563 1489 4624 cibus
1503 4575 1533 4624 ct
1549 4563 1674 4624 conviva
1686 4565 1699 4622 ’.

349 4643 403 4720 legi
428 4637 518 4701 veteri
538 4637 708 4716 opponitur,
725 4637 889 4716 significat:
915 4639 998 4699 locus
1093 4661 1138 4718 23.
1153 4637 1207 4724 me]
1223 4644 1270 4702 Ps.
1290 4662 1354 4718 119,
1374 4664 1398 4708 1.

348 4725 426 4786 enim
441 4741 478 4784 ex
488 4721 613 4800 Apocal.
631 4738 657 4797 3,
676 4741 714 4780 ao
728 4729 864 4798 sumptus
875 4731 927 4781 est.

398 4851 672 4902 altitonantem
683 4851 756 4904 nna.
1619 4873 1628 4916 7
