4092 5502
611 439 866 500 ammanus
890 439 947 498 on
970 438 1139 500 rsanno
1160 439 1313 500 cxxxv.
1547 411 1621 496 261

278 650 456 733 imaginem
474 654 603 718 terreni.
619 653 661 718 In
689 655 857 732 intellectu,
873 657 905 719 in
923 655 1110 739 sapientia:
1128 655 1271 738 Xpistus
1287 653 1376 718 enirn
1395 653 1459 718 Dei
1475 655 1579 717 virtus
1595 660 1628 717 et

280 754 341 818 Dei
356 755 530 839 sapientia,
545 757 632 822 sicut
646 767 679 820 et
695 759 728 822 in
748 749 933 822 Proverbiis
954 759 1035 823 dicit
1051 758 1124 840 ipsa
1140 760 1326 841 sapientia:
1342 765 1350 793 ‘
1367 758 1514 841 Quando
1529 755 1628 822 facie-

277 859 334 922 bat
349 859 469 938 caelos,
484 882 560 926 cum
578 863 651 946 ipso
667 883 757 926 eram
775 868 782 895 '
798 874 831 928 ct
847 872 964 926 cetera
1513 845 1515 854 ¹

322 960 389 1042 Qui
393 963 554 1046 fimavit
567 975 689 1029 terram
700 977 797 1049 snper
809 987 921 1049 aquas.
934 966 1029 1030 Licet
1045 965 1175 1052 dicatur
1190 975 1277 1030 terra
1302 986 1400 1049 super
1426 985 1531 1049 aquas
1547 983 1627 1048 pen·

240 1073 257 1127 5
275 1067 361 1144 dere,
376 1067 440 1132 hoc
457 1078 517 1146 est,
533 1069 565 1133 in
584 1071 666 1134 mari
682 1071 828 1153 pendere
844 1091 852 1148 ;
867 1079 980 1134 tamen
997 1078 1119 1133 terram
1141 1077 1289 1132 nostram
1302 1069 1454 1134 fundavit
1468 1079 1501 1132 et
1518 1066 1628 1132 firma·

278 1171 326 1237 vit
341 1173 374 1237 in
392 1175 603 1276 baptismate.
621 1177 699 1240 Non
726 1177 823 1252 dixit,
838 1176 981 1252 sustulit,
997 1185 1054 1238 aut
1080 1174 1253 1251 exaltavit,
1267 1184 1326 1239 aut
1353 1175 1386 1238 in
1413 1173 1524 1238 caelos
1550 1169 1628 1236 lecit

273 1277 459 1343 ascendere.
478 1278 650 1362 Baptisma
667 1279 755 1344 enim
773 1289 910 1362 peccata
933 1278 1082 1357 dimittit,
1098 1287 1132 1343 et
1157 1276 1261 1362 quasi,
1276 1279 1319 1342 de
1343 1297 1473 1342 carcere
1489 1276 1628 1340 liberat:

273 1397 375 1464 regna
401 1390 513 1446 autem
544 1383 710 1448 caelorum
739 1403 805 1447 non
843 1393 953 1466 potest
989 1383 1122 1446 donare.
1148 1381 1185 1448 Si
1213 1401 1278 1447 non
1305 1383 1393 1446 enim
1422 1381 1541 1464 aliquis
1568 1399 1627 1463 per

272 1503 372 1566 opera
389 1494 423 1548 et
446 1484 545 1550 fidem
571 1487 750 1561 intraverit,
767 1495 832 1550 non
850 1496 960 1569 potest
977 1507 1111 1554 securus
1133 1505 1214 1550 esse.

222 1599 256 1636 ¹⁰
319 1587 387 1666 Qui
390 1591 475 1670 fecit
487 1589 673 1654 luminaria
697 1611 827 1672 mma.
844 1590 1037 1655 Secundum
1066 1591 1210 1654 litteram
1236 1589 1279 1654 de
1305 1589 1409 1654 stellis
1425 1588 1516 1653 dicit.
1532 1587 1628 1652 Licet

272 1711 391 1775 parvas
415 1713 471 1757 eas
502 1693 756 1775 conspiciamus,
781 1695 838 1758 sed
865 1704 977 1758 tamen
1007 1714 1149 1778 magnae
1173 1702 1260 1759 sunt.
1278 1693 1372 1760 Sicut
1396 1693 1485 1758 enim
1513 1712 1574 1756 nos
1599 1692 1627 1755 si

273 1798 493 1894 ascendamus
523 1797 556 1860 in
584 1807 732 1862 montem
749 1798 932 1875 excelsum,
946 1809 982 1862 et
995 1799 1168 1862 videamus
1184 1799 1217 1862 in
1234 1796 1383 1862 subiecta
1410 1796 1499 1876 valle
1521 1796 1628 1860 homi·

273 1919 360 1978 nem,
374 1900 506 1964 videtur
522 1900 618 1965 nobis
642 1903 738 1984 qnasi
763 1923 901 1984 parvum
917 1903 1079 1986 quiddam
1095 1927 1102 1967 :
1118 1905 1164 1968 ita
1180 1913 1212 1966 et
1229 1900 1345 1966 stellae
1372 1921 1515 1984 magnae
1542 1910 1628 1978 sunt,

273 2024 318 2068 cx
341 2003 518 2070 altitudine
534 2017 645 2069 autem
664 2026 786 2088 parvae
802 2007 898 2070 nobis
919 2007 1080 2070 videntur.
1099 2006 1204 2073 Stella
1221 2006 1309 2070 enim
1335 2026 1422 2090 quae
1446 2007 1577 2070 videtur
1594 2007 1626 2068 in

221 2115 252 2170 ¹⁵
273 2107 455 2185 Britannia,
470 2117 504 2171 et
520 2106 642 2191 ubique
658 2109 730 2192 ipsa
757 2120 904 2193 apparet.
924 2110 999 2174 Hoc
1016 2120 1127 2175 autem
1153 2111 1233 2174 dicit
1250 2111 1292 2174 ad
1309 2093 1366 2174 ens
1383 2111 1502 2193 quibus
1518 2111 1627 2174 dixit:

273 2219 281 2242 ⁸
299 2211 369 2275 Vos
385 2212 465 2276 estis
481 2210 541 2277 lux
558 2214 672 2277 mnndi
689 2215 704 2276 ’.

319 2313 388 2393 Qui
399 2315 519 2379 divisit
536 2337 627 2380 mare
641 2316 793 2382 Rubrum
808 2321 843 2384 in
857 2321 1042 2386 divisiones.
1058 2322 1184 2387 Dicunt
1214 2322 1371 2398 Hebraei,
1385 2322 1476 2404 quod
1493 2322 1526 2384 in
1543 2323 1626 2384 duo-

272 2420 381 2484 decim
409 2419 590 2484 divisiones
616 2421 759 2486 divisum
786 2435 836 2488 est
862 2445 962 2502 mare,
978 2425 1041 2489 hoc
1056 2436 1117 2501 est,
1132 2426 1313 2490 secundum
1340 2426 1464 2489 tribum
1482 2444 1548 2488 una
1565 2425 1627 2488 via.

275 2524 425 2594 Rubrum
443 2535 555 2589 autem
573 2524 694 2590 dicitur
709 2526 751 2590 de
767 2529 938 2610 sanguine.

219 2640 255 2678 ²⁰
316 2628 363 2692 Et
377 2629 516 2693 excussit
542 2629 746 2694 Pharaonem
772 2641 804 2694 et
818 2633 991 2696 exercitum
1016 2633 1086 2697 eins
1110 2654 1144 2696 m
1172 2633 1262 2697 mari
1275 2633 1396 2696 Rubro.
1413 2633 1504 2696 Bene
1531 2632 1628 2709 dixit,

273 2733 440 2796 excussit:
455 2734 604 2796 excussit
620 2734 708 2797 enirn
725 2733 795 2798 eius
811 2745 958 2818 peccata,
970 2747 1002 2800 et
1016 2757 1081 2800 non
1093 2738 1161 2818 egit
1178 2737 1415 2818 paenitentiam
1433 2745 1627 2818 ;propterea

273 2847 423 2902 mortuus
439 2846 499 2902 est.
515 2836 609 2903 Sicut
626 2838 717 2902 etad
737 2839 947 2903 Hierusalem
964 2841 1065 2905 dicit:
1081 2845 1088 2871 ‘
1107 2841 1240 2904 Excute
1256 2839 1424 2922 pulverem
1447 2848 1541 2902 tunm
1559 2838 1575 2903 ’.

320 2940 388 3020 Qui
397 2941 560 3023 percussit
574 2963 663 3024 reges
678 2963 821 3025 magnos.
839 2944 986 3007 Primum
1014 2945 1176 3026 percussit
1192 2944 1410 3019 Pharaonem,
1426 2943 1482 3024 qui
1500 2941 1629 3006 intelle-

274 3043 362 3124 gitur
378 3044 542 3121 diabolus,
558 3055 591 3108 et
608 3047 655 3108 sic
670 3047 854 3112 exercitum
871 3048 950 3109 eius.
1390 3107 1402 3118 ,
1496 3063 1499 3068 ·

220 3156 253 3211 25
319 3147 406 3226 Quin
433 3149 467 3210 in
496 3147 684 3212 hnmilitate
700 3160 811 3212 nostro
828 3149 1031 3230 memorfnr't
1046 3150 1157 3214 nostri.
1174 3149 1250 3213 Non
1274 3149 1371 3222 dixit,
1388 3149 1420 3212 in
1445 3149 1630 3232 sapientia:

308 3333 318 3369 1
333 3319 466 3384 imaginem
479 3320 510 3382 t.]
523 3321 587 3371 ABS
599 3338 606 3378 ;
619 3322 729 3382 imagine
738 3328 755 3368 t.
770 3317 817 3386 βΕ.
888 3331 901 3384 5
914 3321 943 3368 in
954 3321 1024 3368 orari
1030 3320 1145 3384 pendere]
1157 3319 1244 3384 scripsi
1256 3338 1263 3380 ;
1276 3319 1542 3384 ferreummontem
1555 3320 1629 3367 inan:

267 3403 374 3468 pondere
387 3401 433 3469 βΒ.
534 3401 794 3465 tsns1nnt1susnznr
806 3399 830 3468 β.
932 3403 960 3450 in
972 3403 1056 3462 caelos]
1074 3403 1102 3450 in
1115 3403 1178 3451 caelo
1190 3403 1216 3452 S.
1316 3401 1332 3450 8
1339 3409 1388 3466 per
1397 3401 1594 3467 operaetfiriem]
1599 3409 1626 3465 p.

271 3493 370 3550 operam
380 3501 401 3534 e.
408 3485 433 3549 fi
449 3485 466 3535 S
479 3493 542 3548 :pro
552 3491 621 3548 opere
632 3493 655 3534 et
657 3486 712 3549 fide
724 3485 744 3534 C
757 3501 812 3549 sup.
826 3485 870 3533 lin.
969 3497 995 3532 11
1006 3492 1100 3548 parvas
1111 3484 1249 3548 eas]pnrna
1260 3501 1288 3532 ea
1301 3485 1327 3542 S,
1342 3485 1435 3534 Ccorr.
1536 3484 1629 3548 conspi-

271 3567 378 3628 riamrrs]
386 3567 548 3632 conspicimus
559 3568 585 3617 S.
667 3567 780 3631 nrapme]
793 3565 944 3630 mngnaCS.
1028 3565 1437 3630 13qreiddamlqnoridamCcorr.
1515 3565 1630 3628 nrngnne]

274 3649 473 3713 magvacorr.
545 3649 758 3711 14autern1enim
771 3651 799 3700 C.
873 3663 899 3712 15
913 3650 1065 3710 Britannia]
1077 3649 1207 3698 Brittania
1218 3650 1287 3700 BCS.
1360 3651 1498 3711 1701111111
1507 3649 1629 3710 Hebraei]

273 3741 297 3782 et
309 3741 392 3782 cetera
403 3749 467 3797 quae
476 3741 624 3798 sequuntur,
637 3732 758 3781 hactenus
770 3726 897 3782 ἀνέκδοτα
909 3739 987 3780 erant.
1077 3731 1105 3779 18
1116 3732 1227 3780 diuisum
1239 3731 1318 3792 cst]d.
1333 3733 1367 3778 sit
1379 3731 1407 3779 B.
1496 3731 1630 3793 1911111111]

275 3815 295 3862 Β
307 3814 379 3863 inser.
394 3831 470 3864 nram.
573 3826 600 3862 21
614 3815 692 3876 enim]
704 3831 754 3864 orn.
770 3816 799 3863 B.
901 3826 932 3861 22
944 3813 1052 3875 Excute]
1062 3829 1125 3862 exue
1134 3821 1155 3861 te
1168 3814 1194 3863 S.
1296 3814 1383 3878 14111]
1394 3829 1443 3862 om.
1459 3815 1485 3863 S.

318 3987 344 4026 1.
359 3961 479 4046 terreni]
488 3966 533 4028 ct.
554 3985 565 4023 1
585 3966 653 4026 Cor.
675 3981 719 4042 15,
736 3984 782 4039 49.
977 3961 1000 4020 si
1013 3961 1189 4022 laboraverit
1204 3963 1333 4040 praemia
1350 3962 1521 4040 pollicetur'
1537 3959 1626 4036 3ibid.

316 4067 341 4106 2.
359 4049 421 4106 Dei
431 4042 587 4127 sapr'entr'a]
607 4067 616 4104 1
637 4048 703 4107 Cor.
727 4065 750 4117 1,
769 4065 813 4117 14.
979 4063 1005 4120 3,
1025 4048 1055 4102 1‘
1073 4044 1111 4102 Et
1136 4055 1236 4104 tamen
1252 4044 1310 4104 hoc
1335 4044 1418 4116 scito,
1446 4043 1628 4121 baptismum

317 4149 344 4204 3.
359 4125 452 4210 111111]
468 4131 552 4188 Prov.
570 4131 597 4200 8,
616 4145 662 4201 ²7·
979 4126 1133 4201 praeterita
1147 4126 1259 4185 donare
1274 4137 1405 4202 peccata,
1422 4143 1482 4184 non
1499 4125 1627 4183 futuram

315 4205 646 4288 ammonianum]
665 4207 790 4268 Hieron.
808 4205 924 4283 Dialog.
978 4223 1092 4265 servare
1108 4205 1258 4278 iustitiam,
1285 4225 1363 4284 quae
1378 4207 1479 4266 labore
1493 4218 1523 4265 et
1546 4203 1631 4265 indu-

276 4311 300 4350 c.
319 4293 414 4368 Pelag.
435 4311 459 4362 1,
488 4309 522 4348 11
546 4290 598 4349 ‘Si
626 4289 806 4365 baptismum
826 4286 925 4346 statim
977 4285 1055 4360 stria,
1070 4306 1106 4346 ac
1121 4287 1282 4364 diligentia,
1299 4299 1328 4346 et
1339 4305 1457 4364 semper
1467 4305 1555 4362 super
1568 4305 1632 4345 om·

276 4372 384 4432 iustum
399 4374 517 4444 taceret,
533 4382 563 4432 et
577 4369 659 4430 omni
672 4371 793 4447 plenum
806 4367 924 4438 iustitia,
978 4366 1027 4426 nia
1053 4367 1110 4428 Dei
1134 4368 1292 4444 clementia
1307 4367 1474 4428 custoditur
1488 4369 1504 4426 '.

276 4471 465 4530 nequaquam
488 4451 592 4529 utique
613 4452 767 4527 apostolus
796 4451 925 4527 neophy-
1022 4453 1065 4508 16.
1083 4444 1197 4529 mundi]
1215 4451 1321 4510 Matth.
1336 4468 1362 4528 5,
1383 4471 1426 4523 ¹4·

272 4545 338 4594 tum
361 4535 520 4608 refutaret:
548 4533 602 4592 sed
634 4531 798 4611 baptismus
827 4543 925 4591 vetera
1022 4533 1064 4589 18.
1081 4551 1142 4589 nnn
1156 4528 1281 4611 oin]1ta
1300 4531 1453 4610 Origenes,
1471 4528 1627 4600 Eusebius,

275 4627 398 4692 peccata
410 4613 587 4686 conscindit,
611 4631 703 4672 novas
727 4611 849 4672 virtutes
863 4631 924 4671 non
976 4621 1149 4688 veteresque
1164 4611 1308 4671 nonnulli.

276 4696 395 4756 tribuit:
409 4693 531 4756 dimittit
555 4713 717 4766 11111111,
744 4705 773 4753 11
801 4691 925 4751 dimisso
1018 4712 1064 4750 11.
1081 4688 1230 4773 trmnr]1s.
1256 4711 1303 4768 51,
1322 4715 1346 4754 1.
