4112 5496
208 449 296 532 turn]
548 451 919 516 COMMENTARIOLI
950 452 995 511 IN
1027 451 1225 514 PSALMOS.
1507 451 1554 534 51

182 679 324 777 gunt,
346 667 466 779 quod
488 666 718 750 abalienati
741 679 843 750 sunt
863 695 889 748 a
913 668 1019 769 De0,
1053 695 1105 750 ex
1139 694 1228 779 quo
1253 667 1392 750 Maria
1410 670 1562 781 genuit
1617 661 1625 674 ’

207 804 489 887 Salvatorem.
513 803 636 889 Deus
672 809 862 889 conteret
891 805 1039 888 dentes
1066 833 1212 889 eorum
1234 807 1279 890 in
1300 834 1562 890 orreorum:

204 941 341 1024 molas
375 941 544 1025 leonum
578 944 825 1054 confringet
846 944 1070 1028 Dominus.
1111 945 1162 1026 ln
1193 942 1396 1028 dentibus
1415 957 1562 1053 aperta

205 1079 456 1186 persecutio,
480 1079 524 1162 in
548 1080 784 1165 molaribus
821 1079 1087 1191 sIgnificatur
1107 1080 1369 1165 abscondita.
1396 1080 1563 1164 Cecidit

173 1216 331 1324 sr‘gm's,
366 1244 449 1300 non
469 1215 678 1302 uiderunt
709 1218 851 1302 solem.
894 1218 1140 1301 Peccatores
1174 1218 1381 1327 Xpistum
1417 1218 1562 1330 ignem

201 1355 366 1453 vident,
385 1333 490 1438 iusti
508 1355 643 1438 solem
663 1355 863 1439 iustitiae.
880 1354 1035 1440 Aliter:
1056 1355 1130 1466 qui
1152 1355 1563 1439 comminationibus

202 1494 514 1604 scripturarum
537 1494 712 1576 territus
731 1492 1162 1604 agit'paenitentiam‚
1189 1493 1288 1575 huic
1310 1520 1382 1602 per
1417 1493 1561 1604 ignem

203 1633 515 1745 suppliciorum
531 1633 595 1717 sol
612 1658 741 1716 verus
753 1629 1145 1714 ostenditurAnte
1159 1657 1290 1740 quam
1309 1617 1564 1738 intellegant

200 1771 358 1881 spinae
377 1797 594 1871 ramnum,
618 1769 749 1881 quasi
766 1767 895 1868 vrum,
916 1766 1049 1876 quasi
1079 1766 1124 1848 in
1156 1765 1227 1849 ira
1261 1766 1456 1850 absorbet
1481 1794 1559 1850 eos.

159 1929 186 1968 ¹⁰
202 1909 320 1991 Ante
342 1935 472 2018 quam
496 1922 666 2019 peccata
686 1919 828 1992 vestra
848 1904 902 1988 ad
925 1904 1054 1987 finem
1077 1931 1215 2015 usque
1234 1905 1498 2016 perveniant,
1521 1915 1563 1987 et

200 2045 517 2158 cogitationum
552 2045 702 2156 spinae
738 2045 782 2128 in
813 2043 1009 2128 arborem
1031 2041 1240 2127 ebulliant
1277 2055 1559 2154 peccatorum,

203 2183 329 2265 Deus
349 2210 429 2265 vos
449 2183 660 2294 corripiet,
684 2210 770 2267 non
794 2182 942 2284 iratus,
966 2181 1040 2265 sed
1062 2181 1186 2293 quasi
1210 2181 1368 2266 iratus:
1393 2195 1562 2266 nonest

200 2319 365 2432 quippe
399 2321 480 2404 Dei
505 2321 578 2420 Ira,
602 2321 678 2410 sed
708 2321 964 2406 emendatio.
991 2322 1050 2404 Et
1070 2320 1270 2432 corripiet
1291 2348 1380 2422 vos
1406 2348 1492 2404 non
1514 2333 1561 2404 ut

199 2457 341 2555 vivos,
366 2457 440 2540 sed
476 2457 603 2568 quasi
632 2458 782 2543 vivos:
805 2459 879 2570 qui
901 2457 1016 2542 enim
1039 2459 1187 2569 spinas
1210 2457 1368 2543 habent
1388 2458 1562 2542 delicto·

157 2625 182 2675 ιε
200 2621 313 2694 rum,
337 2593 426 2676 vivi
446 2621 537 2678 non
561 2608 780 2684 merentur
802 2593 953 2681 vocari.

806 2929 974 3014 LVIII.

255 3217 367 3302 Siue
386 3203 641 3327 iniquitate
658 3217 843 3316 cucurri,
866 3222 911 3300 et
928 3218 1083 3301 direxi.
1111 3220 1169 3303 Et
1192 3220 1272 3302 iste
1293 3221 1487 3330 psalmus
1510 3250 1560 3305 ex

200 3379 387 3464 persona
424 3354 604 3437 Domini
643 3355 830 3467 intellegi
866 3369 1018 3467 potest.
1052 3358 1128 3441 Ait
1163 3359 1348 3470 quippe:
1386 3370 1392 3400 ¹
1428 3360 1560 3443 Venit

200 3490 400 3603 princeps
422 3491 574 3575 mundi
597 3490 737 3591 istius
776 3506 817 3576 et
839 3493 1002 3578 invenit
1035 3495 1078 3576 in
1111 3521 1178 3577 me
1200 3494 1306 3576 nihil
1331 3497 1349 3576 ’.
1378 3497 1560 3580 Conver-

154 3663 183 3700 ιο
200 3633 358 3710 lentur
374 3629 440 3711 nd
453 3635 687 3739 vesperam,
725 3637 769 3712 et
789 3630 964 3739 famem
989 3632 1228 3741 potientur
1262 3638 1312 3714 ut
1345 3659 1498 3715 canes:
1517 3640 1561 3715 et

199 3768 493 3851 circumibunt
507 3769 742 3852 civilatem.
763 3769 829 3851 De
849 3767 916 3851 his
931 3769 1133 3881 quuitur,
1149 3769 1223 3880 qui
1244 3771 1285 3852 in
1306 3770 1389 3853 fine
1407 3771 1557 3852 mundi

199 3933 249 3988 ex
277 3904 452 3988 IudaeiS
473 3905 675 3990 credituri
696 3918 811 3992 sunt.
839 3914 846 3945 ‘
870 3908 983 3990 Cum
1005 3908 1121 3990 enim
1145 3907 1441 3992 subintroierit
1472 3909 1558 4018 ple-

201 4041 359 4126 nitudo
377 4043 586 4153 gentium,
610 4057 712 4127 tunc
727 4044 872 4128 omnis
897 4045 1229 4158 Israhelsalvus
1249 4047 1329 4130 erit
1348 4048 1367 4132 ’.
1389 4048 1457 4128 El
1477 4073 1559 4129 rum

232 4290 247 4342 5
267 4277 349 4341 ignis]
369 4279 458 4344 Asup.
473 4277 517 4330 lin.
530 4278 591 4329 add.
603 4285 635 4330 el.
753 4291 767 4340 7
785 4281 901 4342 territur]
921 4297 971 4330 om.
995 4282 1025 4332 C.
1134 4295 1150 4343 9
1168 4284 1266 4346 spinae]
1285 4283 1357 4333 Brev.
1377 4285 1436 4334 add.
1455 4292 1558 4334 vestrae.

201 4360 335 4422 murnum]
349 4361 388 4411 Ita
396 4361 471 4410 codd.
575 4373 604 4424 13
616 4377 665 4410 non
677 4369 708 4410 ut
718 4363 798 4424 urbas]
812 4363 881 4412 ECA
893 4365 916 4422 (1
932 4365 979 4423 m.)
993 4361 1026 4430 β;
1038 4361 1182 4413 coniunctio
1195 4371 1224 4412 ut
1235 4363 1260 4413 in
1272 4365 1298 4413 Μ
1308 4364 1409 4425 omissa,
1423 4365 1449 4414 in
1459 4367 1482 4414 Α
1491 4383 1561 4415 emsa

200 4453 245 4492 est.
351 4455 381 4502 19
392 4443 468 4492 Istius
476 4449 500 4492 et
511 4443 621 4505 invenit]
634 4440 745 4512 ΕΑΜβς
779 4445 1017 4494 lrnr'urelr'nveniet
1034 4446 1064 4496 C.
1167 4459 1195 4494 21
1209 4447 1388 4508 circumibunt]
1401 4448 1423 4496 E
1430 4465 1438 4506 ;
1471 4449 1561 4496 circui·

201 4521 263 4572 lunt
280 4523 369 4574 ΕΔΜ.

247 4735 281 4793 ι9
313 4711 403 4797 rrr'lu't]
419 4717 503 4786 Ioan.
523 4736 567 4794 ¹4,
584 4736 631 4795 30.
947 4736 993 4795 23.
1013 4721 1112 4780 saluus
1124 4715 1192 4799 crit]
1208 4719 1297 4779 Rom.
1319 4722 1476 4797 11‚25·26.
