4092 5502
472 420 556 506 304
860 421 887 482 S.
913 419 1167 482 HIERONYMI
1190 417 1454 478 PRESBYTERI

475 636 597 720 Agnus
614 635 688 713 Dei,
703 654 779 698 ecce
794 632 852 716 qui
862 631 950 698 tollit
965 640 1102 715 peccata
1119 632 1235 696 mundi
1251 630 1267 696 '.
1286 632 1332 696 Et
1344 631 1377 696 in
1389 632 1455 698 alio
1470 632 1544 697 loco
1557 633 1690 698 Esaias:
1702 637 1710 665 ‘
1723 631 1828 716 Quasi

472 741 544 806 ovis
560 740 602 805 ad
619 739 787 803 victimam
814 737 933 802 ductus
958 746 1009 801 est
1024 739 1040 804 ’.
1057 738 1111 801 De
1137 738 1202 800 isto
1229 736 1330 819 igitur
1354 757 1442 821 agno
1466 748 1501 803 et
1527 739 1569 803 de
1594 739 1658 804 ista
1672 759 1735 803 ove
1751 738 1829 802 lana

474 846 537 910 ista
553 853 603 909 est
619 843 714 926 quasi
731 843 800 906 nix.
812 841 902 905 Dicit
917 841 1053 906 Esaias:
1070 841 1126 905 ‘Si
1140 841 1261 905 luerint
1271 854 1409 924 peccata
1421 853 1530 908 vestra
1542 844 1637 926 quasi
1647 843 1829 920 coccinum,

473 949 568 1032 quasi
585 949 644 1011 nix
671 946 915 1012 dealbabuntur
931 946 946 1010 '.
963 949 970 976 ‘
987 945 1158 1028 Asparges
1184 965 1238 1009 me
1262 945 1402 1030 hysopo,
1417 956 1451 1012 et
1477 947 1685 1014 mundabor:
1701 945 1828 1011 lavabis

474 1076 537 1134 me,
553 1063 585 1119 et
602 1054 827 1136 supernivem
844 1051 1027 1116 dealbabor
1038 1051 1054 1117 '.
1066 1051 1133 1134 Qui
1144 1052 1204 1116 dat
1214 1051 1324 1117 nivem
1341 1051 1426 1116 sicut
1437 1051 1557 1115 lanam.
1571 1049 1668 1115 Tolle
1682 1050 1829 1113 Domine
1864 1065 1877 1120 s

474 1161 588 1224 sordes
605 1179 706 1232 meas,
722 1156 801 1222 tolle
817 1158 1052 1239 quodcumque
1068 1156 1138 1220 vitii
1162 1165 1222 1222 est.
1239 1157 1359 1220 Nivem
1376 1165 1468 1221 tuam
1486 1163 1520 1219 et
1535 1155 1714 1238 puritatem
1731 1164 1826 1218 tuam

473 1265 581 1330 tribue
607 1263 774 1327 mentibus
800 1261 994 1343 Xpistianis.
1011 1260 1084 1324 Nisi
1112 1269 1147 1324 tu
1174 1262 1270 1325 nobis
1297 1261 1407 1324 nivem
1435 1259 1566 1324 dederis
1588 1258 1828 1323 munditiarum

473 1378 615 1442 tuarum,
631 1365 867 1430 vestimentum
885 1375 979 1429 tuum
997 1364 1118 1428 habere
1135 1384 1201 1429 non
1230 1381 1417 1446 possumus.
1433 1363 1575 1446 Xpistus
1590 1362 1828 1427 vestimentum

475 1479 625 1536 nostrum
642 1479 700 1534 est.
718 1466 754 1533 Si
773 1467 927 1532 volumus
943 1469 1055 1552 Xpisti
1071 1468 1193 1532 habere
1219 1469 1467 1545 vestimentum,
1484 1468 1598 1533 mundi
1615 1467 1719 1532 simus
1734 1467 1829 1550 quasi

477 1575 546 1642 nix.
570 1573 734 1638 Nebularu
763 1571 861 1655 quasi
884 1573 1020 1636 cinerem
1054 1573 1190 1656 spargit.
1216 1571 1306 1636 Male
1342 1572 1579 1654 interpretatus
1613 1581 1665 1635 est
1698 1571 1831 1648 latinus,
1851 1590 1881 1628 ιο

475 1680 645 1746 nebulam:
660 1678 749 1761 quod
767 1678 855 1740 enim
873 1673 995 1769 ὁμίχλη
1007 1677 1126 1742 dicitur
1143 1677 1175 1740 in
1191 1696 1321 1759 graeco,
1333 1677 1365 1740 in
1382 1675 1540 1740 hebraico
1548 1675 1650 1740 habet
1658 1674 1830 1758 pruinarrc

477 1788 631 1870 Denique
646 1786 693 1851 ita
708 1785 876 1869 sequitur:
893 1783 1049 1848 Pruinam
1066 1783 1151 1848 sicut
1174 1785 1317 1849 cinerem
1334 1784 1469 1868 spargit.
1488 1786 1596 1849 Docet
1613 1805 1683 1862 nos,
1698 1793 1732 1849 et
1749 1783 1830 1848 lacit

475 1892 572 1956 nobis
596 1890 832 1955 vestimentum
860 1887 954 1971 quasi
983 1889 1093 1952 nivem
1110 1909 1117 1966 ;
1132 1897 1166 1951 et
1182 1908 1257 1952 cum
1283 1909 1344 1953 nos
1371 1887 1518 1952 vestierit
1541 1888 1741 1954 vestimento
1757 1909 1830 1965 suo,

475 2006 554 2060 tunc
584 1994 681 2059 nobis
708 1991 824 2057 tribuit
839 1991 1007 2055 alimenta.
1024 1991 1179 2055 Pruinam
1207 1991 1293 2055 sicut
1319 1991 1462 2055 cinerem
1490 1992 1625 2074 spargit.
1642 1991 1731 2055 Vide
1746 1992 1827 2074 quid

474 2099 566 2176 dicit,
582 2099 667 2161 sicut
683 2097 837 2162 cinerem.
852 2095 914 2159 Vis
930 2116 1002 2160 esse
1018 2096 1162 2160 mundus
1176 2101 1189 2158 i
1205 2116 1268 2178 age
1283 2096 1531 2178 paenitentiam.
1547 2101 1555 2128 ⁴
1573 2098 1697 2160 Panem
1714 2115 1828 2160 mcum
1853 2116 1881 2172 ις

476 2203 561 2267 sicut
577 2203 720 2266 cinerem
739 2199 948 2278 manducavi,
962 2208 996 2264 et
1022 2209 1140 2282 potum
1159 2220 1269 2264 meum
1286 2221 1361 2264 cum
1379 2200 1459 2267 fletu
1475 2202 1656 2266 miscebam
1673 2201 1689 2268 '.
1707 2200 1831 2266 Nonne

477 2309 570 2372 vides
596 2304 767 2390 quomodo
791 2303 943 2387 pruinam
969 2321 1063 2366 suam
1091 2302 1176 2367 sicut
1201 2303 1345 2368 cinerem
1371 2305 1523 2386 spargit?
1548 2305 1692 2370 Grandis
1719 2325 1831 2372 rerum

476 2409 640 2474 mutatio:
656 2411 699 2474 de
714 2408 823 2472 cinere
839 2407 899 2470 nix
916 2404 960 2484 fit,
977 2407 1019 2470 de
1035 2406 1240 2488 paenitentia
1256 2408 1400 2472 mundus
1416 2405 1564 2474 efficitur.

519 2513 634 2578 Mittit
645 2512 834 2594 crystallum
849 2530 945 2574 suurn
960 2509 1043 2572 scant
1058 2508 1216 2574 buccellas.
1230 2509 1411 2593 Quomodo
1427 2531 1530 2594 panes
1542 2513 1613 2577 eius
1624 2510 1832 2595 franguntur,

476 2627 509 2682 et
525 2617 694 2682 buccellae
709 2615 805 2693 fiunt;
820 2615 867 2678 sic
882 2621 915 2676 et
931 2612 1125 2695 crystallum
1141 2613 1205 2677 hoc
1215 2613 1385 2696 frangitur,
1401 2625 1434 2679 et
1450 2615 1483 2679 in
1500 2615 1667 2680 buccellas
1681 2616 1832 2682 vertitur.
1850 2643 1883 2680 ao

476 2722 679 2806 Crystallum
697 2730 850 2784 naturam
867 2718 952 2780 hanc
969 2717 1079 2795 habet,
1091 2717 1117 2780 si
1133 2718 1269 2800 quando
1285 2739 1392 2802 aquae
1407 2719 1643 2803 congelantur:
1658 2722 1750 2804 quod
1768 2743 1831 2786 nos

475 2825 615 2910 glaciem
632 2826 782 2890 dicimus.
800 2825 892 2888 Inter
917 2820 1110 2904 crystallum
1138 2834 1267 2905 ergoet
1283 2843 1404 2906 aquam
1430 2825 1491 2888 hoc
1508 2825 1654 2902 interest,
1670 2827 1762 2909 quod
1779 2834 1832 2891 est

475 2931 560 2993 inter
575 2949 697 3011 aquarn
714 2938 748 2993 et
769 2927 933 3010 glaciem:
960 2927 1118 3009 quoniam
1144 2947 1231 3010 aqua
1254 2928 1349 3010 quasi
1375 2928 1535 2993 latissime
1559 2929 1716 3006 tunditur,
1741 2940 1832 2995 cete·

476 3052 547 3096 rum
565 3031 739 3114 crystallus
755 3031 848 3114 quasi
865 3030 1078 3113 conpingitur
1105 3031 1137 3093 in
1163 3048 1207 3108 se,
1223 3040 1256 3094 et
1272 3031 1304 3094 in
1322 3051 1421 3095 unam
1439 3030 1580 3097 sormam
1607 3032 1774 3117 redigitur.
1793 3035 1832 3101 Si

475 3137 611 3219 quando
627 3156 714 3218 aqua
729 3134 939 3217 congelascit,
950 3133 1142 3218 crystallum
1161 3133 1269 3200 efficit.
1281 3134 1449 3217 Quoniam
1467 3156 1546 3219 ergo
1563 3157 1623 3202 nos
1639 3147 1712 3203 toto
1727 3140 1833 3204 verbo
1852 3161 1883 3216 25

511 3319 520 3356 t
531 3305 640 3370 peccata]
654 3303 703 3372 βῐὸ
714 3321 721 3362 ;
729 3312 823 3368 peccato
835 3305 857 3353 G
870 3321 878 3364 ;
885 3311 1012 3368 peccatura
1025 3304 1054 3354 C.
1141 3317 1155 3352 2
1166 3305 1195 3352 cle
1206 3305 1255 3354 ista
1266 3306 1319 3367 aare]
1330 3307 1359 3354 cle
1370 3307 1419 3355 ista
1430 3308 1491 3356 larsa
1502 3325 1565 3373 quae
1573 3317 1609 3358 est
1619 3310 1648 3358 de
1658 3325 1700 3360 oue
1711 3311 1766 3370 illa,
1777 3310 1835 3376 ipsa

475 3395 510 3438 est
520 3389 595 3453 quasi
606 3389 653 3435 criu
666 3386 687 3435 1.
788 3387 863 3446 4nr'x
873 3386 1066 3448 dealbabuntur]
1083 3388 1166 3434 nivern
1178 3387 1290 3437 dealbabo
1304 3387 1342 3454 βΙ.
1443 3390 1688 3453 bvc'tiiloiti(osum
1701 3394 1760 3443 add.
1773 3411 1832 3460 sup.

475 3471 531 3532 lin.)
544 3470 584 3529 (ῖς
597 3469 704 3518 irrutilat
717 3469 745 3517 B.
840 3467 1180 3533 ryquoruoclo]quorriarrcG.
1279 3469 1415 3530 19Mittr't]
1427 3475 1528 3523 initiens
1540 3475 1565 3525 S.
1665 3475 1793 3537 er'uslom.
1807 3475 1833 3542 β.

476 3567 507 3604 2ο
517 3551 663 3617 crystallum
675 3547 727 3608 boc]
746 3551 876 3612 crystallus
890 3549 913 3616 β.
1016 3564 1044 3599 21
1061 3548 1225 3614 crystallum]
1244 3555 1376 3617 crystallus
1389 3553 1404 3622 β
1415 3572 1421 3614 ς
1433 3556 1560 3606 cristallus
1572 3557 1607 3607 Bl
1620 3558 1789 3622 :chrystallus
1801 3561 1832 3610 C.

474 3638 498 3686 si
508 3636 607 3700 qrraralo
618 3629 706 3699 aquae]
719 3634 783 3683 CSG
796 3652 803 3692 ;
815 3635 839 3682 si
848 3633 995 3698 quandoque
1007 3633 1027 3681 B
1040 3651 1046 3692 ;
1058 3635 1123 3681 sicut
1133 3649 1211 3699 aquae
1222 3636 1322 3698 quando
1335 3633 1350 3702 β
1362 3653 1369 3695 ;
1385 3638 1449 3686 sicut
1460 3654 1527 3703 aqua
1540 3640 1560 3690 1.
1660 3642 1835 3704 congelantur]

474 3718 616 3782 congelascit
628 3717 648 3766 1.
735 3729 764 3765 22
777 3716 843 3780 quod
851 3711 896 3773 cst]
910 3713 935 3781 β,
949 3716 969 3765 C
983 3732 1037 3780 sup.
1052 3715 1086 3765 lin
1099 3735 1106 3774 3
1118 3716 1160 3764 lcoc
1171 3725 1205 3765 est
1216 3719 1284 3777 ISG,
1298 3719 1319 3769 C
1331 3735 1387 3770 corr
1397 3737 1404 3780 ς
1416 3736 1466 3770 om.
1482 3721 1510 3770 ll.
1596 3732 1627 3783 23
1639 3715 1716 3786 aqua]
1730 3737 1782 3772 om.
1798 3723 1832 3774 G.

474 3800 561 3865 quasi]
583 3798 657 3858 lSG;
677 3811 727 3847 om.
744 3795 799 3864 trss;
819 3797 975 3862 expunctio
997 3798 1027 3847 C.
1140 3811 1172 3859 ²4
1191 3796 1332 3862 crystallus]
1352 3802 1512 3851 christallum
1532 3802 1554 3851 C
1574 3797 1610 3860 (in
1629 3801 1655 3851 in
1674 3819 1686 3850 s
1704 3817 1759 3868 sup.
1773 3803 1835 3864 lin.)

475 3891 506 3944 25
518 3875 666 3944 corrgclescit]
680 3880 717 3938 13;
731 3880 868 3942 congcliscit
880 3880 915 3939 S:
934 3881 1072 3943 corigeliscet
1091 3881 1133 3940 G;
1152 3882 1297 3944 congelascit
1309 3881 1334 3942 β.
1434 3883 1516 3948 efficit]
1535 3884 1642 3947 efficitur
1658 3883 1684 3934 S.
1786 3891 1835 3933 toto

475 3963 545 4012 aerbo
556 3961 653 4022 carnes]
666 3961 686 4010 C
700 3975 754 4025 sup.
769 3960 812 4010 lin.
829 3977 859 4010 ex
871 3968 922 4010 tota
933 3962 1117 4022 vertumnis:
1137 3969 1184 4012 toto
1195 3964 1265 4012 uerba
1276 3967 1360 4013 camis
1373 3965 1409 4024 B;
1428 3971 1475 4014 toto
1485 3981 1541 4029 ergo
1551 3966 1621 4015 verba
1631 3966 1716 4014 carnis
1727 3965 1750 4015 G
1763 3973 1835 4024 :tota

475 4046 549 4094 verbo
561 4045 578 4095 S
591 4046 654 4105 (om.
666 4045 761 4103 carnes)
774 4061 781 4102 ;
793 4045 822 4092 irc
834 4050 912 4092 totum
930 4044 1003 4094 Verbi
1012 4059 1098 4093 careres
1110 4042 1134 4112 β.

520 4215 542 4254 r.
558 4187 673 4272 mucidi]
690 4192 734 4250 Io.
755 4211 778 4264 1,
793 4210 838 4266 29.
1222 4196 1267 4254 16.
1284 4191 1442 4276 rru'scebara]
1459 4197 1505 4256 Ps.
1525 4215 1590 4269 ror,
1610 4215 1653 4255 ro.

517 4295 541 4335 a.
557 4276 659 4334 ductus
671 4269 723 4352 est]
740 4273 778 4332 Is.
793 4288 809 4348 5
814 4292 840 4348 3,
859 4289 883 4345 7.
1222 4295 1266 4334 21.
1287 4277 1467 4352 crystallum
1492 4285 1632 4337 naturam
1653 4279 1729 4338 banc
1747 4279 1835 4339 babet

515 4379 541 4432 4.
558 4350 783 4434 dealbabuntur]
800 4356 839 4414 Is.
861 4375 884 4424 r,
900 4359 943 4415 18.
1179 4354 1249 4436 etc]
1267 4356 1390 4418 Hieron.
1404 4358 1435 4418 in
1451 4359 1559 4420 Ezech.
1579 4379 1605 4432 r,
1622 4379 1658 4418 22
1681 4378 1745 4438 sqq.
1762 4360 1833 4421 ‘ha-

516 4457 541 4517 5.
558 4433 721 4516 dealbabor]
734 4436 779 4494 Ps.
793 4454 840 4512 50,
857 4455 883 4511 9.
1179 4437 1252 4498 bens
1267 4439 1398 4516 speciem
1413 4439 1548 4518 crystalli,
1571 4441 1655 4518 quod
1673 4453 1717 4502 est
1739 4441 1832 4519 puris·

519 4541 560 4580 rr.
579 4521 611 4578 in
625 4517 755 4576 lrebraica
768 4518 853 4576 babet
863 4513 1022 4599 prur'rrara]
1039 4519 1124 4578 Psalt.
1179 4519 1287 4580 simum
1303 4533 1379 4582 etex
1393 4523 1478 4600 aquis
1494 4521 1613 4584 mundis
1627 4534 1717 4600 atque
1731 4525 1832 4584 lucen·

474 4602 556 4663 hebr.
574 4598 699 4660 Hieron.
725 4601 733 4632 ⁸
748 4598 867 4676 pruinas
892 4599 977 4677 quasi
998 4604 1127 4662 cinerem
1179 4599 1258 4662 tibus
1270 4601 1363 4664 nimio
1377 4605 1482 4682 frigore
1496 4623 1688 4667 concrescere
1698 4606 1749 4682 (al.
1763 4625 1828 4668 mss.

473 4683 583 4766 spargit
593 4683 608 4742 '.
905 4767 908 4771 Ι
1179 4685 1400 4764 congelascere)
1433 4685 1568 4746 dicitur:
1595 4684 1627 4747 in
1652 4697 1767 4748 tantum
1796 4699 1830 4749 ut
