4092 5502
420 438 503 524 350
803 445 831 506 s
856 441 1109 506 arenosum
1134 445 1400 511 Pressuram

420 667 507 726 terra
522 667 622 725 estet
645 660 812 738 deorsum,
826 659 879 724 hic
895 679 963 726 non
980 662 1095 744 potest'
1115 663 1315 728 vestimenta
1338 665 1483 730 candida
1498 665 1629 732 iacere:
1645 669 1701 751 qui
1717 673 1776 734 au·

420 770 489 826 tem
516 783 592 828 curn
620 763 694 828 lesu
719 764 869 831 ascendit
893 765 925 829 in
944 775 1102 844 montem,
1118 773 1151 832 et
1172 767 1268 850 quasi
1291 778 1413 833 terram
1430 769 1586 836 deorsum
1612 772 1778 857 relinquit,

421 866 602 932 meditatur
617 869 659 932 ad
677 877 837 935 montana
849 880 883 935 et
899 871 941 934 ad
958 870 1115 936 caelestia
1125 872 1357 951 conscendere,
1372 875 1436 941 iste
1452 883 1562 958 potest
1578 875 1659 942 talia
1669 877 1777 944 iacere

420 972 630 1052 vestimenta,
644 972 756 1056 qualia
772 973 854 1039 iulio
869 993 970 1057 super
983 979 1105 1040 terrain
1123 995 1190 1041 non
1207 983 1319 1058 potest
1335 977 1451 1044 iacere.

465 1075 567 1143 Dicat
592 1077 672 1142 mihi
698 1078 839 1162 aliquis:
856 1080 933 1144 licet
949 1081 1016 1144 n'on
1032 1081 1133 1158 dicat,
1144 1089 1257 1146 tamen
1281 1083 1404 1147 tacitus
1420 1102 1533 1148 secum
1560 1084 1704 1168 cogitet:
1721 1087 1777 1150 In·
1815 1101 1830 1154 s

421 1190 623 1266 terpretatur
639 1201 674 1248 es
690 1184 769 1268 quid
787 1185 829 1249 sit
857 1204 963 1263 mons,
977 1186 1094 1251 dixisti
1120 1202 1308 1251 sermonem
1334 1185 1419 1251 Dei:
1435 1186 1552 1250 dixisti
1562 1188 1779 1268 uestimenta,

422 1291 602 1376 scripturas
618 1299 751 1357 sanctas
765 1317 773 1357 ε
788 1292 842 1357 dic
867 1290 948 1358 mihi
963 1292 1020 1374 qui
1037 1299 1115 1354 sunt
1136 1290 1190 1355 isti
1206 1289 1358 1367 fullones,
1372 1289 1430 1373 qui
1446 1310 1514 1354 non
1542 1285 1682 1373 possunt
1698 1291 1779 1357 talia

422 1396 531 1462 iacere
554 1393 753 1462 vestimenta
769 1393 882 1481 qualia
896 1395 998 1460 habet
1027 1394 1145 1460 lesus?
1162 1394 1339 1460 Fullonum
1365 1394 1528 1478 hocopus
1553 1403 1613 1474 cst,
1628 1405 1666 1460 ut
1687 1399 1778 1478 quod

424 1493 595 1567 sordidum
623 1510 674 1566 est
699 1501 880 1568 candidum
909 1500 1034 1566 iaciant
1048 1522 1055 1580 ;
1071 1509 1105 1565 et
1132 1509 1169 1564 ut
1191 1497 1371 1565 candidum
1395 1499 1529 1574 iaciant,
1544 1507 1616 1564 n'on'
1638 1511 1779 1585 possunt

425 1606 496 1672 sine
511 1606 624 1671 labore
640 1605 757 1683 iacere,
771 1606 829 1670 sed
848 1623 982 1672 necesse
996 1613 1048 1670 est
1075 1614 1112 1669 ut
1127 1603 1257 1668 calcent
1273 1599 1482 1680 vestimenta,
1497 1613 1534 1668 ut
1550 1602 1671 1682 lavent,
1687 1616 1723 1670 ut
1735 1608 1836 1673 ad'10

425 1709 529 1775 solem
546 1710 752 1794 expandant.
768 1710 842 1774 Nisi
865 1709 954 1774 enirn
972 1707 1079 1776 multo
1095 1707 1209 1773 labore
1221 1709 1278 1772 'de
1293 1703 1430 1772 sordido
1446 1707 1478 1770 in
1494 1707 1675 1772 candidum
1691 1707 1780 1774 colo-

425 1835 495 1880 rem
522 1835 587 1880 non
614 1824 786 1880 mutantur
811 1814 1018 1880 vestimenta.
1034 1813 1153 1880 Voluit
1180 1813 1287 1890 Plato,
1306 1810 1410 1876 voluit
1442 1810 1648 1890 Aristoteles,
1675 1812 1781 1878 voluit

427 1919 521 1984 Zeno
532 1918 713 1984 stoicorum
727 1919 889 2003 princeps,
900 1917 1005 1982 voluit
1020 1925 1055 1982 et
1073 1917 1239 2000 Epicurus
1254 1909 1437 1998 voluptatis
1451 1914 1605 1988 adsertor
1619 1918 1780 2000 dogmata

426 2043 488 2090 sua
514 2023 648 2088 sordida
678 2021 888 2088 sermonibus
915 2020 1009 2105 quasi
1036 2021 1189 2087 candidis
1212 2020 1413 2087 candidare:
1429 2019 1486 2082 sed
1504 2038 1572 2083 non
1600 2029 1781 2102 potuerunt

427 2128 508 2194 talia
533 2127 641 2194 iacere
667 2129 877 2205 vestimenta,
891 2125 1005 2210 qualia
1028 2126 1123 2190 Iesus
1139 2125 1171 2188 in
1190 2133 1304 2190 monte
1323 2120 1480 2207 possidet
1497 2123 1667 2208 Quoniam
1684 2145 1782 2208 super
1804 2147 1813 2184 ι
1819 2144 1833 2198 5

426 2242 549 2298 terram
570 2218 675 2310 erant,
690 2243 799 2300 totum
816 2233 859 2298 dc
874 2231 1012 2298 terrenis
1029 2230 1255 2313 disputabant
1274 2226 1396 2293 Nullus
1412 2225 1513 2311 igitur
1528 2227 1703 2308 fullonum,
1717 2229 1781 2295 hoe

426 2343 486 2413 est,
501 2337 764 2421 disceptatorum
787 2335 965 2402 saecularis
992 2334 1199 2400 litteraturae
1221 2331 1331 2417 potuit
1346 2330 1428 2396 talia
1443 2325 1552 2396 iacere
1573 2333 1782 2410 vestimenta,

426 2439 539 2522 qualia
554 2440 586 2504 in
604 2448 718 2507 monte
735 2441 883 2523 possidet
898 2441 999 2506 lesus.

469 2542 517 2607 Et
530 2546 684 2627 apparuit
708 2545 776 2611 illis
791 2545 910 2610 Helias
930 2565 1002 2610 cum
1019 2543 1140 2626 Moyse,
1155 2552 1187 2608 et
1208 2551 1306 2608 crant
1327 2541 1486 2624 loquentes
1509 2557 1582 2607 cum
1607 2541 1690 2608 Iesu.
1708 2539 1780 2606 Nisi

429 2645 540 2712 lesum
557 2648 718 2713 vidissent
743 2650 1028 2728 transformatum,
1060 2649 1121 2712 nisi
1141 2648 1340 2713 vestimenta
1356 2647 1443 2710 illius
1458 2641 1612 2724 candida,
1639 2647 1778 2732 Moysen
1800 2669 1832 2706 20

427 2759 461 2816 et
482 2751 616 2817 Heliam
643 2753 753 2818 videre
769 2773 835 2818 non
862 2763 1024 2839 poterant.
1044 2753 1235 2836 Loquentes
1251 2771 1327 2836 cum
1355 2751 1440 2816 lesu.
1457 2749 1627 2834 Quamdiu
1653 2752 1781 2818 iudaice

427 2853 651 2937 intellegimus
677 2863 710 2919 ct
727 2855 871 2920 litteram
899 2857 1067 2940 sequimur
1093 2856 1311 2934 occidentem,
1340 2855 1476 2938 Moyses
1502 2863 1536 2920 et
1563 2849 1778 2922 Helisaeum

429 2957 503 3021 lesu
532 2976 598 3022 non
630 2957 819 3042 loquuntur,
845 2959 1053 3043 evangelium
1077 2959 1238 3026 nesciunt.
1266 2959 1325 3025 Sin
1352 2969 1465 3026 autem
1503 2963 1613 3028 lesum
1650 2959 1780 3046 sequuti

427 3053 557 3140 suerint,
572 3071 606 3126 et
622 3061 733 3126 videre
764 3062 948 3127 Dominum
966 3063 1144 3128 meruerint
1164 3061 1446 3141 transformatum,
1461 3074 1495 3129 et
1518 3056 1662 3130 candida
1683 3065 1779 3130 vesti·

429 3174 542 3230 menta
567 3167 650 3246 eius,
666 3175 699 3230 et
724 3167 838 3231 omnia
863 3166 1055 3251 spiritaliter
1077 3166 1268 3250 intellegere
1283 3186 1369 3250 quae
1394 3167 1518 3250 scripta
1543 3171 1643 3232 sunt:
1667 3167 1779 3256 statim
1798 3189 1828 3242 ²5

429 3268 566 3352 Moyses
581 3279 615 3336 et
632 3269 750 3334 Helias
766 3271 913 3350 veniunt,
927 3270 961 3336 id
977 3279 1029 3337 est
1044 3271 1101 3334 lex
1117 3279 1151 3335 et
1166 3271 1358 3354 prophetae,
1373 3278 1407 3333 et
1422 3268 1668 3354 conloquuntur
1682 3290 1780 3337 evan·

426 3371 523 3455 gelio.
539 3373 585 3438 Et
601 3374 754 3457 apparuit
773 3373 838 3438 illis
855 3372 972 3437 Helias
988 3393 1063 3437 cum
1090 3373 1218 3457 Moyse,
1243 3383 1276 3438 et
1292 3381 1385 3438 erant
1402 3373 1576 3457 loquentes
1590 3388 1666 3438 curn
1695 3374 1779 3438 lesu.

427 3475 466 3540 ln
483 3475 657 3560 evangelio
673 3477 855 3543 secundum
885 3477 1013 3542 Lucam
1036 3477 1138 3542 etiam
1155 3477 1219 3542 hoc
1237 3477 1391 3542 additum
1418 3486 1469 3543 est
1484 3501 1492 3542 ε
1508 3482 1516 3510 ‘
1534 3477 1578 3541 Et
1604 3471 1779 3546 adnuntia-

425 3579 515 3655 bant,
532 3581 648 3664 inquit,
664 3582 710 3646 illi
726 3600 794 3665 quo
809 3601 931 3666 genere
946 3599 1103 3664 passurus
1126 3591 1212 3646 esset
1228 3580 1262 3646 in
1281 3579 1492 3647 Hierusalem
1508 3581 1524 3645 '.
1543 3581 1619 3646 Hoc
1644 3574 1779 3666 Moyses

425 3683 569 3768 loquitur
585 3694 619 3752 et
648 3685 787 3752 Helias:
803 3694 837 3752 et
862 3684 1043 3770 loquuntur
1065 3685 1107 3750 ad
1126 3685 1247 3764 lesum,
1262 3685 1327 3750 hoe
1343 3695 1393 3750 est
1403 3685 1462 3756 ,ad
1490 3681 1708 3768 evangellum.
1734 3685 1778 3750 Et
1797 3707 1829 3758 so

425 3788 670 3856 adnuntiabant
695 3789 741 3854 illi
769 3809 837 3874 quo
864 3790 966 3855 modo
981 3809 1137 3873 passurus
1160 3789 1203 3854 sit
1225 3790 1257 3854 in
1286 3788 1506 3854 Hierusalem.
1535 3787 1610 3852 Lex
1634 3785 1722 3852 enlm
1745 3796 1778 3854 et

425 3894 608 3977 prophetae
636 3893 747 3978 Xpisti
764 3894 952 3977 passionem
980 3893 1189 3958 adnuntiant.
1209 3892 1340 3958 Videtis
1361 3891 1532 3976 quomodo
1548 3888 1683 3974 prodest
1710 3893 1778 3956 ani·

427 4017 501 4062 mae
517 4005 650 4062 nostrae
667 3997 894 4080 intellegentia
918 3997 1101 4082 spiritalis?
1115 3997 1183 4064 Sed
1198 4006 1232 4061 et
1248 3997 1311 4081 ipsi
1329 3997 1465 4080 Moyses
1480 4004 1515 4061 et
1532 3995 1652 4060 Helias
1667 3983 1780 4062 uiden·

426 4108 480 4166 tur
496 4102 529 4164 in
545 4101 697 4166 candidis
724 4101 938 4167 vestimentis.
965 4100 1136 4186 Quamdiu
1164 4119 1229 4164 non
1258 4108 1336 4166 sunt
1358 4119 1434 4164 cum
1452 4099 1538 4177 lesu,
1563 4117 1630 4165 non
1656 4088 1780 4166 hebent

425 4205 570 4272 candida
586 4206 792 4270 vestimenta
825 4205 860 4272 Si
877 4205 966 4270 enirn
984 4205 1076 4289 legas
1098 4205 1217 4288 legem,
1234 4203 1297 4268 hoc
1312 4214 1364 4269 est
1381 4203 1533 4286 Moysen,
1547 4203 1573 4266 si
1601 4197 1780 4288 prophetas
1797 4226 1827 4280 35

454 4389 470 4440 6
482 4393 562 4457 mons]
572 4391 677 4460 seripsi;
690 4407 756 4442 mors
767 4407 796 4460 χ.

468 4579 512 4620 11.
526 4559 602 4624 Nisi
615 4559 692 4622 enim
714 4561 804 4620 nrulto
824 4559 920 4620 labore
934 4565 1005 4640 etc]
1027 4559 1074 4621 Cl.
1128 4576 1175 4635 ep.
1192 4575 1282 4634 133,1
1304 4559 1402 4633 ‘quae
1415 4551 1626 4617 de...Zenonis
1640 4545 1780 4632 principis

425 4659 514 4718 supra
529 4660 557 4718 p.
577 4659 642 4712 ror,
659 4643 676 4701 l.
694 4643 712 4700 8
727 4660 791 4720 sqq.
1127 4637 1299 4700 Stoicorum
1315 4639 1398 4698 ionte
1413 4649 1570 4697 manarunt
1581 4637 1596 4696 ’.
1659 4657 1662 4662 ·

469 4743 514 4801 13·
531 4723 606 4784 Zeno
620 4723 778 4784 Stor'corum
786 4720 932 4802 prr'nceps]
949 4719 1077 4782 Hieron.
1105 4759 1109 4772 ·
1171 4741 1217 4797 ²9·
1234 4721 1266 4780 ἐκ
1283 4714 1481 4788 Hr'errcsalem]
1497 4719 1570 4778 Luc.
1585 4735 1613 4794 9,
1630 4735 1677 4794 3¹·
