4062 5504
490 427 900 490 EXPOSITIUNCULAE
923 427 969 486 IN
992 428 1290 492 EVANGELIUM.
1496 439 1571 522 145

209 645 293 708 quoe
307 633 493 706 acceperunt
505 623 675 706 lampades
687 645 767 688 suos
781 632 811 688 rt
824 623 975 688 exierunt
989 623 1118 688 obviam
1134 637 1246 707 sponso
1261 637 1293 688 et
1306 638 1446 708 sponsae.
1467 627 1569 706 Quin-

209 749 271 811 que
285 738 394 792 nutem
408 728 528 791 exiliis
541 729 776 809 erautsotuae‚
791 737 824 790 et
834 728 976 810 quinque
984 729 1170 810 prudentes.
1183 731 1429 794 Fatuoeoutem
1440 733 1572 814 acceptis

208 833 416 914 lampadibus
440 832 513 896 suis
535 853 597 896 non
623 841 831 914 sumpseram!
856 833 960 894 oleum
986 851 1091 895 secum
1116 833 1151 896 in
1177 835 1266 899 uasis
1285 837 1383 910 sm's,·
1392 836 1572 917 prudentes

208 946 318 1000 aretem
335 937 482 1000 tulerunt
494 936 599 1000 oleum
611 937 647 1000 in
663 936 755 1000 vasis
769 936 841 999 suis
856 955 928 998 enen
944 935 1158 1019 lampadibus.

168 1091 187 1146 3
734 1069 1053 1121 INTERPRETATIO.

257 1179 383 1244 Decem
408 1179 554 1262 virgines
579 1199 663 1263 quas
688 1179 780 1254 dicit,
804 1178 953 1260 quinque
978 1179 1178 1261 sapientium
1205 1180 1343 1244 nomina
1359 1181 1513 1258 dicimus,
1536 1182 1567 1244 id

210 1293 272 1360 est,
287 1303 392 1366 spem,
406 1282 515 1360 fidem,
531 1285 719 1362 caritatem,
736 1282 938 1356 castitatem,
951 1292 985 1346 et
999 1281 1227 1346 elemosinam.
1245 1283 1336 1347 Vasa
1353 1295 1464 1348 autem
1477 1285 1570 1348 habi·

211 1387 357 1450 tationes
373 1406 489 1451 eorum
506 1387 667 1464 suot‚hoc
684 1395 743 1460 est,
755 1384 835 1468 ho[t.
857 1384 1055 1467 133v]mines
1071 1387 1104 1449 in
1121 1388 1242 1469 qulbus
1259 1387 1460 1453 inhabitant.
1474 1388 1572 1466 Oleo,

211 1490 330 1572 inquit,
345 1490 461 1571 plenas
476 1515 483 1556 ε
499 1491 562 1554 hoc
579 1501 637 1568 est,
652 1490 794 1572 spiritali
817 1492 933 1572 gratia
954 1489 1146 1571 Lampndes
1170 1510 1258 1567 vero,
1275 1491 1486 1573 vigilantium
1503 1493 1571 1574 spi·

153 1631 191 1668 ω
211 1594 294 1656 ritus
309 1603 396 1660 sunt.
413 1595 559 1660 Obviam
577 1605 695 1659 euntes
711 1614 846 1676 sponso,
867 1594 931 1656 hoc
957 1603 1007 1656 est
1034 1591 1177 1658 Christo.
1195 1594 1324 1659 Fatuae
1352 1606 1464 1659 antem
1493 1607 1570 1660 sunt

211 1697 284 1759 istis
300 1698 506 1762 contrariae:
534 1719 620 1783 quae
644 1699 735 1781 quod
764 1699 881 1761 vident
907 1705 1053 1779 sperant,
1076 1696 1142 1760 alia
1167 1695 1357 1778 infidelitas,
1376 1700 1477 1764 tertia
1499 1700 1571 1764 sine

210 1803 359 1876 caritate,
375 1812 494 1884 quarta
510 1811 621 1868 autem
648 1802 801 1880 carnalis,
826 1802 945 1884 quinta
973 1822 1050 1864 vero
1074 1801 1288 1867 infructuosa.
1307 1803 1438 1867 Horum
1467 1806 1569 1868 etiarn

210 1903 387 1987 lampades
413 1907 680 1988 extinguuntur:
705 1907 784 1988 quia
813 1904 924 1968 oleum
951 1924 1017 1968 non
1046 1904 1182 1982 habent,
1205 1904 1268 1968 hoc
1296 1917 1356 1985 est,
1387 1907 1571 1990 spiritalem

211 2009 367 2090 gratiam.

154 2174 164 2210 ι
170 2171 189 2224 5
351 2144 582 2211 EXPLICIT
599 2145 876 2212 SECUNDUM
896 2143 1230 2211 MATTHAEUM.
1250 2145 1433 2212 INCIPIT

647 2247 920 2314 SECUNDUM
952 2247 1136 2312 LUCAM.

836 2398 913 2450 CAP.
930 2399 950 2447 I.

257 2511 391 2592 Ideoque
407 2517 558 2573 nascetur
572 2507 746 2590 tibifilins,
768 2516 800 2568 et
814 2504 942 2568 vocabis
957 2505 1157 2569 nomenoius
1173 2505 1358 2584 Iohannem,
1375 2518 1407 2572 et
1422 2508 1521 2570 multi
1534 2509 1568 2570 in

211 2615 390 2679 nativitate
403 2613 474 2677 rius
483 2611 684 2696 garedebunt,
699 2621 730 2674 et
746 2611 861 2673 vinnm
876 2619 909 2672 n
922 2609 1059 2672 siceram
1076 2630 1138 2672 non
1154 2608 1244 2674 bibet.

734 2743 1051 2794 INTERPRE'I'ATIO.

256 2857 381 2922 Vinum
398 2855 488 2940 quod
509 2854 676 2918 Iohannes
692 2851 805 2916 bibere
832 2851 1036 2934 prohibetur,
1062 2849 1195 2915 luxuria
1221 2852 1438 2933 intelligitur3
1463 2853 1567 2916 sicera

211 2974 323 3025 autem
342 2959 456 3025 dactili
473 2978 572 3022 sucus
588 2967 648 3034 est,
664 2957 720 3039 qui
737 2976 803 3019 non
829 2955 920 3018 aliud
946 2974 1049 3036 quam
1074 2955 1182 3018 carnis
1199 2955 1343 3021 dulcedo
1359 2955 1566 3038 intelligitur.

214 3065 360 3130 Proinde
372 3063 434 3129 hoc
451 3081 558 3144 genus
574 3060 684 3143 poculi
702 3059 869 3140 spiritales
886 3056 1060 3140 effugiant.

820 3193 896 3242 CAP.
926 3193 961 3243 lI.

154 3341 192 3394 25
255 3307 308 3369 Ne
334 3302 495 3378 doneritis,
518 3303 655 3364 Patrem
682 3299 837 3363 tabernas
853 3297 1036 3361 Abraham.
1054 3298 1137 3361 Dico
1160 3309 1270 3363 autem
1295 3298 1394 3375 nobis,
1416 3301 1571 3381 qnoniam

203 3417 379 3494 potensest
394 3407 485 3469 Dens
508 3405 547 3468 de
570 3402 737 3485 lapidibus
763 3403 838 3465 istis
864 3403 1022 3466 suscitare
1040 3402 1136 3484 filios
1160 3402 1323 3466 Abrahae.
1344 3403 1419 3466 lam
1442 3405 1571 3485 quidem

209 3514 331 3580 secteris
344 3511 394 3577 od
401 3510 528 3574 radices
539 3508 807 3589 orbornmposita
818 3515 873 3570 est.
888 3505 1006 3571 Omnis
1016 3527 1092 3587 ergo
1103 3507 1203 3570 orbor
1211 3527 1274 3569 non
1282 3507 1415 3587 faciens
1424 3507 1571 3582 muctam

211 3619 328 3683 bonnm
343 3616 515 3688 ercidetur,
529 3624 562 3675 et
576 3612 611 3674 in
628 3611 736 3694 agruim
755 3611 912 3674 mittetur.

735 3744 1049 3796 INTERPRETATIO.

152 2781 192 2818 20

155 3897 194 3947 30
258 3859 405 3941 Lapides
422 3876 505 3938 quos
522 3855 614 3931 dicit,
634 3853 750 3916 Iudaei
767 3851 999 3933 intelliguntur
1018 3861 1153 3932 propter
1169 3851 1327 3914 duritiam
1346 3859 1379 3914 et
1395 3848 1572 3914 increduli-

211 3973 317 4028 tatem
334 3978 439 4024 suam.
456 3959 510 4022 De
534 3956 656 4039 quibus
684 3954 769 4018 filios
795 3953 955 4018 Abrahae
980 3953 1199 4029 resuscitavit,
1215 3953 1278 4016 hoc
1302 3962 1352 4015 est
1378 3952 1572 4033 apostolos;

211 4067 281 4130 sive
307 4061 482 4148 gentilium
510 4058 677 4132 duritIam,
693 4059 736 4120 de
761 4057 883 4140 qulbus
912 4066 1075 4138 martyres
1092 4054 1272 4119 coronavit.
1290 4053 1439 4118 Arbores
1457 4065 1570 4116 autem

210 4169 365 4234 homines
381 4163 633 4246 intelliguntur3
658 4161 779 4244 quibus
796 4159 919 4222 securis
945 4160 1054 4240 posita
1071 4168 1133 4236 est,
1150 4156 1212 4220 hoc
1228 4166 1279 4220 est
1301 4158 1443 4220 duorum
1470 4165 1570 4218 testa·

211 4281 402 4338 mentorum
419 4285 570 4343 acumen,
585 4284 727 4347 quorum
746 4262 958 4325 manubrium
973 4281 1057 4325 crux
1075 4258 1281 4341 intelligitur.

243 4421 448 4490 9oigilantium]
465 4423 489 4472 G
509 4438 573 4471 corr.
593 4437 624 4470 ex
636 4419 802 4484 uigilantium
814 4417 952 4480 uigilantia
966 4434 993 4479 μ.

253 4582 282 4635 4.
296 4553 494 4637 lampadibus]
511 4558 566 4614 Mt.
586 4573 631 4630 25,
655 4573 706 4626 r-4
961 4552 1006 4608 28.
1025 4545 1169 4626 mittetur]
1187 4549 1239 4606 Lc.
1255 4567 1282 4621 3,
1299 4550 1357 4622 89.

256 4663 300 4720 ¹9·
318 4635 476 4718 nonbibet]
494 4641 543 4696 l,c.
565 4655 589 4706 1,
609 4653 705 4711 13-15.

239 4787 353 4832 Aneerlotn
362 4783 516 4828 Mandatum
526 4781 548 4824 ll
554 4781 571 4831 1,
582 4795 600 4830 3.
