4112 5496
455 401 540 515 viii
985 445 1274 516 Praesumo,
1339 391 1343 400 ¹

456 677 533 800 sit,
566 675 616 782 in
654 675 712 782 iis
743 717 874 815 quae
902 676 968 782 ad
999 675 1282 783 institutum
1327 715 1498 783 meum
1541 675 1806 816 pertinent,

455 817 695 925 insistere.

531 961 670 1065 Inter
695 959 830 1065 varia
856 958 1100 1095 opuscula
1125 965 1341 1096 quorum
1374 958 1527 1066 index
1559 959 1608 1065 in
1647 957 1809 1065 fronte

454 1099 725 1206 voluminis
762 1099 1014 1239 praefixus
1058 1122 1145 1222 est,
1193 1099 1808 1241 duodequadragesimum

456 1242 623 1348 locum
663 1243 893 1348 obtinent
921 1244 1205 1380 ‘Excerpta
1247 1243 1405 1348 sancti
1451 1241 1714 1349 hieronimi
1745 1241 1809 1347 de

456 1383 691 1521 psalterio
717 1385 741 1507 ',
768 1425 898 1521 quae
920 1382 969 1489 in
997 1384 1108 1522 ipso
1136 1384 1263 1492 libro
1290 1384 1336 1490 ff.
1371 1395 1606 1521 15o”-169
1639 1381 1809 1523 legun·

457 1549 539 1630 tur
563 1525 629 1631 ita
656 1525 925 1664 inscripta:

551 1849 738 1914 EXPLIC.
770 1850 1140 1918 APOLOGETICVS
1167 1853 1235 1917 AD
1258 1853 1596 1919 PAMMACHIVM

550 1992 730 2057 CVRSIM
759 1992 1074 2058 CONTVLIMVS
1102 1995 1348 2059 BETHLEM.
1381 1994 1523 2060 INCIP.
1562 1993 1716 2059 HIERO

551 2133 662 2198 ΝΙΜΙ
691 2132 947 2198 EXCERPTA
974 2134 1038 2197 DE
1066 2135 1347 2202 PSALTERIO.

458 2375 725 2485 ‘Proxime
751 2418 867 2482 cum
883 2375 1128 2514 Origenis
1148 2376 1505 2514 psalterium...
1531 2377 1809 2485 curandum

456 2519 709 2660 episcopis
736 2517 937 2624 tradidit
963 2518 984 2623 '.

553 2834 657 2898 EXP.
689 2829 918 2896 EXCERTA
944 2830 1008 2893 DE
1036 2829 1294 2896 PSALTIRIO

555 2975 676 3040 INCP.
707 2973 776 3037 AD
803 2971 1122 3038 EVSTHOCIAM
1151 2972 1215 3035 DE
1240 2971 1565 3038 VIRGINITATE

531 3216 797 3325 Codext
742 3236 797 3319 ut
801 3214 813 3318 i
840 3236 949 3319 aeta
953 3235 1105 3318 ttece
1107 3212 1217 3335 eris
1246 3212 1314 3317 ita
1344 3211 1642 3370 plerumque
1674 3235 1811 3319 natu-

461 3403 513 3466 ra
537 3382 687 3496 atque
715 3354 884 3461 indole
909 3352 1116 3460 excellit.
1150 3354 1303 3494 Quae
1341 3395 1502 3512 pruna
1529 3395 1708 3461 manus
1733 3354 1811 3460 vel

461 3501 628 3607 minus
649 3519 879 3603 accurate
905 3494 1235 3632 descripserat
1217 3494 1422 3600 tvelt
1374 3517 1422 3600 et
1425 3537 1522 3600 ram
1562 3496 1809 3618 omiserat,

459 3643 527 3749 alt
509 3666 612 3748 tera
632 3641 731 3746 sere
766 3636 988 3795 aequalis
1015 3679 1077 3741 ex
1102 3635 1199 3794 alio
1225 3635 1400 3742 codice
1420 3638 1633 3743 correxit
1658 3679 1716 3743 ac
1742 3678 1812 3742 re·

461 3782 630 3891 stituit.
659 3779 851 3886 Hunc
842 3801 1023 3915 ltaque,
1042 3775 1215 3914 paucis
1236 3775 1358 3882 locis
1377 3779 1811 3916 exceptis,ducem

461 3947 664 4032 secutus
707 3962 834 4030 sum.
875 3919 1049 4059 Quem
1091 3918 1353 4025 Bruxellas
1391 3919 1595 4026 allatum
1640 3961 1813 4026 mense

461 4064 603 4206 aprili
648 4062 857 4168 huiusce
882 4101 1000 4165 annr
1041 4059 1261 4166 maxima
1290 4060 1514 4200 diligent
1504 4103 1550 4167 ra
1589 4061 1814 4168 adhibita

463 4203 744 4344 recognovi.

373 4357 448 4462 M
536 4347 668 4458 Cod.
719 4342 977 4450 Parisinus
1022 4342 1099 4448 lat.
1154 4355 1279 4450 1862
1329 4343 1656 4451 Miciacensis
1694 4342 1813 4450 olim

468 4495 521 4601 S.
552 4485 826 4598 Maximini
849 4483 1134 4591 monasterii
1149 4485 1261 4592 fuit:
1285 4497 1464 4623 ‘quem
1488 4488 1667 4592 Petrus
1683 4487 1816 4594 abba

464 4633 681 4742 scribere
726 4627 868 4734 iussit
917 4649 965 4732 et
1008 4626 1090 4733 die
1140 4649 1315 4732 sancto
1361 4669 1544 4734 caenae
1599 4627 1813 4734 Domini

466 4818 581 4886 cum
621 4769 822 4880 salutari
855 4768 1017 4874 hostia
1042 4809 1193 4909 super
1223 4793 1452 4876 sanctum
1479 4767 1814 4878 altaresancti
