4160 5500
465 405 549 516 398
842 429 871 489 s
896 427 1150 490 arationum
1173 427 1439 488 causariam

465 649 555 733 quod
572 649 681 712 minus
694 656 753 726 est,
769 645 921 711 salvavit.
937 643 1006 710 Sed
1022 643 1105 711 dicis
1120 668 1128 708 ι
1145 645 1324 726 Propterea
1348 663 1415 708 non
1431 644 1619 730 adsumpsit
1634 645 1821 712 humanum

466 772 610 832 sensum,
626 772 667 816 ne
683 751 764 816 vitia
779 752 926 815 humana
941 749 1079 814 haberet
1095 749 1128 813 in
1145 749 1254 826 corde,
1269 749 1332 812 hoc
1349 757 1399 814 est
1415 750 1636 834 cogitationes
1653 752 1767 817 malas.
1785 752 1822 818 Si

466 877 547 941 ergo
562 858 633 941 ipse
648 877 715 921 non
732 855 843 942 potuit
866 855 997 918 vincere
1025 854 1115 936 quod
1134 853 1220 931 lecit,
1236 852 1317 918 mihi
1334 852 1538 938 indignatur,
1553 855 1643 939 quod
1661 875 1726 920 non
1745 876 1823 938 pos·

467 985 540 1030 sum
557 965 687 1029 vincere
712 964 801 1048 quod
819 964 889 1046 ipse
915 961 1056 1026 debuit?
1073 960 1180 1028 Obliti
1207 981 1322 1026 sumus
1339 959 1550 1043 propositum
1568 967 1729 1037 nostrum,
1746 959 1823 1041 plus

466 1070 615 1134 diximus
641 1089 741 1153 quam
769 1067 1056 1151 cogitaveramus:
1084 1066 1174 1130 aliud
1203 1085 1298 1129 mens
1322 1063 1497 1147 disposuit,
1519 1064 1562 1127 ad
1590 1063 1680 1128 aliud
1706 1062 1824 1146 lingua
1861 1085 1876 1136 5

467 1173 622 1257 prolapsa
648 1183 706 1239 est.
725 1173 962 1254 Praeparemus
989 1171 1090 1251 igitur
1116 1189 1211 1234 aures
1228 1178 1358 1233 nostras
1382 1167 1540 1250 pontifici,
1566 1178 1600 1233 et
1626 1169 1785 1252 quicquid
1801 1188 1825 1231 a

467 1278 563 1341 nobis
578 1278 705 1342 dictum
721 1286 773 1342 est
789 1277 907 1352 minus,
923 1274 1059 1340 intentis
1075 1276 1210 1340 auribus
1226 1275 1401 1340 audiamus
1417 1299 1423 1340 :
1440 1275 1676 1339 benedicentes
1704 1275 1823 1338 Domi·

467 1402 557 1461 num,
571 1383 625 1445 cui
641 1382 684 1446 sit
699 1381 804 1465 gioria
821 1382 852 1444 in
870 1374 1001 1444 saecula
1017 1379 1234 1445 saeculorum.
1250 1378 1371 1444 Amen.

886 1619 961 1693 DE
992 1613 1406 1694 OBOEDIENTIA.

513 1843 605 1910 Nihil
622 1843 669 1909 sic
686 1844 762 1909 Deo
777 1843 886 1928 placet
912 1849 1084 1929 quomodo
1107 1846 1331 1912 oboedientia.
1349 1845 1458 1912 Cham
1485 1845 1682 1910 maledictus
1699 1845 1770 1926 luit,
1787 1857 1824 1912 et
1848 1877 1883 1916 ro

468 1957 544 2032 post
561 1949 666 2015 multa
689 1949 821 2014 saecula
847 1961 960 2015 manet
984 1954 1074 2035 quod
1099 1949 1229 2030 dicitur,
1253 1951 1371 2017 Samen
1401 1950 1568 2029 Chonaan,
1583 1961 1616 2015 et
1642 1972 1703 2015 non
1727 1951 1826 2028 Iuda,

467 2053 546 2137 quia
561 2053 647 2136 patri
664 2073 730 2117 non
747 2063 797 2118 est
813 2052 1000 2121 obsecutus.
1017 2055 1173 2120 Ceterum
1188 2055 1277 2134 Sem,
1289 2057 1345 2139 qui
1356 2065 1406 2120 est
1419 2056 1598 2121 obsecutus
1614 2057 1709 2138 patri,
1721 2056 1825 2120 bene-

468 2159 649 2227 dictionem
665 2159 783 2224 habuit
798 2159 830 2222 in
855 2159 968 2224 omnia
992 2159 1132 2225 saecula.
1157 2159 1232 2224 Hoc
1259 2162 1373 2244 itaque
1396 2161 1577 2226 dicoznon
1602 2171 1653 2226 est
1681 2160 1825 2226 filiorum

470 2263 615 2354 iudicare
640 2263 683 2331 de
708 2263 868 2346 patribus.
883 2264 997 2328 Nemo
1023 2263 1115 2328 vadit
1142 2261 1184 2326 ad
1212 2265 1418 2348 magistrum,
1442 2275 1476 2330 et
1500 2265 1599 2330 docet
1623 2266 1824 2348 magistrum

468 2387 573 2432 suum.
589 2366 722 2433 Venisti
737 2368 780 2431 ad
798 2387 861 2446 me,
877 2377 912 2432 ut
939 2367 1094 2432 docerem
1119 2376 1153 2431 te
1178 2363 1326 2433 litteras:
1342 2369 1368 2432 si
1385 2369 1446 2433 tibi
1463 2369 1635 2451 scripsero,
1651 2378 1685 2435 et
1705 2370 1828 2434 dixero
1851 2401 1883 2451 ¹5

468 2471 538 2549 tibi,
554 2470 671 2536 Scribe
686 2471 856 2554 quomodo
872 2479 907 2535 et
922 2491 985 2552 ego
1001 2471 1119 2548 scribo,
1132 2472 1246 2555 utique
1255 2473 1377 2538 imitari
1394 2473 1497 2538 debes
1511 2492 1611 2556 quern
1627 2474 1826 2558 magistrum

470 2575 606 2658 elegisti.
632 2574 766 2658 Aliquis
793 2576 912 2639 doctus
940 2580 1015 2640 est?
1033 2575 1077 2639 Et
1105 2574 1196 2640 vadit
1220 2577 1263 2640 ad
1292 2576 1481 2658 peritiorem
1511 2577 1718 2660 magistrum.
1748 2578 1827 2642 Hoc

470 2689 578 2745 totum
595 2699 697 2763 quare
713 2679 812 2743 dico?
831 2679 878 2744 Ut
906 2679 1155 2744 oboedientiam
1181 2675 1402 2745 exhibeamus
1419 2681 1451 2744 in
1470 2691 1581 2762 patres
1598 2690 1740 2749 nostros.
1756 2681 1827 2765 Qui

471 2782 621 2867 patribus
638 2803 705 2846 non
721 2783 924 2866 obsequitur,
941 2782 1016 2847 Deo
1033 2803 1099 2847 non
1116 2783 1321 2866 obsequitur.
1339 2785 1430 2848 Dicit
1445 2784 1534 2848 enim
1553 2784 1739 2850 Dominus:
1759 2783 1832 2864 Qui

470 2909 526 2953 uos
551 2887 733 2964 contemnit,
749 2908 799 2952 me
824 2887 1004 2950 contemnit.
1022 2885 1088 2970 Qui
1115 2907 1195 2970 ergo
1222 2889 1407 2952 contemnit
1434 2888 1613 2970 apostolos,
1641 2890 1829 2955 contemnit
1851 2917 1889 2954 ιο

471 2990 632 3075 Xpistum
647 3013 654 3054 :
670 2990 726 3072 qui
743 2991 928 3055 contemnit
946 3000 1067 3074 patres,
1083 2993 1268 3056 contemnit
1285 2987 1455 3075 Xpistum,
1471 2991 1527 3074 qui
1544 2992 1576 3056 in
1594 2991 1744 3074 patribus
1766 3002 1829 3058 est.

505 3159 764 3226 rnrinurertmom.
778 3167 821 3211 est.
922 3164 1041 3225 saluauit]
1059 3179 1110 3214 orn.
1126 3163 1181 3214 FN.
1282 3163 1353 3225 elini]
1372 3163 1434 3212 dicit
1453 3165 1483 3223 F,
1499 3163 1523 3212 N
1534 3179 1598 3214 corr.
1699 3163 1832 3225 qdelnr't]

472 3241 496 3290 N
508 3257 563 3306 sup.
577 3241 621 3293 lin.
636 3241 755 3292 mutatio
776 3243 849 3293 dedit.
952 3255 966 3309 5
986 3245 1118 3311 disposuit]
1136 3247 1202 3304 FN;
1219 3246 1359 3310 disputavit
1376 3262 1403 3313 χ.
1503 3246 1539 3294 ad
1547 3243 1634 3306 alind]
1651 3247 1733 3297 Four.
1746 3245 1788 3304 ad,
1802 3245 1832 3294 N

472 3323 555 3388 suppl.
569 3339 624 3389 sup.
639 3323 684 3376 lin.
785 3335 799 3387 7
812 3327 926 3394 intentis]
938 3344 976 3395 χ;
995 3329 1119 3378 intentius
1130 3328 1163 3388 O,
1178 3328 1202 3377 N
1214 3344 1286 3387 corr3
1306 3329 1431 3378 intentius
1443 3329 1472 3378 F.
1574 3324 1693 3388 ΒΑΜ]
1712 3327 1835 3391 Explicit

471 3405 500 3455 de
520 3406 654 3455 nativitate
672 3406 720 3456 dni
738 3408 783 3457 nri
802 3408 848 3458 iin
868 3411 915 3473 xpi
926 3410 1007 3460 FNO.
1109 3424 1125 3472 9
1142 3409 1256 3460 Collatus
1273 3425 1330 3460 cum
1348 3409 1409 3460 edit.
1425 3409 1555 3460 Benedict.
1570 3409 1639 3475 Opp.
1653 3410 1680 3460 S.
1694 3408 1832 3474 Augustini

474 3488 549 3539 Paris.
567 3489 628 3554 1683
647 3499 664 3540 t.
679 3501 718 3550 vt,
732 3491 780 3541 col.
795 3501 842 3554 297
862 3509 899 3558 sq.
915 3491 972 3560 (β);
994 3493 1090 3543 Anecd.
1104 3507 1167 3543 sacr.
1183 3492 1291 3556 Eugenii
1306 3492 1339 3542 de
1357 3491 1442 3554 Levis,
1459 3508 1483 3557 p.
1498 3492 1574 3556 36-39
1591 3491 1647 3552 (hir
1668 3491 1724 3542 cod.
1739 3491 1830 3542 Senat.

473 3570 542 3637 Lips.
557 3584 575 3622 1.
592 3571 630 3635 58.
644 3589 667 3622 a.
681 3588 746 3624 saec.
762 3586 804 3623 xri
818 3575 860 3625 iol.
877 3587 922 3640 143
935 3593 972 3641 sq.
987 3576 1031 3636 (L)
1043 3594 1050 3634 ;
1062 3575 1118 3626 cod.
1129 3575 1241 3624 Darmst.
1253 3575 1317 3639 sign.
1328 3581 1444 3638 πως-130,
1454 3573 1568 3625 instrum.
1580 3574 1636 3634 228,
1647 3590 1712 3625 saec.
1723 3586 1760 3624 xv
1769 3573 1831 3635 (D).

474 3666 504 3703 ιο
515 3654 604 3717 Nihil]
624 3652 640 3704 l.
660 3661 684 3705 et
704 3655 886 3708 vetustissimus
903 3658 983 3707 codex
1005 3657 1117 3707 Colbert.
1132 3672 1183 3722 quo
1204 3656 1313 3706 Maurini
1331 3657 1369 3707 usi
1386 3665 1443 3707 sunt
1455 3656 1496 3707 hic
1516 3657 1575 3707 add.
1590 3659 1683 3722 itaque,
1698 3656 1832 3720 Lulique.

475 3735 564 3798 Ciam]
579 3736 691 3798 Cainlu
706 3739 777 3802 Cayn
790 3739 823 3789 D.
911 3752 937 3789 ιι
951 3739 1183 3805 quodlquondol..
1265 3741 1362 3788 resen
1373 3737 1433 3804 quil
1445 3755 1527 3788 remen
1539 3739 1605 3804 quod
1614 3737 1638 3790 λ.
1725 3739 1836 3800 14docel

472 3819 633 3882 manistram]
645 3820 669 3870 el.
682 3819 837 3870 didascalum
850 3819 874 3872 λ.
946 3833 974 3884 17
987 3823 1092 3888 Aliquis
1102 3822 1185 3871 doctus
1195 3821 1241 3882 ert]
1254 3819 1269 3886 β
1280 3839 1288 3880 ;
1300 3821 1459 3871 adamarent
1471 3821 1493 3871 1.
1503 3840 1511 3881 ;
1522 3821 1553 3869 ab
1561 3821 1647 3886 aliquo
1653 3821 1767 3870 winter
1775 3819 1833 3872 itD.

472 3900 553 3962 vadr'l]
566 3902 637 3950 vodr's
648 3900 672 3952 λ.
771 3903 929 3966 peritiorem]
940 3905 1070 3955 doctiorem
1082 3905 1112 3954 1..
1216 3903 1245 3954 18
1257 3905 1285 3953 in
1294 3909 1379 3967 patrer
1390 3903 1494 3964 nostrus]
1506 3899 1539 3968 βλ
1550 3919 1558 3962 ;
1565 3902 1684 3967 patribus
1694 3903 1785 3950 nastn's
1798 3901 1833 3954 L.

474 3995 506 4033 κο
517 3985 660 4046 conternnit]
672 3985 768 4049 rpemil
780 3983 804 4035 λ.

512 4135 539 4189 4.
555 4117 634 4192 quod
653 4116 713 4193 ipse
734 4113 842 4196 debuit]
864 4118 976 4179 Confer
991 4115 1125 4177 ultimam
1177 4128 1206 4178 et
1221 4117 1334 4194 populo
1362 4114 1525 4176 comitante
1550 4115 1587 4174 ad
1613 4111 1713 4175 divina
1735 4114 1839 4176 noctis

472 4209 585 4274 partem
612 4208 753 4258 tractatus
775 4197 862 4275 inps
893 4201 958 4273 108,
979 4217 1067 4276 supra
1096 4218 1123 4276 p.
1176 4197 1274 4259 officia
1285 4195 1315 4256 in
1325 4199 1401 4258 aede
1413 4195 1581 4256 Natiuitatis
1595 4214 1665 4256 cum
1678 4196 1839 4257 monachis

475 4279 530 4355 196
542 4297 586 4354 sq.
1176 4281 1269 4356 ipsius
1284 4278 1342 4338 loci
1365 4279 1532 4355 peragenda
1546 4277 1585 4354 (1.
1606 4279 1635 4337 F.
1652 4275 1837 4349 Gamurrini,

511 4362 538 4418 6.
552 4357 694 4439 pontpici]
719 4361 795 4436 Quis
820 4361 875 4422 iste
900 4361 995 4434 luerit,
1018 4360 1124 4421 Hiero·
1175 4363 1202 4422 S.
1234 4360 1343 4422 Silviae
1372 4359 1541 4436 Aquitanae
1571 4357 1769 4436 peregrinatio
1794 4362 1838 4421 ad

469 4441 663 4518 solymitanus
678 4463 716 4503 an
731 4443 828 4519 quivis
848 4442 931 4514 alius,
947 4443 1048 4505 dicere
1062 4462 1123 4502 non
1176 4445 1242 4503 loca
1253 4453 1364 4514 sancta,
1383 4452 1414 4500 2⁸
1429 4439 1498 4501 edit
1518 4461 1543 4517 p.
1562 4459 1600 4517 53
1616 4439 1697 4517 sqq.)

471 4521 575 4582 ausim.
593 4524 681 4586 Certe
693 4523 789 4602 pridie
805 4523 989 4602 Epiphaniae
1001 4543 1053 4584 seu
1067 4525 1125 4584 Na·
1221 4545 1263 4583 11.
1275 4543 1331 4582 non
1345 4523 1435 4600 Inda]
1453 4524 1528 4581 Dan.
1550 4541 1593 4597 13,
1610 4524 1647 4599 56

473 4603 539 4663 talis
562 4605 685 4665 Domini
711 4605 952 4684 proficiscebatur
983 4605 1125 4666 Hieroso·
1219 4627 1262 4664 20.
1277 4604 1521 4677 coaternnit]Luc.
1540 4623 1584 4676 10,
1606 4605 1648 4662 16.

471 4687 552 4762 lyma
567 4687 743 4750 Bethlehem
758 4706 859 4748 versus
874 4687 1032 4766 episcopus
1045 4689 1126 4750 clero
