4160 5500
553 433 599 498 IN
622 433 830 498 PSALMUM
851 432 995 507 xxxxi,
1019 433 1079 494 An
1100 431 1369 496 NEOPHYTOS.
1553 431 1630 522 4¹1

284 653 437 733 iocunda,
451 669 583 738 semper
597 654 735 720 terrenis
761 653 1009 738 humilibusque
1038 654 1240 738 contemptis
1264 651 1419 716 caelestia
1442 660 1477 717 et
1502 659 1637 716 aeterna

288 758 489 837 desiderant,
499 766 720 842 congruentes
732 757 995 842 interpretationi
1012 756 1225 836 nominissui,
1240 756 1404 841 siquidem
1416 755 1526 830 Chore
1537 757 1637 821 inter-

288 871 438 946 pretatur
453 861 609 928 calvities.
626 861 715 946 Quia
729 883 810 945 ergo
825 862 993 927 Dominus
1005 872 1119 928 noster
1132 862 1165 928 in
1182 861 1257 927 loco
1269 861 1442 928 Calvariae
1458 859 1638 926 crucifixus

286 979 335 1032 est
357 981 391 1032 et
406 969 565 1052 sepultus,
585 971 787 1052 quicumque
803 967 835 1031 in
859 987 956 1030 cruce
972 966 1073 1050 ipsius
1089 967 1229 1032 credunt
1243 976 1278 1031 et
1293 967 1326 1029 in
1340 964 1588 1042 resurrectione,
1603 964 1637 1028 hi

251 1081 265 1138 5
285 1070 341 1134 filii
359 1071 478 1150 Chore,
493 1073 526 1134 id
546 1082 605 1150 est,
620 1071 677 1134 lilii
695 1070 868 1136 Calvariae
892 1071 1125 1136 nominantur:
1152 1090 1251 1154 snper
1267 1091 1332 1154 qua
1349 1069 1502 1135 Calvaria
1520 1069 1637 1132 Domi-

285 1195 346 1238 nus
368 1184 482 1239 noster
502 1196 597 1240 verus
615 1175 792 1239 Helisaeus
808 1185 884 1258 post
901 1177 1174 1241 resurrectionem
1198 1176 1241 1240 ad
1257 1174 1424 1239 caelorum
1442 1193 1545 1257 regna
1560 1193 1637 1238 con-

283 1279 456 1356 scendens,
471 1279 633 1344 inridetur
648 1300 668 1343 a
684 1279 830 1364 parvulis
860 1280 1070 1359 ludaeorum,
1092 1281 1151 1346 sed
1168 1281 1234 1345 ursi
1250 1281 1432 1346 comedunt
1447 1279 1637 1342 inridentes.

285 1383 361 1448 Hoc
376 1384 419 1448 de
434 1384 533 1450 titulo
548 1385 688 1450 strictim
705 1383 833 1449 dixisse
846 1383 987 1450 sufficiat
1001 1409 1009 1450 :
1025 1405 1114 1450 nunc
1125 1385 1166 1450 ad
1179 1385 1300 1469 psalmi
1316 1384 1515 1468 principium
1532 1402 1638 1447 rever-

284 1496 402 1554 tamur.

235 1607 266 1648 10
328 1590 423 1654 Sr'cut
436 1591 600 1656 desiderat
609 1613 721 1657 cervus
729 1593 892 1673 adfantes
906 1615 1078 1676 aquarum,
1090 1594 1137 1657 ira
1152 1593 1315 1657 desiderat
1335 1591 1451 1658 anima
1466 1613 1538 1656 mea
1553 1591 1602 1655 ad
1609 1600 1639 1654 te

285 1691 381 1760 Deus.
399 1694 580 1759 Cervorurn
598 1707 715 1761 natura
728 1706 787 1775 est,
804 1706 840 1762 ut
853 1706 1044 1780 serpentum
1062 1717 1189 1762 venena
1199 1708 1426 1776 contemnant,
1436 1697 1515 1780 quin
1528 1695 1639 1780 potius

286 1798 420 1862 naribus
436 1800 504 1866 suis
520 1819 576 1863 eos
592 1800 774 1866 extrahant
789 1802 831 1866 de
848 1801 1007 1880 cavernis,
1034 1811 1070 1865 ut
1094 1800 1295 1865 interficiant
1318 1810 1419 1884 atque
1435 1799 1638 1864 dilacerent:

282 1919 426 1986 cumque
441 1922 606 1966 venenum
623 1903 819 1968 intrinsecus
848 1905 995 1988 coeperit
1019 1913 1180 1983 aestuare,
1202 1906 1355 1986 quamvis
1371 1925 1428 1969 eos
1444 1925 1510 1968 non
1532 1903 1639 1985 possit

284 2005 443 2083 occidere,
460 2017 572 2071 tamen
588 2008 659 2071 sitis
676 2011 827 2074 ardorem
848 2019 883 2074 et
908 2010 1098 2074 incendium
1126 2019 1326 2074 commovet.
1341 2009 1438 2072 Tunc
1465 2007 1512 2071 illi
1528 2007 1638 2072 sontes

235 2119 264 2174 15
283 2105 484 2189 desiderant,
504 2121 536 2173 et
558 2111 741 2192 purissimis
758 2113 852 2195 aquis
873 2113 1033 2178 ferventia
1061 2132 1190 2178 venena
1214 2113 1433 2194 restinguunt
1457 2111 1639 2194 Quomodo

283 2211 395 2294 itaque
412 2212 458 2275 illi
486 2213 571 2275 cervi
602 2215 793 2280 desiderant
820 2215 929 2280 sontes
953 2237 1123 2299 aquarum,
1144 2218 1191 2280 ita
1216 2225 1249 2280 et
1274 2216 1377 2282 nostri
1397 2217 1493 2294 cervi,
1516 2216 1571 2299 qui
1594 2217 1637 2280 de

282 2313 444 2396 Aegypto
460 2326 493 2379 et
510 2317 551 2380 de
568 2317 701 2381 saeculo
717 2320 909 2384 recedentes
926 2320 1161 2385 interfecerunt
1178 2321 1384 2385 Pharaonem
1398 2321 1431 2384 in
1448 2320 1544 2403 aquis
1560 2321 1638 2399 suis,

283 2431 315 2482 et
333 2441 466 2486 omnem
485 2423 555 2486 eius
570 2425 755 2487 exercitum
784 2424 816 2487 in
844 2425 1013 2507 baptismo
1029 2433 1241 2503 necaverunt,
1267 2434 1342 2509 post
1370 2423 1636 2488 intersectionem

283 2523 407 2588 diaboli
423 2526 613 2590 desiderant
625 2526 734 2591 lontes
746 2527 914 2605 ecclesiae,
925 2530 1058 2595 Patrem
1072 2541 1105 2594 et
1117 2530 1238 2594 Filium
1250 2540 1282 2594 et
1296 2529 1459 2613 Spiritum
1473 2538 1635 2593 sanctum.

229 2645 263 2682 20
282 2628 335 2690 De
355 2629 461 2705 Patre,
477 2631 566 2712 quod
584 2631 610 2693 si
628 2631 711 2709 lons,
734 2633 886 2697 scribitur
914 2635 946 2697 in
967 2634 1160 2700 Hieremia:
1186 2639 1194 2666 ⁴
1213 2635 1268 2698 Me
1283 2633 1481 2697 dimiserunt
1508 2630 1635 2696 iontem

279 2748 386 2810 aquae
409 2732 512 2808 vivae,
528 2741 561 2796 et
582 2732 736 2799 foderunt
752 2736 813 2801 sibi
836 2736 926 2800 lacus
942 2740 1091 2817 detritos,
1107 2739 1163 2822 qui
1180 2758 1247 2802 non
1264 2746 1404 2819 possunt
1416 2754 1520 2819 aquas
1530 2733 1635 2798 conti-

280 2853 356 2896 nere
367 2835 383 2898 '.
405 2835 457 2898 De
482 2835 568 2899 Filio
583 2858 661 2901 vero
678 2837 710 2902 in
727 2841 874 2921 quodam
892 2841 965 2906 loco
982 2841 1122 2925 legimus
1135 2864 1142 2907 :
1154 2847 1161 2876 ‘
1173 2843 1431 2926 Dereliquerunt
1443 2839 1570 2903 sontem
1583 2859 1635 2902 sa-

278 2935 424 3017 pientiae
434 2938 451 3004 ’.
468 2940 569 3002 Porro
585 2941 627 3003 de
643 2940 769 3022 Spiritu
791 2953 929 3008 sancto·
948 2945 1013 3028 Qui
1032 2946 1151 3010 biberit
1166 2947 1209 3008 de
1224 2965 1312 3029 aqua
1328 2963 1428 3026 quam
1453 2942 1580 3007 dedero
1595 2943 1635 3021 ei,

277 3040 402 3106 orietur
429 3043 461 3106 in
487 3065 528 3108 eo
553 3044 626 3108 lons
642 3066 749 3128 aquae
769 3048 918 3113 salientis
942 3050 975 3113 in
999 3051 1102 3114 vitam
1118 3047 1307 3114 aeternam'
1323 3048 1436 3112 statim
1454 3046 1635 3130 exponitur

228 3163 259 3217 25
278 3149 484 3230 evangelista
499 3151 640 3227 dicente,
655 3152 745 3235 quod
762 3153 805 3216 de
826 3153 953 3236 Spiritu
980 3167 1097 3222 sancto
1113 3157 1211 3220 luerit
1235 3174 1344 3219 sermo
1361 3151 1553 3218 Salvatoris.
1578 3151 1633 3215 Ex

278 3252 399 3334 quibus
424 3253 694 3318 manifestissime
709 3258 942 3339 conprobatur,
968 3269 1034 3323 tres
1057 3257 1215 3323 ecclesiae
1231 3259 1340 3325 lontes
1363 3257 1538 3324 Trinitatis
1561 3277 1634 3322 esse

280 3358 482 3439 mysterium.

324 3461 398 3523 Hos
414 3460 582 3524 desiderat
597 3461 709 3525 anima
724 3465 899 3542 credentis,
911 3465 971 3529 hos
987 3465 1155 3531 desiderat
1171 3467 1283 3532 anima
1293 3466 1465 3550 baptizati,
1481 3475 1514 3532 et
1530 3465 1633 3530 dicit:

279 3561 521 3627 Sitivitarrima
533 3586 604 3628 rnen
615 3565 664 3628 ad
675 3567 783 3631 Deum
790 3569 920 3650 sontem
935 3569 1057 3634 viarum.
1075 3570 1152 3633 Non
1169 3571 1258 3636 enim
1272 3571 1388 3637 leviter
1399 3572 1511 3636 videre
1528 3568 1633 3634 voluit

227 3688 262 3738 30
280 3669 400 3745 Deum,
416 3669 474 3732 sed
497 3670 787 3738 totodesideravit
804 3676 930 3750 ardore,
948 3684 1020 3738 toto
1035 3675 1140 3739 sitivit
1164 3675 1328 3740 incendio.
1344 3675 1553 3758 Antequam
1573 3673 1632 3738 ba·

277 3773 438 3855 ptismum
463 3785 754 3857 consequerentur,
790 3779 1013 3862 loquebantur
1044 3779 1130 3843 inter
1152 3799 1188 3843 se
1219 3781 1362 3845 inuicem
1390 3788 1424 3846 et
1453 3778 1632 3844 dicebant:

309 4008 352 4059 γα
357 3999 525 4062 pervalidi!
536 3998 595 4049 add.
607 4003 631 4048 ct
649 3997 679 4044 ab
698 3998 842 4048 incredulis,
945 4013 976 4062 14
994 4001 1134 4062 commovet]
1153 4000 1295 4052 tolleranter
1314 4000 1346 4050 V.
1449 4009 1478 4061 17
1498 4000 1528 4048 in
1547 3998 1632 4064 aquis]

279 4079 350 4130 Hier.
366 4081 387 4129 V
397 4099 404 4141 ;
417 4082 446 4130 ἐκ
457 4080 553 4130 actibus
564 4081 630 4144 Aug.
699 4092 731 4128 22
743 4096 800 4129 vero
812 4081 850 4142 in]
863 4097 914 4132 om.
928 4083 959 4132 V.
1028 4085 1060 4134 26
1071 4085 1191 4152 ecclesiae]
1208 4085 1236 4132 ἐκ
1247 4083 1345 4132 ecclesia
1357 4081 1388 4132 V.
1459 4081 1491 4132 28
1502 4081 1632 4146 baptisate]

276 4161 335 4226 Aug
346 4180 353 4222 ;
365 4162 516 4227 baptr'aantis
527 4161 600 4212 Hier.
616 4163 638 4211 V
649 4181 656 4222 ;
670 4160 780 4210 Maurini
792 4163 950 4228 suspicantur
961 4165 1095 4231 legendum
1108 4182 1162 4216 esse
1173 4164 1328 4228 baptizandi.

320 4373 363 4412 12.
388 4354 550 4412 extrahant
570 4353 614 4446 dc·
630 4349 771 4446 cavernis]
793 4351 927 4446 Hieron.
1024 4379 1070 4419 21.
1082 4352 1235 4436 contr‘nere]
1253 4355 1359 4417 terem.
1377 4374 1404 4426 2,
1424 4371 1469 4430 13.

276 4453 364 4511 supra
380 4452 415 4509 27
419 4454 447 4511 3,
466 4439 502 4494 18
526 4435 630 4494 ‘Talis
645 4454 725 4494 emm
741 4437 850 4496 drettur
863 4456 929 4498 esse
1023 4459 1070 4504 aa.
1082 4435 1251 4600 sapientiae}
1268 4439 1334 4497 Bar.
1352 4455 1437 4512 3,12.

276 4515 437 4589 virtutis,ut
448 4515 552 4594 spiritu
562 4515 677 4576 narium
690 4536 809 4577 suarum
820 4531 929 4595 protra-
1023 4542 1069 4594 24,
1085 4528 1232 4580 aeternam
1259 4521 1303 4578 Io.
1320 4538 1348 4590 4,
1364 4537 1399 4593 ¹3
1415 4535 1458 4594 sq.

275 4595 345 4658 bere
360 4612 513 4674 serpentes
528 4600 567 4659 de
586 4598 719 4659 cavernis
730 4609 760 4660 et
774 4599 817 4660 sic
831 4620 930 4676 come·
1084 4605 1183 4662 statim
1202 4596 1370 4680 exponitur]
1387 4600 1486 4658 Immo
1501 4615 1562 4658 non
1576 4606 1632 4656 sta-

276 4678 347 4741 dere
361 4682 376 4739 ’.
394 4680 439 4742 Cl.
461 4682 527 4757 165,
545 4682 591 4740 πό.
981 4683 1043 4758 tim,
1059 4685 1121 4746 sed.
1134 4685 1177 4746 lo.
1197 4701 1222 4760 7,
1240 4702 1285 4759 39.
