4160 5500
501 425 585 512 412
887 429 917 490 s.
940 427 1195 492 urnnouvm
1217 429 1482 492 nnesumenr

505 645 644 726 Quando
660 646 788 712 ueniant
808 656 839 710 rt
853 648 1007 730 apparebo
1032 659 1107 712 ante
1124 649 1248 730 sociem
1273 649 1341 713 Dei
1351 651 1372 714 b
1393 651 1481 714 Ecce
1499 650 1675 733 impletum
1692 661 1742 718 est
1765 655 1855 737 quod

504 751 668 835 petebant
683 760 861 817 :venerunt
877 761 910 817 et
925 763 1086 818 steterunt
1100 763 1179 818 ante
1190 753 1306 817 faciem
1320 754 1393 830 Dei,
1406 763 1440 820 et
1452 766 1676 838 apparuerunt
1690 767 1854 824 antecon-

507 866 659 938 spectum
675 855 788 920 altaris
804 865 838 920 et
860 869 939 923 ante
956 857 1150 942 mysterium
1168 856 1358 923 Salvatoris.
1377 858 1453 922 Hoc
1470 879 1535 923 non
1555 872 1723 926 merentur
1743 863 1854 927 videre

505 961 567 1026 nisi
584 963 631 1026 illi
648 963 703 1045 qui
720 982 764 1026 ex
780 962 984 1026 conscientia
1006 971 1099 1025 etex
1116 963 1184 1026 imo
1206 961 1375 1044 proferunt
1396 963 1496 1026 corde
1512 975 1757 1031 memorantes:
1773 967 1856 1031 Fue·

504 1075 584 1130 runt
598 1067 683 1130 mibi
692 1066 847 1130 lacrimae
861 1085 949 1130 arurae
956 1065 1057 1148 poroo‘s
1071 1065 1123 1128 dia
1137 1087 1176 1128 oc
1190 1073 1280 1128 nacto.
1293 1065 1354 1128 Per
1369 1083 1503 1131 omnem
1521 1067 1610 1132 enim
1628 1069 1854 1154 Quadragesi·
1888 1092 1901 1146 5

507 1189 595 1234 mam
620 1179 822 1235 vacaverunt
842 1170 984 1232 orationi
1001 1180 1102 1251 atque
1123 1168 1262 1244 ieiuniis,
1290 1167 1322 1232 in
1339 1185 1436 1231 sacco
1462 1178 1496 1234 et
1511 1171 1622 1235 cinere
1636 1173 1855 1252 dormierunt,

504 1271 648 1338 suturam
665 1275 767 1337 vitam
780 1282 991 1355 peccatorum
1008 1290 1142 1335 suorum
1159 1270 1580 1354 confessionequaerentes.
1592 1275 1660 1340 Sed
1671 1277 1749 1359 quia
1764 1277 1858 1341 fude-

505 1385 581 1442 runt
598 1377 750 1442 lacrimas
772 1388 805 1441 et
821 1377 954 1441 fuerunt
970 1377 1089 1454 tristes,
1104 1374 1226 1439 dicitur
1249 1374 1332 1438 illis:
1356 1374 1443 1458 ‘Qui
1460 1379 1627 1442 seminant
1650 1380 1682 1443 in
1703 1380 1859 1457 lacrimis,

505 1479 537 1543 in
559 1483 684 1563 gaudio
701 1481 844 1545 metent’
860 1491 893 1544 et
905 1485 912 1512 ‘
926 1480 1020 1543 Beati
1038 1480 1197 1562 lugentes,
1209 1480 1368 1562 quoniam
1386 1481 1448 1563 ipsi
1465 1483 1725 1550 consolabuntur
1740 1485 1757 1551 ¹.

554 1586 753 1668 Proquibus
769 1585 930 1651 universis
946 1603 1021 1648 cum
1037 1583 1101 1647 illis
1126 1583 1279 1648 diabolus
1306 1583 1488 1664 insultaret,
1514 1597 1548 1651 et
1570 1589 1694 1654 diceret
1728 1587 1794 1653 Ubi
1812 1599 1860 1654 est
1877 1614 1904 1655 ιο

509 1687 601 1752 Deus
615 1691 724 1754 tuus?
739 1709 826 1754 nunc
843 1691 885 1754 ad
902 1711 1022 1773 corpus
1038 1691 1150 1773 Xpisti
1167 1690 1302 1755 admissi
1318 1700 1352 1756 et
1375 1692 1407 1755 in
1426 1693 1518 1757 vitali
1540 1694 1633 1759 sonte
1652 1697 1757 1760 renati
1781 1715 1859 1760 con·

510 1793 651 1859 fidenter
666 1794 855 1880 loquuntur,
870 1806 904 1862 et
919 1797 1055 1861 dicunt:
1077 1797 1234 1860 Transibo
1258 1796 1292 1858 in
1309 1797 1410 1860 lacrun
1431 1797 1631 1862 tabernaculi
1648 1799 1858 1862 admirabilis

510 1919 608 1981 usque
623 1901 671 1963 ad
678 1901 809 1964 domum
821 1901 895 1967 Dei.
911 1901 1042 1966 Domus
1059 1901 1123 1965 Dei
1139 1901 1278 1965 ecclesia
1294 1910 1353 1979 est,
1368 1900 1431 1966 hoc
1447 1912 1496 1966 est
1508 1902 1692 1967 admirable
1707 1904 1859 1968 taberna·

509 2004 620 2067 culum
634 2029 641 2068 ε
657 2005 735 2087 quia
755 2004 885 2069 habitat
901 2005 933 2069 in
952 2027 992 2070 eo
1008 2027 1075 2071 vox
1096 2005 1313 2070 exultationis
1337 2015 1370 2070 et
1385 2006 1602 2072 confessionis
1618 2017 1652 2071 et
1664 2027 1765 2073 sonus
1780 2027 1860 2090 epu·

509 2105 659 2174 lantium.
684 2107 841 2172 Gaudent
865 2109 989 2192 quippe
1012 2129 1111 2191 super
1133 2108 1233 2173 fidem
1250 2118 1284 2173 et
1307 2111 1576 2174 consecutionem
1594 2110 1680 2174 vitae
1696 2121 1860 2188 aeternae,
1880 2133 1904 2188 ις

510 2231 610 2294 quarn
629 2211 744 2276 iratres
762 2212 864 2277 nostri
889 2233 976 2278 nunc
993 2215 1143 2296 accipere
1158 2222 1357 2290 meruerunt,
1380 2214 1489 2298 angeli
1507 2215 1539 2278 in
1556 2215 1655 2278 caelis
1678 2235 1862 2298 omnesque

511 2315 656 2380 virtutes.
684 2317 720 2383 Si
746 2318 834 2381 enim
856 2337 955 2400 super
975 2335 1043 2381 uno
1069 2327 1242 2400 peccatore
1265 2325 1386 2400 agente
1408 2318 1659 2400 paenitentiam,
1682 2329 1714 2382 et
1739 2321 1772 2382 in
1797 2339 1863 2383 una

511 2419 640 2483 ovicula
657 2421 818 2499 morbida,
834 2441 919 2504 quae
936 2423 1077 2504 pastoris
1094 2423 1215 2486 umeris
1230 2431 1281 2485 est
1302 2430 1441 2498 revecta,
1456 2421 1605 2505 gaudent
1628 2422 1737 2504 angeli
1761 2431 1863 2506 atque

511 2521 677 2589 laetantur
691 2547 699 2603 ;
716 2534 842 2609 quanto
855 2527 961 2608 magis
974 2527 1006 2588 in
1021 2535 1070 2589 tot
1086 2524 1241 2590 iratribus
1253 2524 1344 2589 vitali
1357 2526 1489 2608 gurgite
1505 2527 1628 2588 renatis
1644 2535 1746 2608 atque
1767 2545 1861 2589 mun-

510 2627 598 2691 datis
615 2628 766 2694 universa
782 2629 954 2693 exsultant
972 2647 1073 2710 regna
1085 2626 1261 2703 caelorum,
1281 2628 1428 2691 videntia
1450 2628 1602 2691 homines
1624 2629 1725 2693 veteri
1747 2650 1861 2712 pecca·
1880 2655 1909 2693 oo

510 2740 620 2798 torum
638 2732 712 2798 labe
728 2743 887 2817 purgatos
903 2753 964 2796 suo
980 2731 1137 2796 incolatui
1153 2731 1367 2815 praeparari?

553 2837 665 2904 Dicite
680 2859 769 2922 ergo,
783 2839 841 2921 qui
854 2837 1013 2921 Xpistum
1029 2856 1115 2901 nunc
1132 2835 1295 2913 induistis,
1312 2845 1345 2899 et
1361 2837 1499 2900 ductum
1517 2843 1667 2900 nostrum
1678 2845 1864 2920 sequentes,

507 2943 602 3025 quasi
615 2942 761 3025 pisciculi
774 2942 937 3020 hamo,ita
948 2959 1101 3004 sermone
1114 2939 1178 3003 Dei
1191 2941 1232 3004 de
1242 2939 1372 3022 gurgite
1385 2937 1506 3003 saeculi
1520 2938 1614 3002 istius
1624 2937 1844 3003 sublevemini
1857 2963 1864 3002 ι

510 3046 549 3109 In
567 3047 662 3111 nobis
680 3066 786 3111 rerum
805 3055 923 3111 natura
941 3054 1069 3110 mutata
1080 3053 1139 3109 est.
1157 3045 1267 3108 Pisces
1283 3045 1381 3121 enim,
1396 3045 1453 3128 qui
1470 3043 1512 3106 de
1534 3043 1615 3106 mari
1628 3045 1771 3107 extracti
1794 3043 1862 3107 lue-

509 3149 585 3227 rint,
595 3151 799 3216 moriuntur:
816 3171 877 3214 nos
887 3159 998 3215 autem
1013 3151 1088 3214 ideo
1098 3147 1240 3230 apostoli
1262 3149 1305 3213 de
1318 3149 1433 3212 mundi
1444 3146 1538 3211 istius
1550 3147 1632 3210 mari
1643 3156 1863 3212 extraxerunt
1881 3169 1908 3222 ες

510 3262 612 3335 atque
628 3254 745 3338 piscati
761 3262 849 3334 sunt,
865 3263 900 3318 ut
917 3256 981 3320 vivi
998 3275 1042 3318 ex
1061 3253 1198 3317 mortuis
1220 3250 1380 3317 fieremus.
1398 3250 1568 3336 Quamdiu
1591 3271 1723 3316 eramus
1738 3253 1771 3316 in
1793 3272 1862 3316 sae-

510 3357 595 3434 cu10,
621 3359 707 3422 oculi
736 3359 839 3423 nostri
856 3359 889 3422 in
907 3355 1083 3440 profundo,
1098 3363 1131 3419 et
1154 3355 1222 3419 vita
1239 3365 1351 3421 nostra
1367 3355 1560 3421 versabatur
1572 3355 1605 3416 in
1621 3375 1748 3420 caeno:
1771 3364 1861 3438 post-

508 3480 608 3544 quam
626 3461 837 3528 deductibus
853 3461 958 3545 erepti
974 3479 1097 3538 sumus,
1118 3459 1288 3543 coepimus
1305 3459 1408 3524 solem
1426 3459 1548 3535 videre,
1562 3459 1733 3541 coepimus
1749 3477 1862 3524 verum

507 3564 618 3630 lumen
636 3568 792 3650 aspicere,
808 3575 841 3631 et
854 3586 932 3650 prae
944 3566 1047 3629 nimio
1063 3564 1187 3647 gaudio
1199 3564 1387 3628 conturbati
1404 3565 1446 3628 ad
1464 3563 1610 3627 animam
1624 3573 1772 3627 nostram
1784 3563 1864 3628 dici-

508 3689 582 3734 mus
597 3695 604 3736 :
622 3671 725 3754 Spera
742 3671 776 3735 iu
792 3670 909 3750 Deum,
927 3671 1080 3753 quoniam
1095 3669 1264 3751 confitebor
1278 3668 1337 3745 illi,
1347 3668 1494 3732 solutore
1510 3668 1622 3732 vultus
1637 3668 1702 3732 mei
1719 3676 1751 3730 et
1772 3667 1863 3732 Deus
1880 3691 1910 3743 30

510 3793 605 3837 meus.
624 3773 670 3839 Et
685 3773 865 3858 deinceps:
888 3775 1062 3856 Propterea
1079 3792 1201 3836 mernor
1218 3793 1270 3836 ero
1287 3772 1338 3836 tui
1347 3771 1386 3836 de
1401 3782 1489 3836 tarra
1503 3772 1656 3836 lordonis
1670 3781 1702 3835 et
1715 3771 1863 3835 Horonon

509 3898 531 3942 a
547 3888 652 3942 roarolo
667 3878 794 3944 modico.
813 3879 844 3941 Α
850 3878 960 3960 byssus
975 3878 1125 3958 abyssum
1142 3876 1275 3940 inuocat.
1290 3875 1334 3940 Et
1351 3895 1413 3958 nos
1427 3876 1470 3941 de
1486 3884 1572 3940 terra
1588 3875 1748 3953 Iordanis,
1758 3875 1793 3938 id
1806 3884 1865 3950 est,

511 3982 554 4046 de
569 3982 705 4047 flumine
722 3983 755 4046 in
768 4002 835 4066 quo
848 3982 1035 4065 baptizatus
1052 3991 1102 4046 est
1119 3981 1295 4058 Dominus,
1311 3989 1345 4044 et
1362 3979 1524 4058 Hermon,
1537 3980 1598 4043 hoc
1611 3990 1671 4057 est,
1686 3980 1730 4045 de
1741 3979 1864 4044 saeculi

545 4157 554 4194 1
569 4144 984 4210 Ecce1Vinser.fratresdearum,
998 4146 1064 4210 Aug.
1080 4143 1152 4194 Hier.
1158 4144 1258 4209 fratres
1269 4143 1404 4193 carr'ssimi.
1506 4155 1520 4206 3
1533 4144 1679 4205 mysterium
1692 4142 1775 4204 Sam]
1789 4145 1865 4208 Ang5

464 4223 466 4226 ’
508 4225 590 4277 Vom.
601 4228 742 4278 Sarranae
749 4229 918 4292 ,mysterium
930 4227 1110 4278 intellexeram!
1120 4226 1193 4277 Hier.
1264 4224 1471 4290 issuprrfidern]
1484 4225 1586 4284 subficie
1596 4225 1626 4276 V.
1697 4225 1864 4289 231tiscr'culi]

504 4309 641 4374 pisciculus
654 4309 685 4359 V.
787 4322 819 4373 33
831 4310 860 4359 in
870 4309 929 4374 quo]
942 4309 986 4358 nbi
996 4309 1026 4358 V.

551 4461 577 4517 3.
607 4443 773 4517 mysterium
802 4439 979 4522 Solvoton's]
1008 4441 1043 4500 cl.
1074 4457 1162 4517 supra
1257 4458 1301 4499 11.
1315 4440 1346 4498 in
1355 4440 1443 4498 oriali
1445 4436 1542 4520 fonte]
1557 4439 1680 4500 Hieron.
1693 4458 1781 4517 supra
1794 4441 1862 4518 3⁶8,

513 4541 580 4595 201,
596 4525 643 4598 ¹⁶3
659 4543 725 4599 290,
744 4528 792 4599 a6;
804 4543 871 4599 301,
886 4541 934 4601 25;
947 4543 1013 4600 302,
1033 4541 1045 4580 1
1064 4533 1120 4583 etc.
1216 4540 1248 4579 rr
1263 4521 1414 4597 ‘Quando
1428 4519 1610 4582 descenditis
1625 4521 1655 4582 in
1666 4521 1784 4582 vitalem
1800 4523 1864 4583 lon·

554 4625 579 4681 9.
596 4602 710 4685 meieni]
726 4606 772 4665 Ps.
790 4623 855 4682 125,
871 4623 897 4684 5.
1212 4613 1273 4664 tem
1282 4603 1298 4663 '.

597 4684 829 4768 consolabuntur]
845 4685 951 4748 Matth.
963 4703 991 4764 5,
1004 4703 1033 4764 5.
