4060 5498
611 1061 950 1144 FRAGMENTUM
973 1059 1261 1141 'lRACTATUS
1284 1059 1331 1141 lN
1357 1061 1589 1142 PSALMUM
1613 1061 1744 1144 XClll.

535 1237 619 1308 Quod
640 1236 769 1306 sequitur
788 1236 979 1304 fragmentum
1000 1233 1126 1289 exhibuit
1145 1234 1246 1288 ultima
1265 1234 1371 1304 pagina
1389 1235 1498 1290 codicis
1517 1235 1741 1305 Rotomagensis
1754 1237 1788 1290 Α.
1802 1249 1849 1301 277

500 1323 585 1396 (527),
599 1325 646 1380 tol.
664 1331 734 1393 133',
748 1324 822 1378 inter
834 1322 1031 1377 additamenta
1044 1321 1150 1376 rudiori
1163 1323 1276 1376 calamo
1289 1339 1363 1377 saec.
1377 1323 1404 1376 X
1415 1334 1540 1379 exarata.
1551 1325 1643 1379 Breve
1654 1323 1771 1393 quidem
1785 1324 1849 1378 illud

498 1430 532 1467 ac
545 1413 650 1468 nullius
670 1413 729 1467 fere
747 1413 895 1478 momenti,
908 1427 972 1465 cum
992 1411 1070 1465 locus
1089 1421 1266 1480 opportunus
1285 1421 1429 1480 suppetat,
1443 1411 1532 1466 oculis
1551 1411 1751 1467 subiciendum
1771 1412 1842 1477 duxi,

498 1501 576 1571 quod
596 1517 690 1571 neque
711 1500 810 1569 praelo
828 1499 957 1553 videatur
976 1498 1132 1567 indignum,
1146 1507 1174 1552 et
1192 1514 1227 1552 ex
1245 1514 1280 1552 eo
1298 1497 1393 1552 torsan
1416 1499 1570 1571 aliquando
1591 1501 1703 1569 integer
1715 1511 1850 1554 tractatus

498 1589 613 1659 reperiri
626 1588 726 1658 possit.

622 1747 884 1810 TRACTATUS
905 1747 1060 1809 SANCTI
1084 1745 1337 1806 HIERONYMI
1362 1747 1407 1806 lN
1431 1749 1506 1808 DIE
1528 1748 1730 1810 PASCHAF.

544 1919 636 1981 Deus
670 1919 830 1982 ultionum
861 1917 1034 1992 Dominus,
1058 1915 1149 1978 Deus
1179 1913 1338 1980 ultionum
1368 1918 1466 1981 libere
1499 1919 1573 2000 egit.
1605 1917 1704 1982 Solus
1728 1919 1848 1982 etenim

499 2023 570 2104 ipse
595 2021 697 2086 libere
720 2022 802 2104 egit,
818 2024 874 2104 qui
901 2020 997 2084 nobis
1014 2021 1112 2084 hodie
1128 2022 1277 2084 ostendit
1294 2023 1374 2104 quid
1391 2022 1515 2087 lecerit.
1532 2021 1654 2085 Libere
1670 2023 1759 2085 enim
1777 2023 1851 2103 egit,

498 2128 540 2190 de
578 2147 647 2208 quo
678 2128 822 2191 multum
854 2137 954 2189 antea
991 2126 1098 2190 tuerat
1128 2126 1375 2209 prophetatum,
1408 2129 1486 2208 quia
1516 2128 1641 2191 ‘lactus
1679 2137 1729 2190 est
1769 2127 1849 2190 sicut

500 2231 602 2295 homo
634 2233 706 2295 sine
737 2232 905 2295 adiutorio
935 2231 1022 2295 inter
1060 2241 1209 2294 mortuos
1240 2231 1348 2296 liber'.
1376 2231 1489 2295 Vultis
1521 2240 1635 2294 tamen
1662 2233 1746 2294 scire
1773 2231 1847 2313 quid
1884 2249 1896 2300 s

502 2336 633 2416 egerit?
662 2336 776 2399 audite
805 2337 883 2418 quid
913 2335 1034 2399 lecerit.
1051 2333 1153 2398 Nulla
1180 2337 1387 2412 necessitate,
1402 2337 1460 2398 sed
1478 2336 1613 2418 propria
1630 2335 1802 2399 voluntate
1818 2337 1846 2396 in

500 2439 594 2520 ligno
611 2461 647 2502 se
663 2440 824 2522 suspendi
840 2441 1013 2522 permisit:
1028 2439 1131 2502 clavis
1147 2459 1267 2521 corpus
1295 2460 1390 2502 suurn
1420 2439 1579 2522 perlorari
1607 2460 1673 2502 non
1701 2439 1850 2502 rennuit:

500 2543 647 2606 animam
675 2546 833 2627 ponendo
861 2553 1001 2608 mortem
1028 2545 1205 2608 sustinuit:
1231 2564 1364 2607 carnem
1390 2544 1423 2608 in
1447 2545 1626 2626 sepulchro
1647 2545 1804 2627 reposuit,
1821 2557 1851 2606 et

499 2647 687 2711 comitante
711 2668 824 2712 secum
854 2649 967 2712 anima
992 2649 1034 2711 ad
1062 2646 1191 2711 inferna
1216 2647 1411 2712 descendit:
1437 2648 1649 2712 tenebrarum
1678 2658 1711 2712 et
1739 2647 1874 2713 mortis·

499 2750 684 2834 principem
714 2752 906 2834 conligavit,
922 2753 1071 2835 legiones
1088 2751 1175 2814 illius
1189 2751 1393 2834 perturbavit
1408 2761 1599 2834 :portarum
1613 2752 1734 2816 interni
1745 2760 1854 2816 vectes
1873 2769 1899 2806 10

500 2852 625 2918 terreos
647 2854 787 2938 effregit,
803 2876 920 2920 omnes
936 2856 1042 2918 iustos
1064 2855 1119 2939 qui
1144 2855 1297 2939 originali
1321 2866 1460 2937 peccato
1481 2855 1634 2920 obstricti
1656 2855 1855 2920 tenebantur

500 2960 646 3024 absolvit
660 2981 669 3039 ;
685 2961 840 3043 captivos
857 2960 891 3023 in
909 2958 1095 3023 libertatem
1110 2961 1283 3041 pristinam
1297 2959 1473 3036 revocavit,
1484 2971 1697 3042 peecatorum
1710 2959 1854 3024 tenebris

506 3073 709 3128 excaecatos
725 3063 902 3145 splendida
919 3063 992 3128 luce
1009 3063 1165 3146 pertudit.
1182 3063 1270 3128 Ecce
1287 3063 1425 3126 audistis
1442 3064 1520 3145 quid
1534 3064 1587 3142 sit,
1599 3064 1688 3146 quod
1702 3063 1855 3128 defensor

504 3177 617 3230 noster
636 3167 771 3231 ultionis
789 3167 956 3230 Dominus
972 3165 1073 3232 libere
1090 3169 1197 3251 egisse
1220 3165 1424 3232 describitur.
1444 3167 1626 3250 Postquam
1650 3167 1739 3231 enim
1763 3167 1855 3231 exal·

502 3281 593 3334 tatus
618 3281 679 3347 est,
704 3273 736 3335 id
761 3281 822 3348 est,
845 3292 863 3334 a
890 3271 1024 3336 ludaeis
1047 3273 1080 3334 in
1105 3292 1199 3335 truce
1223 3291 1404 3354 suspensus
1427 3281 1488 3350 est,
1510 3272 1713 3335 utbreviter
1736 3280 1856 3336 cuncta
1875 3287 1899 3338 ¹⁵

507 3377 742 3458 perstringam,
759 3395 840 3438 mox
859 3386 895 3438 ut
919 3376 1070 3457 spiritum
1098 3376 1253 3452 reddidit,
1275 3378 1388 3439 statim
1415 3377 1543 3439 unitate
1567 3395 1648 3438 suae
1671 3376 1857 3439 divinitatis

503 3480 617 3543 anima
638 3480 680 3542 ad
699 3479 904 3543 internorum
923 3479 1090 3562 protunda
1102 3481 1285 3562 descendit,
1297 3499 1441 3561 cumque
1453 3479 1664 3543 tenebrarum
1678 3481 1856 3544 terminum

501 3585 597 3668 quasi
613 3583 751 3667 quidam
768 3585 1031 3670 depraedator...

538 3775 548 3811 ι
565 3766 692 3814 TRAcrA
699 3765 767 3812 TUSJ
787 3763 934 3806 TRAcTttS
945 3759 1001 3809 eod.
1109 3759 1411 3820 auttr'onum]uttionem.
1518 3758 1746 3822 3.141iterrlle'ber,
1761 3767 1861 3823 propter

504 3844 814 3908 litteramesequentem.
900 3839 1255 3906 4qui01sc1ipsi;Quic0u.
1348 3837 1652 3906 merserarerasorm.
1737 3839 1863 3902 9anim]

503 3929 629 3978 animam.
733 3937 793 3989 9.17
806 3922 940 3986 descendit]
951 3924 1080 3973 discendit.
1185 3936 1210 3973 11
1233 3922 1339 3988 effregit]
1358 3923 1448 3986 esregr't
1463 3923 1534 3984 cod,
1555 3923 1660 3972 lortasse
1677 3939 1724 3986 pro
1734 3923 1861 3988 confugit.

505 4011 706 4077 originatiJ-alc.
810 4020 838 4057 12
863 4005 984 4068 tenebris]
1006 4003 1125 4056 tenebras.
1230 4019 1259 4068 14
1281 4003 1443 4066 describitur]
1464 4006 1537 4054 discr.
1642 4005 1671 4054 16
1689 4003 1790 4055 unitate
1808 4020 1864 4055 svor

503 4095 665 4157 divinitatis]
678 4091 862 4158 Legendumue
875 4091 951 4140 unita
962 4104 1022 4139 suae
1032 4089 1187 4140 divinitati?
1289 4087 1318 4138 18
1329 4086 1573 4152 depraedatoriam
1589 4087 1679 4148 codex,
1697 4087 1741 4152 qui
1760 4102 1862 4138 mancas

503 4180 542 4230 bis
553 4178 636 4229 verbis
648 4177 724 4228 linem
735 4175 811 4240 capit.
