4092 5502
396 391 479 495 308
772 413 800 470 s.
828 412 1079 470 Htuaouvm
1105 411 1367 472 PRESBYTERI

397 629 523 694 habent
539 627 643 692 solem
663 629 895 704 necessarium,
912 647 978 690 non
1006 627 1129 704 lunam,
1146 647 1212 689 non
1229 627 1362 692 stellas:
1378 648 1476 710 super
1492 628 1594 692 solem
1613 631 1751 691 enimet

399 734 512 797 lunam
530 741 608 796 sunt
625 733 657 794 in
685 731 892 796 caelestibus.
910 731 967 796 Sol
986 751 1065 812 ergo
1089 740 1124 794 et
1148 729 1228 795 iuna
1243 740 1276 796 et
1292 731 1407 795 stellae
1424 723 1560 814 propter
1582 752 1644 794 nos
1666 743 1752 809 sunt,

401 835 498 900 nobis
514 835 669 899 serviunt.
687 835 778 898 Dicit
793 844 826 897 et
842 833 1025 916 apostolus,
1040 834 1128 917 quod
1155 843 1188 897 et
1213 835 1284 916 ipsa
1301 845 1450 898 creatura
1476 833 1704 916 congemiscit,
1717 845 1752 898 et

399 939 542 1023 parturit
558 940 591 1002 in
620 938 849 1003 liberationem
875 937 1017 1000 liliorum
1035 936 1108 1000 Dei.
1125 934 1271 1018 Quando
1286 948 1399 1003 autem
1417 939 1473 1002 filii
1490 939 1554 1003 Dei
1582 939 1750 1021 adsumpti

399 1044 530 1120 luerint,
545 1053 579 1107 et
595 1044 665 1126 ipsa
682 1041 959 1106 creaturadehoc
975 1041 1109 1104 servitio
1125 1040 1291 1105 liberatur.
1309 1043 1409 1130 Dicat
1424 1042 1558 1125 aliquis:
1570 1041 1751 1125 Quomodo
1789 1063 1805 1112 5

399 1147 447 1211 sol
465 1149 574 1223 servit,
590 1157 623 1210 et
640 1146 820 1210 liberatur?
836 1145 1006 1229 quomodo
1031 1145 1134 1208 luna?
1150 1147 1321 1226 quomodo
1345 1147 1483 1210 stellae?
1500 1146 1676 1211 Liberatur
1691 1144 1751 1220 sol,

404 1270 446 1315 ne
465 1250 607 1314 ludaeos
618 1251 740 1325 videat,
756 1269 797 1312 ne
813 1248 963 1330 gentiles,
986 1267 1026 1310 ne
1043 1246 1313 1330 blasphemantes
1331 1250 1513 1314 Dominum
1531 1269 1638 1314 suum.
1648 1249 1751 1314 Videt

399 1355 588 1436 parricidas,
599 1355 689 1418 videt
701 1352 886 1416 homicidas
902 1376 909 1415 ε
924 1361 957 1416 et
971 1361 1082 1415 tamen
1093 1353 1192 1416 servit
1203 1353 1344 1436 imperio
1356 1353 1426 1417 eius
1437 1353 1492 1436 qui
1503 1353 1623 1419 iussit‘
1637 1351 1748 1418 Solem

399 1459 486 1522 enim
505 1478 601 1522 suum
618 1458 694 1521 oriri
712 1455 790 1520 iacit
802 1475 901 1538 super
917 1454 1021 1519 iustos
1034 1464 1068 1519 et
1081 1457 1201 1538 impios
1214 1457 1229 1522 ¹.
1243 1457 1395 1522 Laudatc
1409 1478 1496 1535 eum,
1507 1477 1625 1521 omnes
1637 1456 1751 1521 stellae

400 1573 433 1626 et
450 1561 570 1625 lumen.
589 1561 687 1624 Dicat
705 1559 825 1642 aliquis
840 1583 847 1622 :
864 1558 965 1641 Quod
982 1569 1032 1624 est
1049 1559 1159 1622 lumen
1177 1559 1249 1624 sine
1264 1561 1342 1637 sole,
1358 1563 1429 1624 sine
1444 1561 1558 1638 stellis,
1572 1561 1753 1626 sineluna?
1773 1583 1807 1621 ιο

402 1665 522 1728 Dicere
538 1683 725 1746 possumus,
741 1664 825 1728 inter
852 1674 985 1728 noctem
1007 1670 1041 1727 et
1056 1663 1155 1740 diem,
1175 1665 1225 1728 vel
1243 1665 1329 1728 inter
1343 1666 1432 1729 diem
1449 1676 1483 1729 et
1501 1675 1645 1742 noctem,
1661 1665 1750 1747 quod

401 1768 528 1852 absque
546 1766 616 1832 sole
632 1767 763 1832 lucent:
780 1767 856 1832 licet
873 1768 969 1832 multi
986 1776 1104 1850 putent
1121 1768 1229 1849 ipsum
1246 1767 1458 1850 splendorem
1478 1769 1557 1833 solis
1568 1791 1650 1835 esse.
1661 1770 1751 1834 Dicit

401 1876 511 1957 igitur,
528 1873 682 1939 Laudate
699 1894 774 1938 eum
792 1893 908 1938 omnes
921 1872 1035 1936 stellae
1052 1882 1085 1934 et
1101 1870 1222 1950 lumen,
1233 1879 1269 1935 ut
1284 1875 1455 1955 quomodo
1470 1876 1513 1939 de
1533 1874 1752 1940 invisibilibus

404 1977 545 2054 dixerat,
563 1977 715 2042 Laudate
731 1997 806 2040 eum
820 1995 937 2040 omnes
948 1977 1086 2039 virtutes
1101 1975 1235 2053 eius,sic
1251 1983 1285 2038 et
1301 1976 1343 2039 de
1359 1977 1542 2042 visibilibus
1552 1979 1653 2056 dicat,
1665 1979 1751 2041 Lau-

400 2081 480 2144 date
497 2101 572 2144 eum
589 2100 689 2145 omne
703 2082 793 2164 quod
810 2082 906 2145 lucet.
1172 2159 1176 2166 Ι
1709 2071 1710 2076 ’
1773 2104 1805 2155 ¹5

445 2185 595 2250 Laudate
608 2206 682 2250 eum
706 2186 786 2249 caeli
799 2187 968 2250 caelorum.
986 2186 1100 2249 Plures
1116 2184 1225 2249 caelos
1241 2186 1390 2250 dicimus.
1409 2186 1563 2268 Denique
1580 2197 1613 2249 et
1632 2186 1751 2250 Paulus

402 2291 435 2354 in
453 2291 587 2355 tertium
604 2291 733 2356 caelum
752 2300 883 2373 raptum
901 2311 936 2354 se
952 2310 1023 2354 esse
1038 2291 1128 2354 dicit.
1144 2289 1267 2354 Videte
1284 2290 1383 2372 igitur
1409 2301 1554 2380 quantus
1573 2290 1679 2372 fulgor
1694 2301 1753 2367 est,

404 2403 442 2458 ut
457 2392 587 2458 caelum
604 2395 685 2458 caeli
702 2396 754 2460 sit.
771 2395 816 2458 Et
832 2403 950 2471 cetera,
966 2413 1052 2476 quae
1067 2403 1231 2471 secuntur,
1247 2392 1335 2457 dixit
1350 2395 1393 2458 de
1408 2394 1601 2458 visibilibus.

447 2497 536 2577 Quia
553 2499 618 2580 ipse
632 2499 726 2576 dixit,
736 2509 767 2561 et
772 2501 869 2579 sacta
885 2508 968 2561 sunt.
985 2497 1047 2560 Dei
1064 2497 1206 2573 iussisse,
1220 2497 1334 2561 iecisse
1350 2507 1420 2562 est:
1438 2499 1612 2582 imperium
1630 2498 1754 2564 fabrica

403 2611 461 2666 est.
480 2601 568 2684 Quia
585 2605 655 2685 ipse
670 2603 767 2680 dixit,
783 2611 816 2666 et
832 2602 920 2666 facta
936 2611 1014 2666 sunt
1028 2625 1034 2665 :
1050 2603 1232 2665 secundum
1249 2601 1329 2666 illud
1348 2604 1437 2684 quod
1456 2605 1488 2666 in
1515 2604 1637 2668 Genesi
1653 2606 1752 2688 scrip·
1773 2631 1810 2670 ao

401 2714 472 2770 tum
489 2717 550 2784 est,
576 2707 619 2771 Et
645 2707 734 2772 dixit
762 2707 864 2784 Deus,
890 2716 923 2770 et
952 2707 1028 2770 iecit
1046 2705 1138 2768 Deus
1153 2729 1161 2770 ι
1176 2706 1239 2769 hoc
1263 2717 1323 2783 est,
1338 2707 1427 2770 dixit
1446 2707 1538 2772 Deus
1556 2709 1662 2786 Pater,
1678 2708 1753 2774 iecit

405 2811 497 2876 Deus
516 2811 627 2876 Filius.
645 2812 745 2876 Dicat
761 2811 880 2894 aliquis
896 2811 1007 2892 :Ergo
1033 2811 1137 2872 maior
1164 2819 1214 2874 est
1240 2810 1295 2872 ille
1319 2811 1375 2893 qui
1393 2811 1492 2887 iubet,
1509 2821 1541 2876 et
1558 2813 1667 2876 minor
1693 2815 1754 2877 iste

406 2915 457 2978 cui
475 2915 613 2980 iubetur.
632 2916 758 2979 Dicunt
785 2915 848 2977 hoc
874 2915 1018 2986 Arriani,
1034 2915 1149 2976 dicunt
1176 2913 1238 2976 hoc
1267 2914 1478 2992 Eunomiani‚
1494 2925 1526 2978 et
1551 2916 1668 2980 dicunt
1692 2916 1753 2980 hoc

410 3019 654 3084 Macedoniani.
666 3019 869 3102 Respondeo
885 3018 944 3081 tibi
956 3019 1137 3080 secundum
1155 3037 1287 3081 sensum
1305 3028 1409 3095 tuum,
1425 3039 1445 3080 o
1461 3017 1633 3083 haeretice.
1647 3020 1754 3086 Dicis:

405 3122 511 3186 maior
526 3133 577 3187 est
595 3123 693 3186 Pater
721 3123 775 3204 qui
793 3121 915 3198 iubeat,
931 3133 964 3185 et
991 3121 1099 3185 minor
1114 3132 1164 3185 est
1183 3123 1284 3186 Filius
1312 3123 1343 3184 in
1370 3144 1410 3186 eo
1438 3125 1528 3205 quod
1545 3123 1697 3188 iubeatur
1711 3126 1754 3189 ab
1775 3149 1811 3204 ²5

403 3224 469 3290 illo.
486 3225 523 3290 Si
539 3225 602 3289 hoc
619 3227 801 3289 secundum
819 3243 952 3288 sensum
970 3224 1165 3301 humanum,
1180 3227 1343 3307 responde
1360 3225 1439 3289 mihi
1453 3251 1460 3291 :
1476 3227 1555 3308 quid
1572 3237 1623 3291 est
1641 3229 1755 3305 maius,

404 3326 526 3403 iubere,
542 3347 584 3391 an
603 3327 733 3392 iacere?
751 3327 846 3405 Dico,
863 3327 939 3392 Fiat
964 3329 1085 3391 domus
1101 3352 1107 3392 :
1123 3336 1156 3391 et
1179 3328 1263 3390 alius
1279 3328 1357 3392 facit
1372 3331 1519 3393 domum.
1538 3330 1657 3393 Dicere
1673 3330 1754 3393 nihil

404 3429 531 3510 grande
547 3439 616 3494 est:
633 3429 739 3495 iacere
755 3429 897 3495 difficile.
915 3431 1023 3495 Maior
1039 3450 1118 3512 ergo
1135 3430 1189 3494 ille
1205 3432 1261 3514 qui
1280 3431 1366 3509 lacit,
1382 3453 1482 3516 quam
1500 3435 1556 3516 qui
1585 3437 1753 3516 praecipit.

404 3531 470 3596 Sed
488 3543 520 3596 et
537 3533 599 3596 hoc
616 3534 756 3616 impium
773 3542 842 3598 est:
859 3554 924 3598 non
942 3535 1029 3597 enim
1049 3534 1152 3597 Filius
1170 3535 1275 3597 maior
1289 3545 1339 3599 est
1357 3537 1461 3600 Patre.
1476 3536 1570 3601 Sicut
1586 3537 1674 3600 enim
1690 3536 1754 3600 boc

404 3636 543 3718 impium
557 3649 607 3702 est
623 3640 665 3702 de
684 3638 769 3702 Filio
795 3650 910 3702 contra
930 3639 1061 3702 Patrem
1091 3639 1233 3715 credere,
1249 3638 1295 3702 sic
1319 3648 1352 3703 et
1378 3640 1458 3702 illud
1477 3641 1616 3722 impium
1642 3650 1691 3704 est
1711 3641 1755 3704 de
1776 3669 1816 3720 30

404 3741 500 3805 Patre
517 3751 632 3808 contra
650 3742 770 3806 Filium
788 3744 928 3806 credere.
947 3740 1035 3820 Quia
1052 3742 1116 3824 ipse
1128 3741 1222 3819 deae't,
1237 3743 1370 3821 etfacta
1385 3743 1756 3827 scaet,·'iasemandavit,

436 3933 527 3995 aergo]
537 3933 605 3980 enim
620 3929 643 3998 D.
745 3945 759 3995 3
772 3928 936 3996 congemescit]
948 3933 1101 3994 congemescit
1115 3932 1156 3990 15,
1170 3931 1191 3980 C
1204 3947 1267 3981 corr.
1368 3943 1383 3990 4
1396 3932 1424 3978 e'n
1434 3930 1615 3992 liberationum]
1627 3932 1656 3979 in
1667 3931 1756 3980 lebera·

402 4013 467 4062 tione
479 4011 519 4080 DI.
590 4014 719 4081 filiarum]
731 4016 748 4065 S
758 4033 766 4075 ;
777 4031 904 4065 seruatam
918 4013 933 4079 D
945 4023 970 4063 et
982 4023 1029 4064 cet.
1116 4022 1129 4076 5
1142 4013 1274 4074 liberatur]
1286 4013 1435 4063 liberabitur
1446 4015 1457 4063 1
1471 4015 1507 4075 (bi
1517 4015 1575 4063 add.
1589 4029 1663 4064 manu
1675 4013 1755 4080 antiq.

401 4111 455 4160 sup.
470 4096 525 4156 lin).
629 4109 655 4145 11
667 4088 895 4160 passumus,'inter]
911 4096 1013 4145 llCom.
1028 4096 1102 4144 inlcr.
1206 4092 1337 4154 12lucenl]
1356 4097 1440 4154 codd;
1458 4097 1521 4145 lucet
1534 4094 1556 4162 D.
1654 4097 1758 4159 palem]

396 4185 493 4244 putatet
505 4181 534 4228 B.
606 4179 634 4228 16
642 4187 665 4228 at
675 4178 851 4239 Paulus1CG1
860 4180 891 4239 (C
902 4178 959 4227 add.
971 4179 1058 4242 usque)
1065 4195 1072 4236 ;
1080 4179 1200 4240 aposlolus
1210 4175 1276 4244 DBS.
1347 4175 1376 4225 18
1387 4177 1416 4226 de
1427 4177 1579 4238 visibilibus]
1585 4177 1615 4226 de
1621 4178 1696 4226 ieevis.
1704 4177 1755 4230 CS.

400 4273 429 4308 21
444 4261 515 4310 Deus
527 4261 614 4322 Pater]
626 4261 643 4312 S
656 4277 705 4310 om.
721 4261 799 4310 Deus.
900 4272 930 4308 22
944 4261 1012 4308 Deus
1026 4260 1119 4321 Filius]
1139 4258 1190 4325 DBI
1205 4275 1253 4308 non
1267 4265 1344 4322 repet.
1360 4259 1438 4308 Deus.
1539 4272 1570 4322 23
1583 4259 1757 4322 Eunaueiom‘]

400 4343 579 4392 eunaaeiniani
590 4343 618 4402 B,
633 4343 654 4392 C
666 4357 730 4402 corr,
745 4343 766 4392 G
781 4343 822 4403 (ni
832 4343 890 4392 add.
905 4359 958 4406 sup.
974 4343 1040 4402 lin).
1109 4353 1139 4404 25
1152 4340 1244 4401 iuleat]
1258 4339 1320 4407 DBG
1333 4359 1339 4400 ;
1352 4341 1418 4390 iudei
1430 4342 1479 4392 CS.
1556 4342 1622 4405 quod
1630 4341 1757 4404 iubeatur]

400 4439 423 4488 p.
437 4424 462 4472 ei
474 4423 491 4473 i.
507 4424 518 4473 1
531 4442 537 4481 ς
550 4441 565 4474 a
578 4423 603 4474 in
616 4425 636 4474 C
649 4432 773 4488 expuncta
785 4433 830 4474 est.
931 4423 963 4472 26
975 4423 1128 4484 luccianum]
1142 4421 1156 4492 D
1167 4423 1239 4473 inser.
1251 4423 1348 4485 accipis.
1449 4422 1481 4472 28
1491 4421 1599 4488 difficile]
1611 4424 1632 4474 C
1644 4424 1755 4474 addest.

441 4594 468 4647 4.
486 4571 558 4654 Dei]
574 4576 661 4634 Rom.
680 4579 707 4647 8,
726 4595 770 4634 22.
791 4594 834 4650 19.
1151 4591 1193 4648 17.
1209 4575 1240 4631 in
1260 4576 1376 4631 lectiam
1401 4573 1521 4658 caelum]
1548 4577 1646 4636 eCot.
1667 4597 1710 4643 12.
1731 4600 1755 4638 2.

442 4675 468 4734 9.
484 4653 597 4736 inpios]
615 4657 721 4716 blattb.
739 4674 765 4732 5,
782 4673 829 4734 45.
