4154 5494
603 431 859 494 TRACTATUS
882 435 939 492 DE
962 435 1130 497 PSALMO
1152 436 1244 496 CXV.
1529 432 1609 514 215

260 670 371 714 verum
385 660 455 727 est,
471 670 557 732 ergo·
576 659 609 712 et
639 651 709 732 ipse
734 651 913 716 mentitur:
928 663 961 715 et
990 653 1060 734 ipse
1087 653 1191 716 homo
1207 659 1265 713 est.
1283 649 1319 715 Si
1340 659 1452 713 antem
1480 659 1515 712 et
1541 649 1611 730 ipse

260 755 520 838 mentitur,ergo
546 755 611 818 hoc
637 756 727 838 quod
755 756 854 828 dixit.
870 757 991 822 Omnis
1015 757 1118 822 homo
1146 757 1303 832 mendax,
1319 775 1384 817 non
1413 763 1463 818 est
1489 773 1612 816 verum.

259 858 586 943 Quomodocumque
613 859 758 936 verteris,
774 859 806 922 in
834 861 1035 924 contrarium
1054 863 1151 926 venit.
1169 861 1215 924 Et
1235 859 1394 942 quoniam
1423 858 1493 938 ipse
1511 855 1612 920 horno

259 973 317 1040 est,
333 983 413 1046 ergo
430 963 551 1045 etipse
569 962 743 1025 mentitur:
755 972 813 1026 aut
828 961 855 1024 si
873 964 1032 1028 mentitur
1047 965 1136 1046 quod
1154 962 1377 1027 omnishomo
1391 962 1536 1025 mendax
1553 973 1613 1036 est,

222 1085 338 1149 sergo
364 1067 431 1130 alio
457 1085 580 1149 genere
606 1066 774 1129 mentitur.
798 1065 930 1130 Videtis
957 1087 1037 1149 ergo
1053 1068 1131 1150 quia
1156 1065 1340 1150 syllogismi
1365 1077 1442 1128 sunt
1467 1065 1612 1146 philoso-

259 1172 410 1255 phorum.
428 1169 583 1253 Denique
599 1170 782 1232 secundum
808 1169 894 1232 hanc
922 1173 1121 1236 sententiam
1151 1171 1279 1236 texitur
1295 1168 1509 1251 syllogismus
1538 1167 1612 1230 Ari·

259 1274 396 1338 stotelis.
425 1273 580 1356 Denique
607 1283 643 1336 tu
670 1273 752 1336 dicis
778 1309 822 1320 -
848 1273 982 1356 loquere
1009 1275 1051 1338 ad
1080 1275 1221 1339 alterum
1243 1298 1307 1339 -—:
1335 1274 1371 1339 Si
1399 1273 1557 1349 mentiris,
1579 1282 1613 1335 et

258 1397 372 1442 verum
389 1378 472 1441 dicis
503 1377 593 1459 quod
619 1375 788 1440 mentiris:
804 1397 884 1459 ergo
911 1379 1068 1442 mentiris.
1087 1379 1212 1445 Videte
1228 1380 1398 1463 quomodo
1427 1377 1460 1440 in
1482 1385 1612 1441 contra-

259 1483 343 1546 rium
376 1482 515 1546 vertitur
547 1479 721 1544 sententia.
747 1478 836 1563 Quid
862 1481 950 1544 enim
977 1481 1084 1545 dicit?
1110 1482 1193 1547 Otu
1222 1485 1278 1566 qui
1304 1502 1433 1546 mecum
1461 1481 1613 1564 loqueris,

209 1607 243 1648 ro
259 1587 286 1650 si
304 1584 462 1662 mentiris,
478 1592 511 1648 et
528 1601 642 1646 verum
659 1582 742 1645 dicis
757 1583 821 1647 hoc
836 1583 945 1666 ipsum
963 1587 1052 1668 quod
1071 1586 1219 1650 mentiris
1234 1611 1240 1652 :
1257 1607 1337 1668 ergo
1354 1585 1512 1660 mentiris,
1528 1593 1561 1648 et
1579 1585 1610 1646 in

259 1690 377 1756 eodem
402 1707 554 1752 sermone
570 1685 607 1750 fit
624 1696 660 1750 ut
677 1706 789 1750 verum
807 1689 896 1752 dicat
912 1698 945 1752 et
963 1691 1152 1754 mentiatur.
1169 1689 1348 1770 Propterea
1365 1688 1487 1751 lectum
1511 1698 1563 1750 est
1581 1689 1613 1750 in

260 1793 423 1876 apostolo:
439 1796 455 1855 ⁸.
463 1790 587 1855 Videte
609 1809 650 1853 ne
666 1791 739 1872 quis
753 1809 813 1853 vos
828 1789 975 1873 decipiat
994 1811 1052 1874 per
1068 1791 1316 1874 philosophiam
1330 1802 1364 1854 et
1381 1811 1499 1854 ranam
1518 1793 1614 1854 dece-

260 1897 408 1980 ptionem
421 1894 595 1958 hominum
607 1893 790 1956 secundum
807 1893 972 1957 elementa
986 1896 1101 1958 mundi
1114 1895 1132 1958 ’.
1149 1895 1353 1958 Invenerunt
1366 1895 1454 1958 enim
1468 1895 1612 1976 philoso-

260 2001 316 2084 phi
333 2021 393 2064 sua
408 1999 607 2081 deceptione
624 2009 657 2062 et
674 1998 808 2080 propria
831 2007 910 2075 arte,
926 2001 1097 2081 quomodo
1123 1999 1154 2062 in
1182 1999 1301 2064 eodem
1319 2018 1472 2062 sermone
1488 2009 1521 2062 et
1538 2019 1615 2062 vera

212 2129 241 2184 ις
260 2105 440 2187 quisdicat
456 2114 489 2166 et
508 2103 696 2166 mentiatur.
713 2100 783 2164 Nos
808 2111 920 2167 autern
948 2102 1099 2166 dicamus
1134 2101 1245 2168 David
1271 2123 1348 2166 vera
1373 2104 1508 2179 dixisse,
1523 2104 1612 2186 quod

260 2211 370 2276 omnis
402 2209 505 2274 homo
537 2209 694 2272 mendax.
722 2205 892 2288 Quamdiu
917 2205 1070 2270 homines
1094 2227 1218 2284 sumus,
1247 2208 1447 2270 mentimur:
1479 2207 1613 2289 quando

260 2326 371 2379 autem
392 2313 550 2378 fuerimus
565 2313 621 2389 dii,
636 2311 820 2375 desinimus
837 2309 978 2374 mentiri.
994 2315 1001 2341 ⁸
1019 2309 1087 2374 Ubi
1112 2311 1201 2374 enirn
1219 2321 1297 2376 sunt
1324 2311 1565 2375 aemulationes
1581 2319 1615 2374 et

260 2418 494 2483 contentiones
511 2417 542 2480 in
561 2436 629 2493 vos,
646 2434 755 2478 nonne
771 2413 924 2478 homines
940 2414 1029 2492 estis,
1044 2424 1078 2479 et
1104 2415 1288 2480 secundum
1305 2415 1476 2480 hominem
1499 2417 1615 2479 ambu-

261 2520 383 2586 latisl’
406 2522 506 2603 'Ego
532 2521 628 2584 dixi:
652 2519 698 2583 dii
725 2519 815 2597 estis,
839 2528 873 2583 et
901 2517 957 2582 filii
984 2519 1120 2583 Excelsi
1148 2539 1276 2584 omnes.
1292 2518 1364 2582 Vos
1391 2529 1502 2582 autern
1529 2519 1615 2583 sicut

209 2653 243 2690 ιο
260 2626 413 2690 homines
435 2623 631 2699 moriemini,
647 2634 680 2688 et
702 2623 787 2688 sicut
804 2643 889 2688 unus
908 2625 952 2688 de
975 2625 1181 2708 principibus
1196 2625 1323 2690 cadetis
1341 2624 1354 2688 '.
1373 2624 1409 2690 Si
1426 2625 1500 2708 quis
1516 2625 1616 2707 igitur

260 2739 395 2794 sanctus
411 2737 471 2804 est,
488 2726 571 2790 deus
586 2723 742 2805 efficitur;
754 2736 788 2791 et
800 2730 936 2811 quando
948 2728 1055 2792 lactus
1067 2727 1166 2792 fuerit
1182 2730 1274 2806 deus,
1289 2729 1411 2793 desinit
1421 2749 1493 2792 esse
1504 2729 1617 2803 horno,

260 2844 294 2898 et
311 2833 375 2898 iarn
401 2851 468 2896 non
487 2831 654 2894 mentitur.
671 2830 760 2913 Quid
778 2832 867 2896 enim
883 2833 964 2896 dicit
989 2843 1022 2896 et
1047 2832 1246 2916 apostolus?
1262 2837 1269 2865 ¹
1287 2833 1361 2896 Fiat
1378 2842 1490 2896 autem
1507 2834 1616 2896 omnis

260 2939 363 3003 horno
379 2937 540 3014 mendax,
557 2935 650 3000 Deus
666 2946 777 2998 autem
794 2955 897 2999 verax
915 2936 930 3000 ’.

306 3043 566 3124 Interpretemur
597 3050 630 3102 et
655 3039 757 3101 aliter.
785 3037 925 3118 Credidi,
935 3050 1066 3122 propter
1090 3039 1177 3121 qnod
1196 3040 1320 3104 locutus
1344 3060 1427 3104 sum.
1455 3039 1617 3122 Magister

211 3173 242 3227 25
260 3147 396 3229 quando
408 3145 506 3209 docet
522 3143 733 3224 discipulum,
743 3143 804 3204 nisi
823 3144 910 3224 prior
926 3145 997 3224 ipse
1012 3144 1189 3206 crediderit
1200 3144 1291 3225 quod
1303 3143 1412 3220 docet,
1426 3162 1491 3206 non
1505 3155 1617 3226 potest

261 3251 401 3315 alterum
417 3248 545 3311 docere.
564 3246 655 3309 Dicit
670 3265 751 3327 ergo
765 3245 909 3327 primum
925 3265 961 3309 se
973 3245 1161 3324 credidisse,
1170 3256 1204 3310 et
1221 3249 1269 3310 sic
1286 3246 1387 3310 alium
1405 3247 1533 3311 docere.
1546 3247 1617 3331 Ego

261 3363 368 3418 autem
383 3351 581 3414 humiliatus
594 3369 669 3412 seem
684 3348 792 3412 reinee's.
809 3348 955 3432 Quando
982 3361 1093 3412 autem
1111 3350 1257 3432 adeptus
1283 3372 1356 3415 suin
1383 3353 1524 3433 gratiam
1545 3352 1618 3428 Dei,

298 3561 307 3596 t
320 3553 345 3596 el
352 3546 443 3612 ipsein]
453 3547 516 3610 quie
524 3547 605 3609 etipse
612 3543 636 3593 k.
645 3542 669 3611 β.
739 3557 753 3608 3
765 3545 1072 3609 Quoueodoceeumm]corlrl
1082 3561 1272 3610 ;qn0qutemque
1281 3546 1305 3613 β.
1374 3563 1390 3607 4
1401 3555 1447 3595 ou!
1455 3549 1479 3594 si
1487 3548 1619 3608 reuertitur]

262 3643 311 3678 em
327 3627 352 3695 β.
454 3626 629 3690 saliolaltere
643 3625 663 3674 l.
764 3624 949 3684 6sententr'am]
965 3628 1094 3676 scientiam
1113 3628 1159 3676 Gl.
1263 3625 1395 3692 Jiopuere]
1412 3630 1616 3692 loquensCarn.

262 3730 316 3780 sup.
331 3715 374 3764 lin.
475 3713 671 3774 8verum1uere
684 3707 752 3757 lSG.
850 3719 866 3766 9
880 3707 951 3768 One]
966 3705 1000 3772 β,
1021 3707 1063 3756 lior
1074 3716 1103 3756 tu
1115 3710 1182 3758 CSG
1196 3707 1241 3768 (cl.
1257 3725 1331 3772 snpra
1352 3725 1376 3772 p.
1395 3720 1448 3768 172,
1469 3711 1484 3758 l.
1500 3722 1524 3772 3,
1539 3709 1581 3758 ubi
1593 3710 1619 3758 in

262 3798 336 3848 codd.
352 3796 416 3847 BSG
429 3795 471 3844 hoc
481 3811 522 3844 vor
534 3811 580 3860 pro
591 3810 604 3844 o
615 3808 656 3841 vos
676 3789 767 3854 pariter
789 3789 907 3852 legitur);
927 3789 976 3836 lruc
995 3805 1035 3838 vos
1056 3789 1181 3848 B;1om.
1196 3808 1218 3841 o.
1325 3805 1350 3840 11
1365 3791 1465 3852 lectum]
1484 3793 1578 3842 dictum
1592 3795 1617 3843 S.

267 3891 295 3941 14
305 3879 362 3940 sua]
378 3865 451 3928 suani
464 3879 498 3936 S:
516 3892 575 3925 suas
596 3873 620 3942 β.
720 3873 864 3936 deceptione]
883 3874 1042 3938 deceptionem
1064 3875 1123 3932 SG;
1144 3875 1296 3939 deceptiones
1308 3875 1332 3942 β.
1433 3887 1455 3925 ce
1462 3875 1578 3941 preprr‘o}
1589 3893 1621 3925 ex

260 3962 365 4025 propria
378 3957 402 4028 β.
484 3957 513 4007 18
525 3959 553 4007 in
564 3952 617 4012 ves]
628 3957 656 4004 in
667 3955 734 4004 vobis
747 3953 770 4022 β.
856 3968 887 4004 22
899 3971 949 4004 eron
961 3956 1094 4016 merentur]
1106 3957 1171 4006 codd
1184 3974 1191 4014 ;
1208 3955 1223 4022 β
1237 3975 1286 4006 orn.
1301 3957 1469 4022 negationem.
1549 3960 1620 4020 Fiat]

256 4051 298 4120 'est
310 4041 334 4112 β.
436 4053 466 4105 25
473 4037 557 4106 perer]
564 4039 641 4103 prius
653 4038 684 4086 G.
786 4035 817 4084 26
828 4035 947 4096 alterurn]
958 4038 1034 4085 aliter
1045 4037 1077 4086 G.

308 4227 333 4287 5.
360 4212 419 4270 alio
439 4227 538 4286 genere
562 4201 712 4285 incutitur]
729 4205 854 4264 Hieron.
882 4203 911 4261 in
964 4204 1016 4280 qui
1038 4203 1175 4280 loquitur,
1194 4223 1232 4263 ne
1255 4205 1313 4263 hoc
1329 4205 1452 4281 quidem
1475 4205 1557 4278 quod
1580 4203 1619 4260 nit

270 4293 376 4369 Ephes.
397 4311 421 4364 1,
439 4311 474 4350 22
494 4309 537 4364 sq.
555 4292 562 4319 ¹
579 4289 616 4346 Et
632 4287 700 4346 alibi
722 4287 787 4360 Ego
800 4285 868 4343 dixi
880 4285 911 4343 r‘u
965 4304 1065 4344 verum
1081 4299 1133 4357 est,
1150 4305 1274 4346 omnem
1291 4286 1445 4346 hominem
1461 4303 1525 4344 esse
1541 4305 1620 4343 nten-

267 4393 376 4433 excersu
390 4373 491 4431 neentis
516 4388 600 4439 meae,
619 4368 722 4427 Omnis
735 4369 817 4426 horreo
839 4386 913 4424 uren-
964 4369 1070 4426 dacem
1085 4370 1101 4427 '.

269 4455 336 4515 dex.
361 4458 422 4514 Aut
450 4450 530 4527 enirn
555 4467 656 4528 verum
680 4461 724 4507 est
746 4449 804 4506 hoc
829 4448 911 4524 quod
1010 4468 1053 4523 13.
1071 4445 1189 4528 mrendr']
1205 4449 1319 4509 Coloss.
1340 4469 1364 4514 2,
1381 4451 1407 4506 8.

270 4535 350 4609 dixit,
365 4548 416 4595 aut
431 4536 546 4610 talsurn.
569 4531 600 4591 Si
614 4528 713 4590 omnis
727 4529 819 4588 homo
834 4545 915 4587 men·
962 4595 965 4604 Ι
1010 4539 1054 4588 ru.
1069 4526 1263 4607 ambulanti]
1284 4549 1293 4585 r
1314 4529 1383 4588 Cor.
1400 4549 1427 4605 3,
1445 4549 1470 4603 3.

270 4616 328 4675 dax
341 4629 395 4690 est,
410 4633 482 4692 ergo
506 4613 634 4672 mendax
658 4623 706 4670 est·
725 4621 754 4669 et
777 4608 839 4687 ipse
862 4607 914 4684 qui
1009 4629 1053 4668 20.
1069 4607 1184 4690 cadens]
1203 4613 1248 4668 Ps.
1266 4611 1316 4680 81,
1332 4613 1350 4666 6
1366 4630 1409 4686 sq.

272 4697 408 4774 loquitur.
424 4695 456 4754 Si
470 4705 569 4753 autem
595 4692 724 4752 mendax
748 4703 793 4750 est
806 4701 836 4749 et
851 4687 915 4766 ipse
1009 4710 1023 4747 2
1028 4711 1054 4766 ³·
1071 4687 1174 4770 verax]
1190 4693 1278 4750 Rern.
1297 4709 1324 4765 3,
1341 4710 1369 4761 4.
