4112 5496
253 405 308 490 xx]
591 412 963 475 COMMENTARIOLI
993 415 1040 474 IN
1071 416 1268 478 PSALMOS.
1557 417 1605 500 31

256 653 332 710 nos
353 627 397 710 in
421 628 519 738 ipso
542 654 677 711 unum
700 655 863 711 sumus.
887 629 1228 740 Posuistisaper
1245 639 1379 743 capat
1397 632 1614 718 eiascoro-

253 791 355 847 nam
390 766 443 848 de
477 767 624 876 lapide
647 767 850 876 pretiosa.
891 768 1062 852 Corona
1099 769 1291 867 Domini,
1329 770 1529 852 ecclesiae
1563 797 1616 853 ex

251 904 385 988 variis
405 903 611 1016 gentibus
632 905 909 1016 congregatio
929 915 1005 1005 est,
1029 905 1083 988 de
1103 933 1189 1018 qua
1226 909 1387 1007 Paulus
1409 909 1491 992 sub
1521 936 1613 1020 per-

250 1069 361 1126 sona
381 1042 648 1126 credentium
668 1042 748 1127 ait:
775 1053 783 1084 ‘
807 1043 1028 1128 Gaudium
1050 1072 1207 1147 meum,
1231 1058 1273 1130 et
1293 1074 1449 1130 corona
1475 1072 1569 1132 mea
1590 1049 1609 1132 ’.

211 1203 229 1256 s
254 1179 414 1261 Vitam
424 1177 602 1289 peterit,
624 1186 668 1263 et
686 1181 848 1264 dedr'sti
864 1181 914 1265 ei.
942 1182 1005 1267 Ut
1026 1182 1158 1267 homo
1180 1198 1377 1268 mortuus
1397 1197 1474 1286 est,
1497 1199 1539 1269 et
1565 1199 1613 1269 ut

249 1315 385 1400 homo
399 1317 644 1402 resurrexit:
665 1319 784 1402 Deus
798 1321 958 1431 quippe
970 1321 1104 1405 vitam
1121 1323 1339 1434 postulare
1356 1350 1442 1407 non
1457 1324 1608 1433 potuit.

247 1455 590 1564 Longitudiaern
611 1456 784 1541 dieram
805 1458 851 1540 ia
871 1459 1089 1542 saeculam
1118 1460 1289 1544 saecali.
1325 1461 1465 1573 Impia
1485 1489 1611 1573 syna-

245 1619 365 1704 goga
396 1593 614 1704 conticeat.
641 1595 752 1704 Quis
773 1594 1000 1680 hominum
1030 1597 1139 1682 vivit
1171 1599 1214 1680 in
1245 1600 1463 1684 saeculum
1494 1614 1535 1684 et
1566 1601 1609 1683 in

247 1731 465 1814 saeculum
498 1732 679 1817 saeculi?
702 1733 845 1818 David
866 1746 908 1817 et
930 1734 1139 1819 Salomon
1162 1765 1248 1820 non
1269 1739 1457 1850 amplius
1478 1767 1609 1850 quarn

191 1902 228 1940 10
247 1868 542 1981 quadragenis
577 1873 704 1957 annis
740 1887 1037 1985 regnaverunt.
1072 1877 1245 1984 Magna
1271 1877 1417 1985 gloria
1437 1876 1531 1960 eias
1563 1878 1609 1959 irr

244 2009 446 2091 salutari
463 2015 547 2093 tao,
571 2011 805 2121 Impletum
821 2025 887 2095 est
903 2012 1020 2123 quod
1038 2012 1129 2123 ipse
1151 2014 1193 2096 in
1215 2015 1440 2126 evangelio
1461 2027 1609 2126 postu-

246 2149 373 2232 lavit:
398 2156 406 2188 ‘
430 2150 568 2249 Pater,
604 2149 797 2262 glorifica
830 2177 897 2235 me
928 2150 1043 2261 apud
1079 2153 1357 2262 temetipsum
1379 2155 1399 2238 '.
1423 2155 1608 2264 Laetifi-

245 2288 368 2370 cabis
386 2315 484 2371 eum
504 2286 550 2370 ia
565 2289 731 2396 gaudio
750 2316 848 2372 cara
872 2290 999 2372 valta
1030 2295 1113 2373 tao.
1142 2292 1240 2375 Hoc
1259 2304 1340 2375 est:
1364 2293 1443 2376 erit
1465 2305 1606 2378 tecum

247 2452 419 2536 semper
451 2425 494 2508 in
517 2426 655 2510 caelis.
690 2426 811 2533 Quia
844 2454 924 2510 rex
955 2432 1106 2537 sperat
1125 2428 1170 2510 in
1206 2431 1402 2515 Danaae.
1443 2432 1607 2516 Secun-

192 2593 226 2646 15
245 2563 356 2647 dum
395 2565 585 2675 corporis
626 2563 1005 2676 dispensationem.
1055 2568 1256 2649 Dextera
1295 2573 1375 2650 taa
1410 2568 1607 2653 inveniat

245 2729 392 2785 ornnes
410 2703 601 2786 odientes
634 2707 685 2786 te.
723 2702 873 2785 Nimia
892 2702 1117 2786 clementia
1140 2705 1332 2807 Domini,
1356 2733 1455 2790 cum
1476 2709 1605 2792 etiam

247 2839 450 2924 inimicos
485 2866 589 2923 suos
622 2839 816 2924 invenire
847 2839 1073 2924 desiderat.
1110 2842 1306 2942 Domine,
1345 2845 1391 2925 ia
1426 2847 1497 2930 ira
1525 2851 1605 2929 taa

244 2979 522 3062 conturbabis
552 3004 629 3061 eos.
672 2959 731 3059 Et
763 2976 832 3060 hic
867 2978 1093 3062 clementia
1127 2979 1209 3061 Dei
1245 3008 1329 3063 non
1368 2984 1504 3092 punit,
1528 2985 1604 3067 sed

245 3115 405 3216 turbat,
428 3128 476 3199 ut
496 3115 550 3199 ad
572 3115 880 3226 paenitentiam
902 3129 1215 3201 convertantur.
1247 3120 1316 3201 Et
1335 3121 1521 3204 comedet
1539 3150 1607 3208 eos

191 3293 227 3330 ω
245 3255 374 3364 ignis
401 3255 491 3337 Iste
511 3254 627 3366 ignis
648 3265 724 3354 est,
752 3252 805 3336 de
837 3281 924 3363 quo
959 3254 1179 3337 Dominus
1207 3255 1253 3337 ¹in
1274 3258 1499 3368 evangelio
1518 3261 1603 3344 ait:

248 3393 421 3505 ‘Ignem
434 3393 534 3477 veni
549 3390 715 3474 mittere
729 3417 858 3502 super
870 3402 1088 3494 terram,et
1101 3420 1232 3502 quam
1246 3393 1346 3478 volo
1358 3407 1405 3478 ut
1420 3396 1567 3480 ardeat
1582 3399 1600 3481 '.

250 3532 320 3614 De
339 3530 419 3615 hoc
441 3532 540 3643 igne
560 3542 602 3613 et
623 3529 722 3629 duo,
746 3527 905 3638 quibus
924 3527 965 3610 in
985 3529 1135 3614 itinere
1156 3531 1388 3641 scripturas
1404 3533 1606 3619 Salvator

245 3669 426 3780 aperuit,
458 3667 682 3751 dicebant:
708 3674 716 3706 ⁴
743 3667 900 3750 Nonne
930 3695 1001 3750 cor
1030 3679 1229 3752 nostrum
1261 3683 1351 3754 erat
1371 3672 1528 3756 ardens
1559 3675 1602 3758 in

245 3807 330 3904 via,
367 3832 466 3888 curn
500 3805 683 3916 aperiret
719 3804 845 3888 nobis
881 3805 1141 3915 scripturas?
1167 3809 1175 3836 '
1200 3808 1255 3890 la
1291 3808 1488 3917 reliquiis
1513 3813 1605 3896 tais

186 3983 222 4036 ις
235 3944 532 4056 praeparabis
551 3944 722 4028 valtarn
742 3969 899 4026 eorarrr.
926 3943 1010 4027 Pro
1031 3943 1236 4056 reliquiis,
1260 3947 1303 4028 in
1327 3947 1508 4032 hebraeo
1526 3957 1534 3990 ⁴
1559 3950 1601 4033 in

276 4141 329 4199 5et
340 4141 369 4182 ut
379 4133 459 4194 homo]
472 4133 507 4193 C;
519 4131 697 4183 coniunctior!
709 4130 733 4180 in
746 4129 818 4198 ΑΜβ
830 4131 931 4192 omissa,
945 4131 971 4180 in
985 4132 1069 4197 Esup.
1084 4131 1128 4183 lin.
1140 4133 1226 4184 addila
1234 4141 1279 4185 est.
1384 4149 1414 4186 ro
1424 4136 1603 4202 quadragenis]

241 4215 357 4284 ΕΑΜβ;
392 4221 448 4265 xre
461 4216 491 4266 C.
596 4213 713 4278 rrqrrod]
724 4213 818 4263 dr'ctum
828 4214 886 4263 add.
898 4213 928 4274 C,
938 4215 1006 4279 quod
1020 4223 1104 4264 tamen
1113 4231 1171 4265 mox
1180 4223 1333 4281 expunctum
1346 4225 1392 4268 est.
1497 4220 1606 4282 rzapud

238 4297 616 4368 temetr'psun11apudrrretipsurrr
626 4297 655 4346 E.
726 4295 973 4364 14speratlllAMp3
1005 4299 1294 4363 speravithumRom.
1307 4300 1383 4350 Psalt.
1455 4301 1604 4362 rsDextera

236 4385 298 4447 tua]
310 4384 366 4435 AM
380 4383 440 4432 add.
454 4381 572 4431 Domine.
676 4376 704 4427 16
715 4378 808 4440 ornnes]
821 4379 912 4438 Eunu
924 4395 974 4430 om.
989 4379 1019 4430 C.
1121 4394 1153 4441 24
1165 4381 1293 4445 reliquiis]
1304 4381 1410 4444 reliquis
1424 4381 1453 4430 E.

280 4551 308 4606 4
332 4545 439 4588 corona
454 4518 530 4603 raca]
546 4520 673 4599 Philipp.
689 4539 718 4592 4,
736 4539 760 4580 1.
992 4541 1035 4594 ²4·
1059 4520 1230 4603 scripturas]
1248 4526 1318 4582 Luc.
1338 4544 1384 4596 24,
1401 4545 1448 4600 32.

284 4631 330 4672 12.
354 4599 546 4684 temetipsum]
563 4605 645 4663 loun.
667 4622 710 4676 η,
729 4618 755 4678 5.
990 4621 1034 4679 ²5·
1058 4606 1090 4663 ia
1105 4604 1384 4664 bebraeo‘inbaais’
1399 4605 1496 4687 babet]
1509 4609 1599 4666 Hanc

279 4716 328 4756 21.
352 4683 471 4768 ardeat]
488 4689 560 4746 Luc.
581 4705 625 4758 12,
642 4703 687 4760 49.
948 4683 1106 4745 lectionem
1130 4705 1276 4762 nusquam
1292 4686 1510 4779 alibiflnotaram
1522 4688 1601 4748 inve·
