4202 5492
595 423 850 486 runcrnrus
874 424 932 482 on
953 424 1122 484 rsuuuo
1145 421 1302 482 Lxxxn.
1573 403 1623 484 81

668 693 743 766 DE
763 693 988 767 PSALMO
1013 692 1223 766 LXXXII.

316 907 408 970 Deus
422 905 497 989 qur's
511 905 633 968 similis
647 903 710 966 erit
724 904 819 968 noi?
836 903 923 986 Quia
946 904 1054 969 nullus
1078 902 1261 968 estsimilis
1282 903 1352 980 tibi,
1376 903 1503 968 nullum
1526 903 1628 967 alium

274 1019 442 1074 auctorem
460 1009 522 1074 nisi
547 1017 581 1074 te
607 1010 805 1091 quaerimus.
821 1009 873 1072 Ne
896 1018 1001 1073 turcus
1016 1031 1114 1091 noque
1128 1007 1321 1092 conpescaris
1336 1007 1435 1074 Deus.
1453 1007 1524 1071 Nos
1541 1017 1628 1071 tace-

275 1132 357 1189 rnus,
373 1121 408 1176 tu
435 1132 494 1196 pro
522 1111 617 1176 nobis
644 1111 787 1195 loquere.
807 1113 889 1177 Iusti
917 1134 985 1176 vox
1008 1123 1077 1178 est:
1095 1114 1149 1198 qui
1167 1114 1256 1189 dicit,
1282 1113 1400 1195 Neque
1416 1109 1627 1194 conpescaris

243 1238 257 1288 5
275 1216 378 1294 Deus,
392 1217 435 1280 de
452 1217 577 1280 iustitia
594 1237 655 1280 sua
671 1236 803 1279 securus
820 1226 879 1280 est.

320 1319 482 1397 Quoniam
493 1339 556 1382 ecce
571 1319 701 1382 inimici
715 1320 767 1383 tui
782 1329 987 1383 sonaverunt.
1006 1321 1185 1384 Possumus
1202 1323 1385 1384 secundum
1403 1319 1624 1402 tropologiam

273 1424 315 1487 de
327 1422 465 1487 ecclesia
477 1424 687 1504 interpretari
697 1435 730 1487 et
743 1424 942 1488 haeresibus.
956 1425 1133 1488 Possumus
1150 1437 1262 1489 autem
1280 1425 1463 1488 secundum
1480 1422 1625 1506 litteram

274 1526 480 1610 interpretari
496 1527 539 1591 de
555 1526 682 1610 populo
699 1528 899 1592 ludaeorum
916 1529 1007 1592 etde
1023 1529 1139 1592 ceteris
1154 1530 1320 1612 gentibus,
1340 1527 1470 1613 quaein
1488 1527 1625 1590 circuitu

273 1632 515 1714 expugnabant
544 1631 713 1694 Iudaeam.
734 1631 896 1712 Quoniam
920 1653 982 1696 ecce
998 1632 1127 1696 inimici
1148 1633 1201 1696 tui
1224 1642 1429 1698 sonaverunt.
1449 1630 1575 1694 Vocem
1593 1640 1625 1692 et

229 1762 257 1798 ro
273 1735 514 1801 detractionem
545 1734 819 1822 adversariorum,
849 1737 994 1800 sonitum
1028 1737 1131 1800 voluit
1158 1736 1335 1820 appellare.
1373 1733 1536 1812 Quoniam
1566 1753 1629 1794 ecce

274 1839 401 1904 inimici
415 1840 466 1904 rui
478 1847 683 1904 sonaverunt.
702 1839 823 1903 Videte
838 1841 917 1923 quid
929 1841 1038 1904 dicat:
1054 1851 1266 1916 sonaverunt,
1283 1839 1345 1902 hoc
1361 1848 1412 1902 est
1427 1837 1522 1920 quasi
1535 1855 1626 1918 cym-

273 1944 385 2008 balum
399 1944 552 2020 tinniens,
568 1943 615 2006 sic
630 1953 832 2006 sonaverunt
848 1944 981 2007 auribus
999 1945 1091 2008 meis.
1107 1944 1218 2009 Sonus
1231 1943 1361 2026 proprie
1377 1941 1517 2004 dicitur:
1534 1939 1626 2002 audi-

273 2057 326 2111 tur
342 2048 601 2114 tantuummodo
617 2068 728 2124 sonus,
744 2059 777 2112 et
793 2069 861 2111 vox
879 2069 944 2112 non
962 2048 1172 2130 intellegitur.
1187 2048 1276 2131 Ergo
1289 2045 1377 2130 quod
1390 2045 1479 2122 dicit,
1491 2044 1554 2107 hoc
1567 2053 1625 2106 est.

275 2149 328 2213 Illi
354 2151 490 2234 quidem
514 2150 744 2234 loquebantur,
760 2153 854 2234 quasi
883 2152 1039 2217 volebant
1066 2174 1119 2216 me
1135 2172 1291 2236 arguere:
1307 2163 1454 2216 ceterum
1470 2170 1535 2231 ego
1559 2169 1623 2212 non

229 2279 255 2332 ις
272 2255 367 2339 quasi
385 2274 511 2332 vocem,
526 2256 585 2319 sed
611 2255 705 2338 quasi
732 2277 851 2320 sonum
880 2258 1067 2322 audiebam.
1082 2257 1131 2320 Er
1156 2258 1215 2339 qui
1236 2256 1373 2320 odomut
1397 2264 1427 2318 te
1441 2253 1627 2318 extuderunt

272 2367 373 2442 caput.
390 2357 513 2422 Videte
539 2357 619 2440 quid
647 2359 745 2422 dicat.
774 2359 864 2442 Ergo
881 2361 937 2442 qui
965 2360 1071 2424 elevat
1098 2370 1198 2441 caput
1217 2361 1288 2423 odit
1306 2361 1425 2422 Deum.
1442 2364 1449 2390 ‘
1467 2357 1626 2440 Superbis

273 2465 361 2527 enim
380 2463 472 2526 Deus
500 2463 630 2539 resistit,
645 2457 826 2526 humilibus
851 2473 963 2528 autem
980 2465 1040 2528 dat
1055 2466 1197 2547 gratiam
1209 2463 1224 2527 ’.
1242 2461 1288 2526 Er
1301 2463 1360 2546 qui
1372 2456 1509 2525 oderunt
1530 2471 1560 2524 te
1574 2481 1625 2524 ex·

274 2570 418 2631 tulmrnt
442 2576 545 2650 caput.
573 2567 609 2631 Si
637 2569 772 2650 quando
799 2566 902 2631 habes
918 2580 1034 2631 contra
1062 2568 1217 2650 aliquem,
1233 2569 1259 2630 si
1287 2567 1347 2630 tibi
1364 2566 1509 2629 detrahit
1524 2565 1624 2628 irater

273 2683 358 2750 tuus,
373 2681 404 2736 et
423 2683 459 2736 tu
487 2693 521 2734 es
545 2670 680 2734 humilis
707 2692 766 2754 pro
795 2671 926 2754 Xpisto,
942 2683 975 2735 et
992 2671 1045 2735 ille
1062 2673 1224 2756 superbus
1240 2681 1375 2754 propter
1390 2670 1572 2746 diabolum,
1588 2679 1623 2732 tu

224 2802 256 2838 το
273 2776 411 2850 imitaris
427 2795 503 2840 eum
521 2775 577 2858 qui
594 2776 696 2839 dicit:
715 2781 722 2808 ‘
741 2776 868 2840 Discite
895 2797 913 2838 a
931 2796 984 2840 me
1007 2776 1086 2859 quia
1104 2778 1193 2840 mitis
1209 2796 1281 2839 sum
1299 2786 1333 2838 ct
1349 2775 1482 2838 humilis
1497 2774 1598 2838 corde
1610 2773 1624 2837 ’.

274 2881 335 2944 llle
349 2891 461 2946 autem
479 2881 535 2964 qui
552 2881 697 2962 erigitur,
712 2879 804 2943 illum
817 2881 964 2944 imitatur
979 2881 1036 2964 qui
1047 2881 1127 2945 dicit
1142 2905 1149 2945 :
1166 2886 1172 2912 ⁸
1191 2881 1229 2944 ln
1247 2878 1375 2942 caelum
1392 2879 1626 2955 conscendam,

272 3004 370 3068 super
385 2985 494 3049 sidera
510 2984 593 3048 caeli
607 3005 732 3067 ponam
759 2983 915 3048 thronum
946 3006 1066 3063 meum,
1082 3007 1138 3050 ero
1154 2984 1270 3048 similis
1287 2975 1464 3048 Altissirno
1475 2984 1492 3051 '.
1507 2984 1555 3047 Et
1569 2985 1628 3068 qru¹

271 3088 408 3154 oderunt
423 3098 453 3152 tc
466 3089 652 3153 extulerunt
664 3096 766 3169 capnt.

316 3193 424 3276 Super
429 3192 586 3275 populum
598 3202 691 3256 tuum
702 3190 968 3273 malignaverunt
977 3193 1155 3258 consilium.
1170 3193 1299 3258 Sufficit
1315 3191 1422 3270 alicui,
1438 3192 1464 3256 si
1482 3191 1626 3275 populus

224 3321 255 3375 ²5
273 3298 336 3360 Dei
364 3299 415 3362 sit.
442 3297 490 3360 Et
514 3297 738 3379 cogitaverunt
759 3295 917 3358 adversus
939 3308 1064 3360 sanctos
1080 3309 1158 3362 tuos.
1176 3298 1252 3361 Hoc
1270 3297 1542 3379 interpretatione
1558 3317 1623 3358 non

272 3401 419 3484 indiget:
443 3401 570 3483 legisse,
587 3401 791 3464 intellexisse
813 3411 871 3464 est.
889 3401 1077 3472 Duxerunt:
1102 3401 1213 3465 Venite
1227 3412 1258 3463 et
1279 3385 1505 3484 disperdamus
1522 3423 1573 3465 eos
1588 3401 1627 3465 cle

265 3517 369 3590 gerite.
387 3506 464 3569 Non
481 3507 523 3568 sit
539 3524 631 3586 gens,
647 3504 725 3586 quia
743 3504 886 3586 populus
906 3504 968 3567 Dei
986 3514 1045 3569 est
1062 3505 1109 3568 Et
1135 3526 1196 3568 non
1219 3516 1414 3569 memoretur
1436 3526 1547 3568 nomen
1576 3505 1624 3569 Is·

273 3609 366 3675 rauel
377 3609 474 3674 ultra.
491 3609 569 3672 Non
588 3618 789 3671 memoretur
806 3609 841 3684 is,
856 3608 913 3690 qui
931 3629 1029 3671 sensu
1047 3611 1159 3671 videat
1176 3610 1296 3672 Deum.

319 3713 480 3792 Quoniam
500 3713 724 3795 cogitaverunt
746 3713 949 3774 unanimiter
969 3713 1078 3784 simul.
1096 3711 1249 3776 infelices
1266 3731 1336 3790 nos,
1348 3711 1465 3776 infelix
1484 3712 1625 3795 populus

225 3847 257 3898 30
274 3817 359 3880 Dei:
376 3837 441 3880 non
460 3827 569 3899 potest
589 3817 621 3879 in
650 3816 739 3881 bono
762 3825 891 3880 tantam
909 3816 1031 3879 habere
1056 3816 1280 3893 concordiam,
1294 3825 1456 3898 quantam
1474 3815 1552 3879 rnali
1569 3815 1624 3878 ha·

272 3924 351 3986 bent
362 3921 393 3984 in
409 3919 698 3984 maloAdoersum
711 3928 740 3982 te
756 3929 982 3983 tesiannrrtrrm
994 3920 1222 4001 disposuerunt
1235 3921 1442 3984 tabernacula
1457 3920 1624 3984 Idumaeo-

272 4047 345 4088 rum
354 4034 386 4087 et
394 4025 735 4087 lsmokemaevidere
748 4026 919 4087 nominum
934 4034 1153 4087 sacramenta.
1165 4024 1196 4082 T
1190 4023 1383 4086 oberoroculu
1396 4023 1626 4086 Idumacorum

305 4217 375 4260 ron
387 4217 517 4258 osnuuo
533 4210 667 4271 runnu]
689 4211 777 4259 Exstat
798 4209 822 4259 in
844 4211 916 4260 Brev.
931 4212 979 4260 cot.
997 4223 1066 4273 1131.
1172 4224 1186 4260 2
1202 4208 1262 4269 cour]
1281 4227 1331 4260 om.
1347 4211 1376 4260 C.
1477 4221 1492 4270 3
1509 4207 1627 4268 racomm]

269 4301 392 4342 luceamus
405 4294 432 4344 P.
512 4294 598 4358 aqui]
610 4291 831 4359 quuc133qur'dS.
914 4295 1071 4355 tzarrdr'lur]
1082 4311 1138 4342 crrnr
1150 4295 1258 4343 cruditur
1270 4293 1294 4362 β
1377 4303 1413 4356 15.
1432 4291 1627 4354 tyrxtnlerunl]

257 4376 424 4425 ‘extorserunt
434 4375 463 4425 C.
551 4377 580 4424 16
591 4376 680 4437 elmar]
691 4377 757 4423 levo!
768 4375 798 4424 C.
884 4387 915 4436 29
927 4377 1096 4437 unmrr'mr'ler]
1109 4377 1279 4425 rrur'uur'mitcr
1287 4377 1317 4426 C.
1401 4387 1428 4438 31
1443 4373 1628 4439 duporucmru]

269 4464 412 4508 stotmnrnt
426 4458 452 4506 P.

315 4597 629 4680 17.grarnu]1ac.4‚
647 4603 686 4672 ⁶3
705 4619 716 4657 r
736 4601 811 4660 Petr.
831 4619 856 4676 5.
874 4619 900 4677 5.
1018 4623 1062 4662 22.
1081 4600 1294 4683 Altr'ssimo]1s.
1316 4623 1359 4674 14,
1380 4619 1415 4676 13
1430 4619 1473 4676 sq.

313 4703 358 4742 no.
373 4677 466 4762 corde]
482 4682 587 4740 Matth.
610 4701 653 4753 rr,
672 4701 716 4756 ²9·

323 4812 434 4854 hneedota
444 4809 594 4852 Maredsolarm
606 4809 648 4858 11¹,
660 4827 677 4852 π.
