4092 5502
466 438 548 520 33²
846 439 874 498 s.
899 437 1152 499 rrrrsuouxxr
1176 437 1439 499 pressurum

467 653 657 737 relinquunt
673 631 803 731 navem,
815 652 1009 736 relinquunt
1024 659 1113 718 totas
1129 653 1161 715 in
1174 661 1346 718 momento
1360 653 1505 721 divitias:
1522 655 1714 742 relinquunt
1727 677 1820 724 mun·

467 757 548 823 dum
565 767 599 823 et
615 755 761 823 infinitas
777 757 919 822 divitias.
935 757 1061 821 Totum
1087 757 1175 821 enim
1192 758 1283 840 quod
1306 758 1476 824 habebant
1504 761 1712 829 dimiserunt.
1730 763 1822 827 Deus

469 883 535 930 non
552 861 818 946 magnitudinem
835 861 1024 924 divitiarum
1052 861 1250 937 considerat,
1265 862 1324 924 sed
1345 863 1494 927 animum
1519 864 1729 932 dimittentis.
1752 866 1819 951 Qui

470 988 585 1051 parum
602 965 808 1043 dimiserunt,
825 966 939 1048 utique
955 974 988 1029 et
1016 984 1139 1048 magna
1163 965 1315 1031 similiter
1336 967 1548 1033 dimisissent.
1568 969 1700 1035 Relicto
1726 981 1820 1054 patre

470 1073 646 1138 Zebedaeo
661 1071 694 1134 in
712 1070 787 1135 navi
804 1089 879 1134 curn
890 1069 1109 1146 mercenariis,
1121 1070 1224 1133 secuti
1235 1079 1312 1134 sunt
1328 1089 1413 1135 eum.
1432 1071 1507 1134 Hoc
1524 1075 1614 1156 quod
1631 1075 1734 1157 paulo
1742 1085 1821 1139 ante
1857 1095 1869 1147 5

470 1177 501 1240 in
519 1177 710 1258 aenigmate
725 1173 874 1237 diximus
889 1173 933 1238 de
948 1172 1118 1255 apostolis,
1134 1175 1222 1255 quod
1241 1172 1323 1256 legis
1347 1175 1429 1239 retia
1445 1177 1723 1259 conponebant...
1748 1180 1820 1243 Iam

469 1281 557 1345 enim
575 1279 676 1344 scissa
692 1278 832 1356 inerant,
848 1277 1009 1360 prendere
1034 1296 1099 1341 non
1124 1286 1289 1360 poterant,
1304 1277 1370 1342 iam
1398 1278 1566 1362 salsugine
1593 1283 1692 1346 maris
1718 1303 1820 1348 exesa

471 1383 609 1462 lucrant,
624 1382 690 1446 iam
707 1401 774 1445 non
791 1390 944 1463 poterant
970 1381 1154 1460 instaurari,
1170 1381 1233 1445 nisi
1257 1382 1402 1447 venisset
1417 1383 1553 1466 sanguis
1572 1385 1646 1448 lesu
1663 1398 1697 1451 et
1726 1387 1819 1452 inno-

470 1496 581 1550 vasset
596 1506 644 1552 ea.
671 1485 877 1568 Relinquunt
893 1503 973 1566 ergo
998 1494 1126 1567 patrem
1144 1483 1366 1564 Zebedacum,
1382 1485 1573 1570 relinquunt
1598 1490 1706 1572 legem
1733 1510 1819 1573 quae

471 1609 546 1654 vere
570 1609 628 1653 eos
654 1596 941 1671 generaveratzet
957 1587 1147 1670 relinquunt
1173 1587 1206 1650 in
1224 1587 1309 1665 navi,
1336 1588 1368 1652 in
1396 1591 1514 1654 mediis
1540 1593 1639 1656 maris
1665 1591 1820 1660 fluctibus
1843 1617 1871 1655 ro

471 1695 700 1760 constitutum.
717 1693 762 1758 Et
786 1693 898 1758 videte
912 1691 1003 1756 aliud
1025 1691 1106 1773 quid
1133 1701 1298 1780 sequatur.
1318 1693 1533 1778 Relinquunt,
1550 1697 1667 1781 inquit,
1681 1709 1821 1781 patrem,

439 1831 441 1836 ·
470 1797 534 1862 ltoc
550 1807 600 1862 est
616 1797 737 1879 legem,
752 1814 828 1860 cum
850 1794 1069 1860 mercenariis.
1085 1792 1211 1860 Omnia
1236 1795 1324 1858 enirn
1350 1815 1436 1878 quae
1462 1799 1587 1865 iaciunt
1606 1801 1732 1880 ludaei,
1748 1823 1821 1886 pro·

472 1912 545 1986 pter
570 1911 778 1985 praesentem
806 1901 909 1965 vitam
926 1898 1072 1963 iaciunt:
1097 1905 1273 1981 propterea
1298 1904 1489 1966 mercenarii
1513 1913 1599 1969 sunt.
1615 1909 1623 1937 ‘
1639 1903 1706 1988 Qui
1734 1907 1821 1969 enirn

473 2005 585 2070 lecerit
601 2004 718 2088 legem,
734 2006 822 2069 vivet
838 2004 871 2067 in
884 2003 949 2068 ea.'
969 2003 1044 2066 Non
1056 2001 1154 2078 dixit,
1167 2001 1256 2065 vivet
1273 2002 1305 2066 in
1323 2023 1371 2082 ea,
1388 2004 1450 2068 hoc
1466 2016 1526 2083 est,
1539 2017 1575 2071 ut
1590 2027 1634 2071 ex
1650 2007 1724 2090 lege
1735 2009 1823 2074 vivat

472 2109 505 2172 in
522 2108 635 2173 caelo:
650 2109 707 2173 sed
725 2109 812 2173 vivet
829 2108 861 2170 in
879 2125 927 2186 ea,
942 2105 1075 2181 hoccst,
1090 2105 1180 2187 quod
1192 2103 1281 2183 lacit,
1296 2105 1329 2170 in
1347 2110 1512 2189 praesenti
1530 2110 1654 2193 recipit.
1668 2110 1823 2196 Denique
1845 2137 1870 2189 ις

472 2213 631 2297 scriptum
659 2222 709 2277 est
735 2214 767 2276 in
794 2208 976 2276 iezechiele
991 2214 1020 2273 :¹
1039 2208 1137 2284 Dedi,
1162 2210 1280 2292 inquit,
1305 2209 1353 2273 eis
1381 2224 1559 2298 praecepta
1584 2237 1652 2281 non
1681 2219 1770 2283 bona
1791 2229 1824 2282 et

473 2316 633 2381 mandata
650 2336 717 2381 non
733 2315 872 2399 optima,
887 2333 974 2396 quae
991 2312 1149 2377 iacientes
1164 2313 1278 2376 vivent
1294 2313 1326 2376 in
1343 2315 1390 2378 eis
1407 2316 1422 2381 '.
1440 2318 1568 2384 Vivunt
1585 2321 1617 2384 in
1635 2320 1683 2384 eis
1701 2322 1826 2386 Iudaei:

473 2420 555 2484 nihil
572 2420 661 2484 aliud
679 2429 853 2505 quaerunt,
871 2418 933 2482 nisi
960 2417 1083 2482 habere
1107 2415 1202 2494 filios,
1217 2417 1351 2482 divitias
1378 2420 1557 2503 possidere,
1573 2443 1608 2486 sc
1623 2443 1723 2489 sanos
1748 2445 1826 2488 esse.

475 2525 600 2591 Omnia
615 2534 746 2589 terrena
761 2532 935 2606 quaerunt,
950 2521 1032 2585 nihil
1048 2522 1090 2584 de
1108 2520 1308 2586 caelestibus
1323 2522 1495 2605 cogitant:
1511 2535 1688 2608 propterea
1705 2547 1825 2591 merce-

475 2631 557 2696 narii
573 2638 659 2693 suut.
676 2627 788 2692 Vultis
805 2626 888 2690 scire
903 2625 982 2710 quia
998 2625 1113 2690 ludaei
1128 2625 1320 2689 mercenarii
1337 2632 1440 2690 sunt?
1458 2627 1561 2692 Filius
1585 2629 1649 2708 ille,
1665 2633 1720 2714 qui
1752 2631 1825 2695 sub·
1844 2657 1874 2692 ιο

475 2735 632 2802 stantiam
650 2752 744 2797 suam
760 2739 1021 2812 consumpserat,
1037 2737 1071 2792 et
1087 2727 1322 2810 interpretatur
1338 2728 1370 2794 in
1388 2731 1553 2812 gentibus,
1568 2733 1661 2799 dicit:
1680 2733 1825 2818 ‘Quanti

476 2837 668 2904 mercenarii
693 2836 820 2901 suntin
847 2836 951 2899 domo
967 2833 1070 2916 patris
1098 2831 1161 2895 mci
1179 2831 1193 2894 ¹.
1206 2831 1328 2896 Relicto
1343 2843 1440 2916 patre
1463 2834 1497 2899 in
1522 2837 1699 2902 novicum
1716 2857 1826 2902 mercc-

476 2943 591 3020 narir's,
599 2941 699 3006 secuti
712 2949 789 3005 sunt
802 2937 1105 3012 cum.‚Dimiserunt
1121 2947 1260 3019 patrem,
1276 2937 1339 3002 hoc
1354 2947 1404 3002 est
1429 2939 1546 3023 legem,
1561 2963 1637 3007 cum
1662 2963 1826 3008 mercena·

476 3049 531 3112 riis
548 3047 580 3111 in
597 3046 682 3110 navi.
701 3045 817 3128 Usque
833 3043 933 3107 hodic
950 3040 1065 3105 ludaei
1083 3039 1251 3121 navigant,
1267 3047 1300 3103 et
1317 3041 1349 3104 in
1367 3041 1441 3126 lege
1466 3045 1636 3134 navigant,
1651 3056 1685 3111 et
1700 3056 1780 3112 sunt
1795 3047 1826 3112 in

477 3151 570 3229 mari,
584 3160 618 3214 et
638 3150 681 3213 ad
698 3159 830 3230 portum
859 3145 1030 3230 pervenire
1056 3163 1121 3206 non
1139 3152 1286 3226 possunt.
1303 3144 1380 3209 Non
1397 3146 1610 3214 crediderunt
1626 3149 1659 3213 in
1676 3158 1829 3231 portum:
1846 3175 1874 3227 23

477 3263 652 3339 propterea
669 3273 735 3318 non
752 3253 890 3316 veniunt
906 3249 949 3314 ad
973 3259 1115 3332 portum.

520 3359 568 3424 Et
594 3357 826 3440 ingrediuntur
857 3355 1096 3438 Caphurnoum.
1122 3354 1219 3418 Felix
1243 3364 1276 3418 et
1303 3354 1441 3437 pulchra
1468 3357 1633 3422 mutatio:
1655 3359 1829 3424 dimittunt

479 3482 578 3538 mare,
593 3461 768 3526 dimittunt
792 3479 921 3538 navem,
943 3461 1118 3524 dimittunt
1145 3457 1277 3522 vincula
1307 3459 1436 3538 retium,
1451 3470 1484 3526 ct
1511 3459 1744 3543 ingrediuntur
1768 3463 1828 3529 Ca·

478 3567 674 3652 pharnaum.
692 3567 801 3630 Prima
828 3565 969 3630 mutatio
992 3564 1161 3629 dimittere
1188 3583 1287 3642 mare,
1313 3563 1482 3628 dimittere
1510 3583 1639 3642 navem,
1663 3565 1830 3632 dimittere

479 3669 654 3755 pristinum
671 3679 811 3754 patrem,
826 3669 994 3734 dimittere
1011 3667 1150 3750 pristina
1173 3667 1261 3732 vitia.
1280 3667 1318 3730 In
1337 3668 1461 3733 retibus
1477 3669 1576 3748 enim,
1592 3679 1625 3734 et
1642 3669 1675 3733 in
1692 3669 1830 3734 vinculis
1848 3698 1876 3749 30

515 3891 544 3941 14
556 3877 591 3928 Ν.
605 3878 629 3928 d.
643 3877 721 3940 vivet]
733 3875 821 3942 scripsi
832 3895 839 3936 ;
852 3875 887 3926 Ν.
900 3874 925 3923 d.
939 3871 1006 3920 vivit
1017 3887 1045 3938 χ.
1146 3868 1178 3918 26
1189 3869 1341 3934 aripertum]
1361 3886 1380 3938 χ
1399 3870 1488 3922 addit:
1508 3887 1581 3936 quem
1593 3877 1623 3921 ut
1632 3873 1746 3923 ensurius
1766 3874 1831 3924 nobr's

479 3961 615 4024 contingat,
625 3961 714 4024 gratiis
719 3959 803 4025 sociat
814 3965 838 4008 el
848 3955 986 4021 hnugnitas
1004 3953 1103 4003 dornr'm'
1120 3952 1201 4001 nostri
1216 3953 1273 4000 lesu
1294 3951 1400 4013 Christi,
1413 3953 1457 4002 cui
1466 3969 1522 4002 cum
1528 3960 1604 4018 patre
1614 3961 1637 4004 el
1646 3955 1741 4020 spiritu
1752 3963 1832 4006 sancto

475 4041 568 4106 glon'a,
582 4041 727 4106 imperium,
741 4041 821 4090 honor
830 4040 872 4099 sit,
886 4053 954 4086 nunc
964 4043 988 4086 et
998 4041 1124 4100 sempera!
1134 4035 1163 4082 r'rr
1175 4033 1255 4082 secula
1265 4034 1412 4094 seculorum,
1426 4035 1508 4084 Amen
1519 4043 1543 4084 ct
1556 4033 1643 4100 incipit
1655 4035 1742 4087 homil.
1758 4050 1784 4089 V.

524 4227 567 4279 14.
583 4207 616 4266 in
630 4225 663 4265 ea
693 4204 785 4265 Levit.
813 4207 857 4278 18,
881 4205 1022 4281 53Rom.
1042 4222 1086 4272 ro,
1104 4217 1129 4277 5.
1247 4199 1358 4259 Sensus
1382 4197 1483 4277 itaque
1507 4199 1648 4263 isteest:
1665 4204 1777 4279 Quanti
1799 4224 1833 4266 ex

525 4306 569 4364 17·
584 4288 616 4347 r'n
631 4289 669 4348 ris
698 4288 743 4350 Cl.
769 4287 876 4347 Ezech.
893 4305 938 4359 20,
963 4301 1008 4360 25.
1184 4280 1304 4340 ludaeis
1319 4279 1359 4340 ob
1385 4281 1549 4356 praesentia
1574 4293 1690 4344 tantum
1716 4285 1796 4347 bona
1817 4307 1833 4346 a

522 4389 567 4428 22.
578 4369 679 4446 patn's
693 4365 760 4448 mci]
778 4370 849 4428 Luc.
876 4384 920 4443 15,
944 4384 987 4440 17.
1005 4398 1045 4408 -
1061 4362 1132 4424 Hie·
1185 4359 1242 4421 Dei
1257 4360 1404 4437 obsequio
1420 4381 1479 4422 non
1496 4365 1658 4425 recedunt’
1670 4387 1680 4440 ‚·
1694 4379 1722 4426 et
1745 4369 1833 4444 paulo

480 4467 543 4510 ron.
560 4469 605 4527 ep.
626 4469 671 4522 21,
689 4469 716 4510 n.
736 4469 772 4522 14
789 4455 796 4482 ‘
813 4447 1015 4511 Mercenarios
1030 4463 1133 4506 secun·
1185 4453 1252 4519 post
1267 4461 1295 4501 n.
1315 4459 1349 4516 17
1375 4444 1459 4503 ‘Fac
1471 4465 1514 4504 mc
1526 4447 1602 4504 sicu!
1614 4466 1705 4506 unum
1719 4449 1753 4508 de
1765 4469 1834 4510 mer-

480 4532 554 4592 dum
569 4530 659 4590 aliurn
676 4529 860 4591 intellectum
882 4548 935 4590 eos
949 4527 1131 4588 animadvcr·
1183 4524 1305 4582 cenarr'r's
1316 4524 1381 4584 nris.
1395 4525 1455 4584 Fac
1468 4545 1524 4598 me,
1538 4525 1642 4604 inquit,
1654 4527 1731 4590 sicut
1742 4549 1832 4591 unum

481 4611 570 4673 timus
599 4631 634 4673 ex
658 4611 787 4685 Iudaeis,
818 4610 869 4689 qui
897 4610 938 4671 ob
967 4605 1132 4687 praesentia
1184 4624 1219 4666 ex
1237 4605 1365 4678 ludaeis,
1381 4606 1432 4682 qui
1448 4619 1477 4668 te
1494 4608 1533 4668 ob
1550 4609 1750 4684 praesentium
1776 4625 1835 4674 tan·

481 4705 596 4754 tanturn
613 4694 691 4754 bona
701 4691 772 4772 legis
787 4705 944 4771 praccepta
957 4688 1132 4752 custodiunt
1183 4697 1247 4748 tum
1262 4705 1359 4748 rerum
1374 4687 1519 4764 promissa
1534 4701 1711 4753 venerantur
1725 4693 1739 4755 ’.
