4158 5492
621 425 876 500 antenatus
901 435 957 494 nn
982 433 1148 498 Psttno
1173 439 1278 498 vnn.
1570 437 1621 523 25

264 652 385 718 ctionis
399 652 454 717 die
470 651 620 728 dicimus,
636 651 783 716 Domine
803 671 844 716 ne
863 653 896 716 in
916 651 1024 719 surore
1040 665 1099 720 tuo
1115 675 1235 738 arguas
1249 675 1310 734 rne,
1328 675 1434 738 neque
1450 655 1482 718 in
1499 655 1547 718 ira
1564 667 1621 719 tua

265 756 423 839 corripias
439 775 493 820 me
508 778 515 834 ;
529 757 688 840 quoniam
707 755 807 832 chus,
822 755 886 820 hoc
902 767 953 822 est
969 759 1122 842 aethiops
1139 769 1250 823 noster
1266 759 1337 841 ipse
1352 767 1402 823 est
1423 757 1475 822 leo
1496 758 1538 822 de
1554 779 1622 840 quo

265 861 392 924 dictum
409 870 469 938 est,
486 859 538 923 Ne
553 859 689 944 quando
705 860 812 943 rapiat
825 871 861 925 ut
878 861 929 926 leo
945 863 1092 928 animam
1111 884 1219 928 meam
1236 887 1244 943 ;
1259 864 1316 947 qui
1333 883 1445 926 arcum
1463 882 1559 926 suum
1574 871 1622 924 te-

267 965 374 1028 tendit
390 973 423 1028 et
439 965 568 1047 parauit
583 963 686 1040 illum,
707 972 741 1027 et
762 965 795 1027 in
817 964 874 1029 illo
897 967 1027 1050 paravit
1043 988 1122 1031 vasa
1140 968 1256 1030 mortis
1273 977 1309 1030 ut
1326 987 1386 1030 nos
1403 963 1623 1042 interficeret;

234 1085 249 1137 5
266 1065 425 1148 quoniam
441 1067 595 1149 concepit
607 1066 757 1130 dolorem
770 1075 803 1130 et
819 1069 948 1152 peperit
961 1071 1182 1154 iniquitatem,
1192 1070 1301 1134 lacum
1318 1069 1448 1153 aperuit
1460 1077 1493 1132 et
1505 1065 1622 1131 effodit

268 1189 355 1248 eum,
366 1181 400 1235 et
415 1171 533 1236 incidit
548 1172 581 1236 in
598 1171 729 1235 foveam
746 1192 847 1254 quam
865 1173 951 1252 lecit,
968 1176 1088 1240 missus
1104 1185 1154 1240 est
1169 1177 1202 1239 in
1225 1175 1413 1258 gehennam
1430 1194 1437 1251 ;
1453 1172 1529 1236 ideo
1544 1189 1623 1234 con·

268 1285 414 1339 vertetur
429 1275 525 1340 dolor
539 1276 610 1340 eius
627 1276 659 1338 in
677 1286 778 1358 caput
793 1279 873 1355 eius,
888 1290 921 1342 et
938 1279 970 1342 in
997 1280 1153 1344 verticem
1171 1281 1274 1364 ipsius
1300 1277 1458 1361 iniquitas
1480 1276 1550 1340 eius
1566 1274 1622 1337 de-

268 1379 425 1442 scendet:
441 1379 598 1462 quoniam
615 1377 670 1443 ille
685 1379 732 1444 ita
749 1383 884 1463 punitus
900 1394 949 1448 est
967 1405 1027 1468 pro
1043 1386 1162 1448 merito
1178 1405 1247 1460 suo,
1264 1404 1324 1447 nos
1341 1383 1500 1458 dicamus,
1519 1377 1622 1463 Corrfi-

268 1481 356 1544 tebor
368 1481 511 1545 Domino
521 1482 694 1546 secundum
712 1485 874 1550 iustitiam
886 1488 964 1566 cius,
978 1489 1158 1572 eipsollam
1171 1487 1297 1552 norrrini
1308 1485 1447 1550 Domini
1459 1482 1625 1549 altissimi.

221 1611 252 1648 ιο
270 1587 409 1652 Pulchre
424 1588 523 1666 dixit,
538 1587 710 1654 altissimi:
726 1600 888 1673 quantum
906 1593 994 1658 enim
1020 1593 1173 1658 diabolus
1196 1589 1391 1656 humiliatus
1410 1599 1471 1667 est,
1487 1598 1619 1653 tantum

270 1693 436 1757 Dominus
447 1692 617 1757 exaltatus
633 1703 692 1758 est.

527 1905 837 1980 EXORDIUM
871 1908 946 1981 DE
979 1909 1201 1984 PSALMO
1230 1905 1369 1980 Vllll.

316 2109 440 2173 Hiesus
456 2107 542 2170 filius
560 2106 654 2171 Nave
680 2106 852 2190 pugnabat
869 2108 901 2170 in
919 2108 1063 2185 heremo,
1078 2118 1111 2173 et
1141 2109 1260 2193 Moyse
1286 2121 1403 2174 orante
1424 2107 1623 2191 superabat:

270 2211 353 2277 alius
379 2211 562 2295 pugnabat,
585 2210 671 2275 alius
696 2215 730 2277 in
755 2212 906 2276 oratione
921 2212 1084 2278 vincebat.
1114 2214 1166 2277 lta
1187 2226 1219 2278 et
1245 2236 1308 2298 ego
1333 2214 1516 2278 secundum
1542 2211 1621 2276 illud

226 2345 254 2397 ις
271 2319 360 2404 quod
376 2318 536 2401 scriptum
552 2327 604 2382 est
618 2322 626 2350 ‘
640 2317 743 2402 Aperi
759 2339 798 2383 os
825 2329 930 2397 tuum,
946 2329 979 2383 et
995 2317 1143 2402 implebo
1159 2319 1239 2383 illud
1257 2320 1274 2396 ',
1289 2339 1353 2402 ego
1380 2317 1515 2400 quidem
1532 2313 1623 2396 loqui

272 2422 394 2499 videor,
409 2421 466 2486 sed
483 2422 540 2484 alii
555 2431 632 2486 sunt
649 2422 769 2504 quibus
785 2423 958 2487 orantibus
970 2421 1095 2506 loquor.
1113 2423 1232 2486 Nonus
1249 2421 1405 2506 psalmus,
1421 2421 1477 2504 qui
1494 2439 1514 2483 a
1530 2418 1624 2482 vobis

273 2534 425 2591 cantatus
439 2536 491 2588 est
509 2525 666 2601 Domin0,
681 2525 817 2608 grandis
844 2527 876 2590 in
892 2527 1050 2604 versibus,
1065 2526 1201 2610 grandis
1217 2536 1266 2590 est
1284 2526 1316 2590 in
1334 2523 1509 2608 mysteriis.
1533 2520 1624 2604 Quo-

275 2632 362 2695 niam
378 2649 458 2713 ergo
474 2649 541 2693 non
558 2649 735 2712 possumus
756 2629 798 2693 de
814 2629 968 2693 omnibus
984 2629 1164 2713 disputare,
1180 2628 1300 2694 sufficit
1315 2627 1447 2692 interim
1467 2627 1510 2689 de
1526 2624 1626 2688 titulo

196 2777 200 2784 ·
273 2737 390 2802 dicere.
405 2733 574 2818 Quoniam
592 2752 659 2798 non
688 2753 864 2816 possumus
880 2735 1018 2798 domum
1035 2734 1163 2816 ingredi
1180 2735 1321 2818 (grande
1347 2745 1399 2800 est
1424 2733 1514 2798 enim
1539 2733 1624 2816 regis

226 2871 258 2908 ιο
274 2840 442 2922 palatium,
458 2859 565 2922 neque
581 2856 758 2921 possumus
782 2839 896 2900 omnia
920 2837 1006 2920 regis
1022 2838 1105 2902 scire
1127 2839 1308 2923 mysteria),
1324 2839 1455 2904 interim
1473 2836 1567 2920 quasi
1591 2835 1623 2898 ln

274 2943 371 3008 titulo
385 2943 515 3020 domus,
538 2943 571 3005 in
588 2941 662 3024 ipso
677 2939 852 3018 vestibulo,
868 2943 961 3005 cuius
976 2943 1097 3007 domus
1113 2945 1155 3007 sit
1172 2945 1449 3009 demonstremus.

316 3049 356 3110 ln
357 3049 463 3132 finem
473 3058 533 3129 pro
548 3045 676 3109 occultis
678 3043 754 3127 filii
760 3044 911 3126 psalmus
922 3045 1046 3110 David.
1062 3047 1099 3109 In
1112 3045 1211 3111 finem
1229 3049 1318 3131 quod
1335 3047 1464 3122 dicitur,
1475 3064 1540 3108 non
1553 3063 1626 3126 per-

274 3155 356 3216 tinet
371 3153 414 3216 ad
434 3151 585 3229 ludaeos,
607 3152 665 3214 sed
683 3149 725 3212 ad
743 3169 803 3211 nos
820 3149 875 3230 qui
901 3151 934 3212 in
953 3149 1017 3229 fine
1043 3151 1252 3216 credidimus.
1272 3151 1324 3214 illi
1341 3151 1430 3233 prior
1456 3147 1550 3222 filius,
1566 3167 1626 3210 nos

275 3255 452 3321 novissimi.
470 3255 542 3319 Nos
558 3275 638 3337 ergo
652 3254 709 3338 qui
735 3253 768 3317 in
787 3251 851 3317 fine
867 3273 992 3332 sumus,
1013 3253 1179 3337 psalmum
1197 3258 1297 3320 istum
1323 3253 1485 3318 debemus
1501 3252 1626 3328 audire,

229 3392 258 3446 25
274 3361 351 3448 quia
365 3361 408 3425 ad
425 3379 483 3424 eos
508 3359 615 3443 quiin
643 3357 708 3422 fine
727 3367 804 3422 sunt
832 3358 985 3441 pertinet.
1001 3358 1070 3422 Pro
1085 3359 1214 3424 occultis
1231 3359 1313 3444 filii.
1329 3359 1426 3442 Quae
1442 3367 1520 3422 sunt
1546 3356 1628 3420 haec

275 3464 403 3530 occulta
428 3461 511 3527 filii?
539 3461 738 3545 Mysteriutn
754 3463 845 3546 quod
872 3463 1029 3527 omnibus
1054 3474 1142 3528 retro
1157 3464 1298 3528 saeculis
1327 3463 1433 3527 luerat
1449 3459 1629 3538 occultum,

309 3663 337 3702 12
350 3649 576 3711 ExordiumJAB3
596 3667 637 3700 om
650 3649 726 3701 CGS.
747 3649 805 3698 lIoc
824 3665 924 3714 quoque
944 3650 1073 3701 exordium
1090 3651 1169 3702 edidit
1183 3650 1353 3700 lllartianaeus
1373 3649 1473 3714 (bligne
1491 3647 1628 3710 26,1364t.

279 3733 420 3796 13Hiesus]
436 3731 545 3791 ABG&
564 3731 634 3780 Iesus
653 3733 683 3782 C.
784 3731 925 3794 superabat]
943 3731 960 3782 S
981 3733 1040 3782 add.
1063 3733 1190 3782 Anmlecir.
1294 3733 1322 3782 16
1337 3731 1394 3796 qur]
1414 3732 1498 3790 codd;
1518 3731 1584 3796 quoii
1601 3748 1628 3793 μ.

276 3817 364 3868 anatis
377 3815 617 3880 pnssccmnotts
629 3817 655 3868 S.
739 3826 766 3877 17
780 3815 961 3877 Dorrrino]om.
976 3817 1003 3866 S.
1105 3827 1137 3866 20
1148 3817 1236 3881 neque]
1255 3817 1272 3867 S
1291 3823 1369 3880 repet.
1383 3815 1460 3865 enim.
1560 3814 1631 3874 scire]

276 3916 325 3952 om.
339 3901 370 3960 C,
384 3908 409 3951 et
421 3907 477 3965 post
484 3907 618 3964 possumus
628 3915 682 3966 sup.
697 3900 741 3950 lin.
755 3898 855 3964 supplet
864 3901 969 3963 operire.
1071 3913 1102 3963 ²3
1115 3899 1215 3965 influe]
1228 3899 1303 3948 modo
1314 3898 1423 3959 codices,
1436 3897 1561 3948 interdum
1574 3913 1633 3947 vero

277 3983 305 4032 irs
312 3982 403 4050 finem.
418 3981 457 4032 Cl.
471 3997 546 4046 supra
558 3969 588 4046 p.
600 3993 639 4041 ιο,
652 3982 669 4031 l.
686 3980 724 4031 16.
825 3994 856 4042 24
868 3981 1010 4044 rrauirrimr]
1024 3982 1110 4046 pBGS
1122 4000 1130 4042 ;
1143 3981 1295 4031 rwvissr'rnus
1306 3980 1335 4030 C.

321 4153 413 4228 13-16.
431 4151 540 4209 Hirrus
545 4147 633 4225 filius
648 4149 761 4208 Nave...
778 4147 928 4207 orantibus
978 4165 1026 4206 am
1042 4165 1087 4224 ep.
1108 4165 1173 4220 120,
1189 4165 1214 4206 c.
1231 4149 1259 4218 8,
1276 4166 1303 4205 n.
1322 4165 1358 4206 a:
1386 4151 1476 4205 ‘cum
1492 4143 1631 4204 historiae

278 4229 388 4314 loquor]
414 4232 500 4292 Istud
528 4231 684 4292 exordium
710 4229 740 4289 in
762 4248 832 4290 suos
857 4247 927 4290 usus
979 4229 1065 4290 nobis
1077 4229 1176 4288 velum
1192 4228 1316 4287 scissum
1328 4227 1373 4301 sit,
1387 4239 1418 4287 ut
1432 4226 1631 4305 ingrediamur

280 4312 422 4375 transtulit
444 4323 549 4374 auctor
570 4311 715 4373 sermonis
730 4313 806 4372 inter
820 4311 928 4372 dubios
979 4309 1085 4371 atrium
1095 4308 1160 4384 Dei,
1169 4308 1631 4370 tamensecretaeiusetuniversa

279 4394 434 4476 Augustini
457 4398 524 4473 382,
545 4395 666 4472 dequo
687 4393 749 4454 iure
773 4392 927 4453 Maurini:
980 4393 1125 4472 mysteria,
1154 4401 1233 4468 quae
1262 4389 1291 4450 in
1321 4389 1439 4451 caelesti
1469 4391 1630 4450 Ierusalem

280 4485 287 4512 ⁸
301 4477 435 4559 Speciem
449 4475 587 4539 centonis
601 4495 672 4556 prae
687 4495 719 4538 se
733 4477 788 4537 lert
808 4473 857 4534 hic
872 4494 927 4536 ser·
980 4478 1080 4535 clausa
1094 4472 1265 4544 retinentur,
1278 4471 1353 4532 scire
1368 4491 1429 4532 non
1445 4490 1602 4548 possumus
1615 4474 1629 4530 ¹.

280 4579 327 4622 nto
340 4565 356 4622 ’.
1023 4558 1067 4614 26.
1095 4556 1269 4632 Mysterium
1301 4555 1378 4632 quod
1403 4555 1533 4613 virtuibus
1571 4549 1632 4632 etc]

322 4662 363 4722 15.
381 4639 469 4725 illud]
485 4645 531 4702 Ps.
548 4644 595 4715 80,
615 4661 659 4700 ιι.
982 4639 1108 4700 Hieron.
1124 4639 1162 4698 ad
1178 4635 1292 4697 Paulln.
1309 4656 1354 4714 ep.
1372 4653 1387 4714 5
1392 4657 1418 4713 3,
1432 4655 1459 4695 n.
1473 4655 1491 4710 4
1505 4659 1511 4694 :
1526 4639 1533 4666 ⁸
1547 4637 1633 4694 Haec

320 4746 364 4788 ιο.
375 4728 444 4786 scire
454 4721 601 4806 myster-tlt]
614 4725 738 4784 Hieron.
748 4723 787 4783 ad
804 4720 929 4783 Hedibi·
980 4719 1124 4799 sapientia
1139 4717 1168 4780 in
1181 4716 1319 4796 mysterio
1330 4717 1505 4779 abscondita
1520 4728 1564 4777 est
1578 4717 1632 4776 :de

330 4859 440 4902 Aneedota
450 4856 602 4900 Maredsolana
612 4853 657 4904 111,
1570 4861 1580 4896 4
