4202 5492
620 403 875 466 aenomaus
898 405 955 463 na
977 403 1145 464 Psnuno
1167 405 1323 463 nxxvn.
1593 383 1644 468 61

295 631 408 688 nostra
424 622 595 705 sepultura
611 629 670 688 est.
684 623 756 688 Nos
772 624 865 687 enim
883 622 1046 705 peregrini
1064 621 1186 685 luimus
1201 630 1235 685 et
1250 621 1408 698 advenae,
1424 641 1490 684 non
1507 621 1653 686 habeba-

295 745 369 788 mus
385 723 441 788 ubi
458 725 670 807 requiescere.
689 725 749 790 llle
777 723 959 790 crucifixus
975 723 1025 789 es't
1050 734 1083 789 et
1100 734 1258 802 mortuus,
1273 733 1384 789 ct'nos
1408 744 1484 788 cum
1501 726 1559 788 illo
1575 745 1652 788 con-

294 827 415 910 sepulti
440 846 564 893 sumus.
592 828 642 892 Ut
668 829 890 914 conpleretur,
914 828 1030 912 inquit,
1054 828 1144 911 quod
1169 826 1329 911 scriptum
1351 838 1402 893 est
1418 829 1450 892 in
1481 827 1653 891 Hieremia

294 932 467 1014 propheta.
486 932 623 1010 Retulit,
640 934 755 1016 inquit,
783 933 920 1015 triginta
935 939 1121 1015 argenteos,
1147 933 1289 1014 pretium
1306 933 1396 1016 quod
1414 933 1651 1014 scriptumest,

261 1048 327 1108 set
357 1043 476 1100 cetera.
504 1035 786 1119 Sicut'scriptum
820 1045 880 1114 est,
911 1036 1027 1118 inquit,
1053 1035 1087 1098 in
1117 1036 1289 1101 Hieremia
1314 1036 1486 1119 propheta.
1512 1035 1592 1098 Hoc
1618 1035 1650 1098 in

296 1139 471 1203 Matthaeo
486 1141 645 1223 scriptum
663 1151 721 1206 cst.
752 1137 999 1224 Requisiuiinus
1016 1140 1048 1203 in
1068 1140 1248 1216 Hieremia,
1273 1141 1336 1204 hoc
1353 1141 1485 1224 penitus
1502 1140 1650 1204 invenire

295 1261 360 1306 non
378 1243 548 1326 potuimus
563 1267 570 1308 :
585 1245 644 1308 sed
661 1242 948 1310 invenimus'illud
965 1244 998 1307 in
1016 1242 1186 1308 Zacharia.
1202 1243 1334 1310 Videtis
1350 1264 1439 1327 ergo,
1455 1246 1532 1328 quia
1548 1255 1582 1309 et
1598 1246 1651 1309 hic

294 1367 383 1410 error
399 1345 470 1424 suit,
485 1346 571 1412 sicut
586 1347 641 1412 ibi.
1368 1347 1371 1353 '

342 1450 475 1528 Quanta
490 1450 683 1515 audivimus
697 1452 942 1536 arcogaaoimns
956 1472 1001 1516 eo.
1017 1451 1090 1514 Hos
1102 1452 1298 1517 versiculos‘
1311 1451 1498 1518 Adtendite
1508 1455 1652 1538 populus

247 1580 277 1616 ιο
296 1575 388 1620 meus
403 1555 511 1639 legem
530 1576 638 1620 meam
655 1556 663 1584 '
679 1578 784 1642 usque
810 1559 843 1622 in
869 1559 968 1622 istum
994 1558 1192 1624 versiculum
1208 1563 1216 1592 ⁴
1234 1560 1383 1644 Eloquar
1405 1561 1651 1644 propositiones

295 1659 338 1724 ab
353 1661 448 1725 initio
463 1661 471 1688 '
486 1681 531 1725 ex
548 1681 691 1743 persona
702 1663 814 1746 Xpisti
831 1663 995 1741 dicuntur,
1011 1663 1082 1744 ipse
1098 1662 1253 1728 Salvator
1269 1663 1423 1746 loquitur.
1438 1661 1510 1729 lam
1524 1675 1652 1730 ceteros

294 1765 472 1830 versiculos
487 1785 593 1849 usque
609 1767 651 1831 ad
669 1765 768 1831 finem
788 1767 907 1848 psalmi
923 1788 967 1830 ex
984 1786 1126 1850 persona
1142 1767 1370 1850 apostolorum
1387 1767 1550 1833 debemus
1566 1769 1651 1833 acci-

296 1889 379 1953 pere.
397 1870 540 1936 Dicente
556 1891 635 1953 ergo
652 1871 818 1935 Domino·
832 1871 996 1936 Inclinato
1011 1891 1124 1935 aurem
1142 1882 1286 1937 vestram
1302 1874 1345 1937 ad
1362 1872 1462 1937 verba
1477 1873 1545 1935 oris
1558 1874 1622 1936 mei
1634 1873 1652 1937 ':

294 1993 316 2036 o
330 1973 484 2057 apostoli,
499 1975 600 2057 quod,
615 1972 732 2057 inquit,
751 1971 892 2036 audistis
908 1971 941 2034 in
958 1973 1108 2048 secreto,
1122 1972 1313 2054 praedicate
1328 1991 1428 2054 super
1444 1981 1533 2036 tecta
1546 1998 1554 2038 ε
1569 1973 1649 2056 quid

248 2099 276 2152 ις
294 2078 409 2142 dicunt
424 2078 596 2161 apostoli?
615 2077 748 2156 Quanta
763 2074 956 2140 audiuimus
970 2085 1001 2140 et
1013 2076 1221 2158 cognovimns
1232 2097 1278 2152 eo,
1292 2087 1324 2140 et
1331 2085 1445 2160 patres
1459 2079 1565 2141 nostri
1575 2098 1651 2139 nar·

295 2183 573 2247 roveruntnobis.
603 2183 698 2246 Haec
724 2181 870 2259 domine,
894 2185 980 2263 quae
995 2188 1031 2244 tu
1060 2180 1157 2244 nobis
1180 2180 1333 2263 loqueris,
1360 2195 1394 2246 et
1409 2191 1521 2263 patres
1548 2181 1650 2244 nostri

295 2287 501 2368 patriarchae
515 2295 550 2351 et
577 2287 760 2370 prophetae
776 2283 877 2348 locuti
902 2293 980 2348 sunt
996 2283 1100 2348 nobis.
1115 2283 1164 2346 Et
1179 2293 1293 2364 potres
1312 2283 1417 2348 nostri
1431 2294 1654 2350 narraverunt

294 2389 390 2454 nobes.
406 2391 484 2455 Non
499 2400 579 2455 sunt
591 2391 748 2456 occultata
762 2389 876 2472 afiliis
886 2409 997 2454 eorum
1012 2388 1048 2452 in
1057 2388 1298 2470 generationem
1313 2390 1461 2454 alteram.
1474 2392 1653 2474 Propterea

295 2492 340 2557 illi
356 2493 458 2560 locuti
486 2501 573 2572 sunt,
590 2504 626 2559 ut
650 2515 712 2558 nos
737 2493 794 2558 filii
811 2515 926 2558 eorum
953 2493 1122 2558 sciremus.
1148 2493 1196 2556 Et
1208 2493 1309 2575 legem
1332 2495 1441 2577 posuit
1457 2496 1491 2559 in
1516 2495 1651 2572 Israhel.

246 2625 277 2662 20
297 2596 430 2676 Quanto
447 2598 779 2682 rnandouitpatribus
795 2598 923 2662 nostris.
940 2597 1002 2661 llle
1017 2597 1195 2662 carnaliter
1210 2597 1292 2662 haec
1308 2599 1438 2663 locutus
1451 2609 1510 2676 est,
1520 2601 1577 2663 sed
1592 2619 1653 2662 nos

293 2723 332 2766 ea
358 2703 551 2786 spiritaliter
577 2703 813 2788 intellegimus.
835 2703 881 2767 Ut
896 2707 970 2766 nota
978 2704 1131 2782 facerent
1144 2723 1181 2765 aa
1187 2701 1278 2785 filiis
1291 2701 1362 2765 suis
1372 2725 1384 2766 .·
1400 2702 1463 2766 hoc
1479 2713 1530 2766 est
1547 2703 1652 2768 nobis.

294 2807 474 2890 Propterea
490 2806 554 2871 illis
567 2807 699 2870 locutus
715 2816 775 2884 est,
792 2816 828 2869 ut
845 2806 941 2870 nobis
957 2804 1145 2889 proderent.
1203 2817 1205 2823 ⁴
1231 2809 1235 2816 '

296 2971 298 2976 .
335 2911 421 2976 Filii
438 2912 498 2994 qui
512 2916 687 2976 nascantur
699 2921 731 2975 et
755 2919 935 2994 exsurgent,
948 2920 982 2974 et
1002 2909 1187 2973 narrabunt
1205 2930 1243 2972 ea
1248 2908 1339 2992 filiis
1349 2909 1429 2972 suis.
1447 2909 1536 2972 ‘Pr'o
1552 2909 1651 2990 patri·

294 3014 363 3093 bus,
379 3015 496 3097 inquit,
522 3017 587 3079 tuis
613 3017 682 3081 nati
710 3024 789 3080 sunt
815 3015 876 3079 tibi
893 3013 950 3077 filii
968 3015 984 3080 '.
1011 3013 1083 3077 Nos
1099 3011 1156 3076 lilii
1182 3034 1297 3077 sumus
1315 3012 1456 3076 illorum.
1475 3011 1526 3074 llli
1554 3012 1650 3076 nobis

246 3143 276 3197 κς
294 3128 516 3194 narraverunt,
531 3129 565 3183 et
582 3139 643 3184 uos
656 3121 863 3183 narravimus
880 3117 955 3181 filiis
971 3119 1114 3182 nostris:
1132 3117 1188 3181 filii
1205 3137 1320 3181 eorum
1339 3136 1399 3180 nos
1415 3135 1539 3179 sumus.

341 3223 387 3288 (Jt
403 3224 581 3306 portantia
608 3224 718 3288 Deum
740 3234 827 3305 spem
847 3223 951 3286 saram.
971 3221 1019 3287 Ut
1035 3222 1101 3285 iam
1119 3242 1185 3286 non
1213 3221 1351 3286 credant
1368 3222 1401 3283 in
1418 3221 1517 3298 idola,
1541 3219 1649 3283 sedin

294 3327 405 3392 Deum
416 3329 564 3394 credant.
573 3327 620 3392 Et
632 3349 695 3391 non
703 3327 939 3392 obliviscantur
946 3338 1075 3408 operum
1086 3323 1159 3390 Dei.
1180 3325 1225 3390 Ut
1241 3325 1378 3390 videant
1393 3327 1544 3389 ordinem
1561 3345 1651 3388 crea·

293 3439 395 3507 turae,
409 3441 443 3494 et
458 3437 502 3494 ex
519 3440 670 3496 creatura
697 3432 894 3514 intellegant
911 3431 1112 3496 Creatorem.
1129 3429 1176 3492 Et
1202 3429 1360 3493 mandata
1383 3428 1454 3494 eius
1467 3429 1650 3511 exquirant.

295 3533 371 3598 Non
387 3544 607 3600 contemnant
623 3535 708 3601 sicut
728 3536 851 3613 ludaei,
868 3535 926 3600 sed
944 3534 1122 3616 exquirant
1138 3534 1223 3597 sicut
1239 3533 1419 3616 Xpistiani.

324 3717 341 3766 9
352 3705 404 3755 Hos
415 3703 557 3773 versiculos]
569 3707 610 3755 Hi
619 3706 739 3762 versiculi
751 3704 775 3774 β.
848 3717 876 3754 12
887 3705 933 3770 ari]
944 3705 973 3753 in
981 3703 1032 3755 SG.
1104 3715 1133 3762 14
1143 3718 1157 3752 o
1168 3701 1278 3766 apostoli,
1288 3705 1360 3768 qarod,
1370 3703 1466 3770 inquit]
1475 3707 1579 3770 apostoli
1589 3707 1654 3770 qnid

294 3787 773 3856 inpuidG;oinquidapostoliquodS.
845 3786 874 3836 16
885 3787 958 3852 quoe]
969 3803 1017 3836 om.
1029 3785 1061 3836 G.
1134 3785 1201 3836 18in
1207 3787 1391 3850 generationem
1401 3783 1606 3852 alterarrrlC(gr.
1615 3782 1650 3844 εἰς

293 3864 707 3938 rmsduise'pnrkinganeratione
717 3869 880 3921 olteroBSG.
947 3869 1254 3931 tostirenrus1rsserarnnr
1264 3869 1294 3918 G.
1359 3869 1609 3933 aolllelcodd5illr‘s
1624 3869 1648 3936 β.

293 3947 359 4010 darc]
371 3953 437 4003 CGS
447 3969 455 4012 ;
466 3969 517 4002 om.
533 3950 605 4020 βΑΒ.
709 3953 804 4002 locutus
814 3948 858 4010 est]
870 3951 953 4011 codd3
971 3950 1047 4000 locuti
1057 3957 1118 4000 runt
1131 3950 1155 4018 β.
1248 3963 1279 4000 22
1285 3949 1429 4016 proderent]
1442 3953 1585 4016 prodessent
1597 3953 1648 4004 SG.

293 4045 324 4096 23
335 4035 479 4096 natentur]
490 4039 632 4082 nascuntur
642 4033 694 4085 SG.
777 4035 816 4098 aa]
826 4035 843 4086 S
853 4037 900 4100 (gr.
915 4027 1009 4096 abrih
1021 4050 1071 4083 om.
1088 4032 1163 4101 βΑῦ.
1249 4045 1280 4099 25
1292 4034 1467 4094 narravimus]
1487 4035 1652 4084 narrabimus

293 4115 316 4174 (b
326 4131 357 4166 ex
368 4117 414 4177 ul)
425 4115 450 4166 Α
460 4133 468 4176 ;
480 4131 619 4165 nonarius
630 4117 656 4166 S.
717 4115 778 4181 filii
783 4107 878 4179 eorum]
880 4115 939 4182 filii
941 4116 1061 4181 filiorum
1073 4117 1099 4166 S.
1169 4128 1199 4178 27
1211 4117 1322 4182 operum]
1331 4127 1404 4185 opero
1414 4117 1490 4190 βΑ5;
1503 4127 1601 4185 operam
1615 4120 1647 4171 G.

335 4285 359 4326 ι.
388 4267 453 4327 hos
475 4267 552 4324 enirn
571 4264 736 4348 peregrina]
764 4266 889 4328 Hieron.
916 4267 946 4327 in
1041 4285 1065 4342 7.
1090 4268 1121 4326 in
1150 4269 1309 4352 marana]
1335 4269 1460 4332 Hieron.
1482 4269 1512 4330 in
1540 4271 1648 4331 Matth.

293 4347 489 4420 Zach.1r,12
506 4367 559 4424 sq:
573 4347 747 4430 ‘Nosenim
763 4367 877 4422 omnes,
893 4347 945 4427 qui
999 4368 1045 4424 27,
1069 4368 1105 4423 9:
1129 4353 1137 4382 ⁴
1155 4353 1224 4412 Hoc
1247 4351 1451 4412 testimonium
1471 4353 1501 4412 in
1523 4353 1649 4414 Ieremia

294 4429 437 4508 peregrini
459 4439 489 4490 ct
504 4429 639 4489 advenae
654 4431 726 4506 legis
748 4429 866 4502 luimus,
883 4431 946 4490 red·
998 4451 1058 4491 non
1075 4430 1230 4502 invenitur,
1244 4432 1273 4492 in
1289 4434 1430 4493 Zacharia
1449 4452 1547 4494 vero...
1565 4434 1572 4462 ’
1592 4444 1648 4492 etc.

293 4513 382 4590 empti
413 4509 628 4587 pretiosissimo
648 4509 712 4572 eius
731 4510 884 4589 sanguine,
915 4512 945 4570 in
1041 4533 1084 4584 14.
1102 4511 1306 4594 tecta]lllatth.
1324 4535 1365 4586 ιο,
1383 4533 1428 4590 ²7·

292 4592 383 4654 domo
392 4593 474 4673 figuli
485 4592 831 4670 creatorisqueomnium
842 4595 946 4672 sepeli·
1040 4591 1171 4674 24.Jilr'i]
1186 4597 1230 4654 Ps.
1242 4615 1289 4668 44,
1307 4615 1349 4672 ¹7·

293 4693 356 4734 mur
365 4687 393 4738 et
405 4672 623 4754 requiescimus
635 4675 649 4736 ’.
