4202 5492
445 419 501 508 74
826 415 857 484 s
879 415 1134 481 arnaourtss
1157 413 1421 478 sussurrant

448 640 598 705 faucibus
626 641 707 704 meis
733 639 867 722 eloquia
893 647 960 716 tua,
983 657 1082 721 super
1109 636 1174 700 mel
1198 637 1247 700 ori
1275 655 1350 700 meo
1366 635 1383 700 '.
1400 635 1556 718 Denique
1582 645 1615 698 et
1633 633 1800 698 Dominus

449 755 561 810 noster
577 753 654 828 post
669 743 941 808 resurrectionem
968 750 1143 825 propterea
1169 739 1293 804 favum·
1305 739 1465 817 comedit,
1480 749 1514 803 et
1529 740 1571 803 de
1587 748 1682 820 petra
1704 737 1802 802 melle

449 857 617 914 saturatus
633 855 692 912 est.
711 848 785 930 Ego
802 867 870 910 rem
887 845 1197 926 diconovam.1pse
1213 853 1307 925 petra
1323 843 1395 925 ipse
1409 843 1474 907 mel
1487 843 1642 920 comedit,
1654 851 1690 906 ut
1705 843 1802 906 nobis

452 953 516 1018 mel
537 954 696 1018 tribueret
712 963 746 1016 et
772 950 983 1016 dulcedinem
999 972 1007 1014 ε
1023 959 1059 1013 ut
1075 949 1131 1031 qui
1159 947 1191 1011 in
1209 947 1281 1030 lege
1298 948 1450 1011 biberant
1479 945 1658 1032 myrrham,
1674 945 1737 1009 hoc
1753 954 1804 1009 est

451 1057 717 1138 amaritudinem,
734 1065 849 1140 postea
865 1053 897 1118 in
915 1053 1090 1137 evangelio
1105 1053 1285 1118 comedant
1301 1052 1364 1116 mel
1383 1049 1556 1134 evangelii.

860 1307 935 1381 DE
960 1307 1182 1382 PSALMO
1206 1307 1394 1382 LXXXI.

498 1527 589 1591 Deus
602 1526 691 1590 stetit
707 1526 741 1589 in
753 1545 916 1608 synagoga
926 1522 1065 1585 deorum.
1081 1521 1190 1584 Multa
1205 1532 1282 1585 sunt
1298 1521 1478 1590 schemata.
1498 1525 1703 1608 Frequenter
1719 1524 1807 1586 enim

455 1631 618 1708 sedemus,
634 1629 800 1693 interdum
828 1637 965 1701 stamus,
980 1624 1146 1687 interdum
1164 1624 1320 1702 iacemus,
1335 1625 1502 1692 interdum
1519 1627 1691 1704 currimus,
1708 1627 1809 1690 inter·

455 1735 535 1798 dum
547 1733 766 1799 ambulamus.
782 1731 835 1796 lta
844 1738 877 1793 et
891 1729 983 1791 Deus
993 1726 1191 1790 describitur
1201 1748 1261 1809 pro
1277 1729 1438 1796 varietate
1454 1733 1640 1810 hominum,
1655 1741 1810 1806 etstatus

457 1837 559 1920 ipsius
586 1836 734 1900 diversus
750 1833 925 1899 inducitur.
944 1830 978 1895 Si
995 1830 1101 1892 sancti
1123 1849 1248 1907 sumus,
1264 1841 1298 1896 et
1321 1853 1436 1898 sumus
1452 1835 1576 1898 similes
1594 1835 1715 1917 Moysi,
1730 1834 1811 1897 dici·
1832 1855 1862 1893 ro

457 1950 510 2006 tur
525 1940 567 2004 ad
585 1961 666 2004 nos:
681 1943 687 1970 ¹
705 1940 758 2003 Tu
775 1960 852 2003 vero
875 1937 928 1999 bic
944 1945 996 1998 sta
1025 1954 1154 1998 mecum
1168 1933 1184 1998 ’.
1202 1935 1278 1998 Hoc
1295 1939 1383 2002 enirn
1396 1940 1476 2003 dicit
1488 1939 1581 2003 Deus
1596 1941 1638 2003 ad
1658 1936 1812 2022 Moysen'.

459 2043 579 2110 Stabat
591 2045 680 2108 enim
696 2043 832 2126 Moyses
847 2061 947 2125 super
963 2051 1112 2122 petram:
1129 2048 1306 2122 propterea
1321 2053 1354 2106 et
1371 2045 1464 2107 Deus
1480 2045 1592 2107 stabat
1608 2043 1663 2108 illi.
1680 2043 1717 2108 Si
1731 2063 1808 2108 vero

459 2149 565 2212 sancti
583 2148 672 2231 prius
689 2147 855 2219 fuerimus,
872 2155 906 2208 et
922 2154 1039 2227 postea
1054 2152 1254 2224 peccatores,
1270 2146 1335 2210 iarn
1354 2167 1419 2211 non
1438 2147 1533 2212 nobis
1549 2157 1617 2212 stat
1634 2150 1736 2225 Deus,
1752 2147 1810 2212 sed

461 2252 631 2316 ambulat:
647 2251 710 2315 hoc
726 2261 785 2328 est,
802 2247 1005 2314 moveturde
1019 2247 1092 2310 loco
1108 2267 1177 2324 suo,
1192 2250 1249 2331 qui
1266 2250 1361 2314 nobis
1377 2262 1455 2316 ante
1464 2262 1612 2318 steterat.
1631 2253 1810 2336 Postquam

462 2377 523 2422 nos
538 2357 621 2420 moti
650 2356 816 2434 fuerimus,
838 2364 872 2420 et
899 2357 969 2437 ipse
997 2352 1169 2417 nobiscum
1195 2353 1318 2436 pariter
1342 2366 1578 2421 commovetur.
1602 2356 1756 2439 Denique
1779 2367 1812 2420 et
1834 2377 1863 2430 ¹5

462 2461 575 2525 Adam
593 2459 752 2544 quamdiu
769 2461 801 2523 in
819 2459 974 2544 paradiso
991 2456 1062 2534 fuit,
1077 2465 1110 2520 et
1127 2455 1234 2539 legem
1252 2459 1413 2536 servabat,
1429 2460 1539 2524 stabat
1555 2461 1584 2522 ei
1603 2460 1705 2526 Deus.
1720 2459 1813 2524 Post-

462 2585 562 2650 quam
589 2586 667 2628 vero
692 2577 899 2647 trangressus
925 2573 985 2639 est,
1000 2559 1128 2624 audivit
1155 2581 1271 2624 vocem
1290 2562 1353 2625 Dei
1380 2563 1583 2628 ambulantis
1599 2562 1632 2627 in
1650 2565 1813 2647 paradiso.

463 2667 526 2730 Vis
543 2667 626 2731 scire
642 2667 719 2750 quia
744 2666 939 2731 ambulabat
959 2665 988 2728 ei
1006 2663 1121 2726 Deus?
1139 2663 1228 2746 Quid
1246 2665 1276 2727 ei
1292 2665 1403 2730 dixit?
1419 2671 1425 2698 ‘
1443 2668 1565 2748 Adam,
1581 2670 1637 2734 ubi
1654 2691 1690 2733 es
1703 2669 1732 2733 .>’
1749 2668 1815 2752 Qui

466 2785 544 2838 ante
557 2784 701 2838 stantem
719 2772 830 2837 Deum
849 2791 915 2834 non
932 2769 1072 2858 fugerat,
1086 2778 1204 2850 postea
1220 2768 1446 2834 ambulantem
1465 2771 1558 2855 fugit.

509 2877 670 2940 Diximus
699 2876 741 2938 de
772 2885 892 2952 stante,
922 2873 1072 2936 diximus
1102 2871 1144 2934 de
1174 2871 1387 2938 ambulante:
1413 2875 1565 2941 dicamus
1595 2878 1638 2941 de
1672 2878 1817 2942 sedente.
1836 2901 1869 2939 ω

465 2981 755 3065 Quandocumque
782 2979 901 3044 sedens
918 2978 1083 3041 inducitur
1112 2976 1213 3054 Deus,
1229 2977 1406 3059 dupliciter
1431 2980 1619 3046 inducitur:
1641 2991 1699 3045 aut
1722 2982 1816 3064 quasi

467 3108 535 3164 rex,
550 3094 608 3148 aut
625 3085 719 3168 quasi
737 3083 848 3147 iudex.
865 3082 900 3148 Si
917 3079 1012 3163 quasi
1039 3100 1110 3157 rex,
1125 3081 1215 3143 videt
1231 3100 1317 3160 eum,
1331 3083 1417 3147 sicut
1433 3084 1571 3149 Esaias:
1587 3085 1685 3148 ‘Vidi
1699 3084 1816 3148 Domi·

467 3213 545 3256 num
563 3191 735 3255 sedentem
752 3210 851 3272 super
878 3188 1033 3252 thronum
1051 3186 1221 3249 excelsum
1239 3197 1273 3251 et
1288 3187 1453 3253 elevatum
1471 3189 1485 3252 ’.
1513 3190 1565 3253 Ibi
1581 3190 1675 3273 quasi
1693 3211 1753 3254 rex
1769 3210 1818 3254 re·

468 3317 575 3381 gnans
591 3296 765 3360 inducitur.
780 3291 925 3378 Quando
937 3311 1014 3354 vero
1025 3291 1118 3373 quasi
1135 3291 1238 3354 iudex
1255 3293 1421 3357 inducitur
1434 3293 1598 3358 z‘Throni
1616 3293 1715 3377 positi
1731 3305 1820 3371 sunt,

468 3413 501 3468 et
530 3401 603 3465 libri
629 3401 733 3484 aperti
759 3396 866 3463 sunt’.
884 3398 922 3460 In
952 3395 1117 3460 Danihele
1144 3396 1303 3478 scriptum
1329 3407 1388 3461 est.
1412 3397 1502 3480 Quid
1531 3399 1676 3463 dicitur?
1692 3399 1820 3466 Throni
1840 3421 1871 3474 25

472 3505 571 3590 positi
589 3513 676 3581 sunt,
692 3514 725 3567 et
740 3501 813 3567 libri
830 3502 935 3585 aperti
952 3509 1029 3563 sunt
1044 3523 1051 3562 :
1067 3495 1130 3563 hoc
1146 3508 1206 3577 est,
1222 3500 1388 3564 Dominus
1415 3503 1509 3585 quasi
1527 3503 1629 3567 iudex
1647 3505 1822 3584 sediturus‚

470 3619 503 3676 et
519 3609 669 3674 omnium
694 3628 797 3691 opera
825 3605 1012 3688 relecturus.
1029 3603 1120 3667 Libri
1137 3606 1193 3686 qui
1223 3605 1323 3667 modo
1349 3606 1528 3688 conplicati
1545 3617 1630 3686 sunt,
1648 3616 1727 3672 tunc
1744 3630 1822 3692 ape-

503 3797 659 3862 lese]ipsa
673 3793 716 3864 βὸ.
818 3793 1062 3858 ipscmellAliGl’3
1084 3790 1142 3858 pes
1155 3805 1205 3840 non
1221 3799 1299 3856 repet.
1313 3793 1373 3857 ipse.
1472 3794 1545 3844 6οΕ
1558 3803 1688 3844 PSALMO
1701 3799 1822 3861 ιΧΧΛἸ]

472 3879 694 3940 Brev.col.1125.
780 3873 939 3937 7srltcmata]
950 3881 1055 3922 scemata
1069 3873 1119 3923 LP.
1203 3885 1232 3934 19
1235 3873 1353 3938 sugeret]
1357 3874 1474 3939 srrgr'erat
1486 3878 1515 3930 L.
1585 3882 1822 3943 revidetmmlffl

469 3963 600 4012 vr'diteum
613 3959 838 4019 BCGL3vt'detur
850 3955 874 4023 β
969 3955 1044 4014 sicut]
1055 3970 1104 4002 orn.
1120 3954 1152 4003 G.
1254 3954 1325 4016 Vult]
1337 3955 1403 4004 vr'dr't
1415 3959 1440 4008 S.
1533 3971 1564 4024 25
1579 3962 1763 4025 Qufflsqdd,
1777 3963 1820 4012 itt.

471 4045 502 4096 26
513 4043 649 4105 rediturus]
664 4043 728 4092 BSG
739 4057 747 4101 ;
757 4041 885 4090 sedaturus
897 4038 928 4098 L,
941 4037 962 4086 C
972 4045 1059 4086 mutat.
1073 4035 1099 4084 in
1108 4037 1243 4094 sedaturus,
1257 4053 1385 4098 πωπω
1396 4055 1507 4088 sessurus
1524 4039 1573 4108 βΑ.
1680 4055 1711 4106 ²7
1724 4046 1823 4094 relecta.

471 4143 516 4179 rus
528 4123 564 4196 βὸ
575 4143 583 4186 3
596 4127 704 4176 leclrtrus
716 4123 837 4175 BCGLP.
939 4117 1094 4180 aperientur]
1105 4120 1259 4183 aperiuntur
1270 4119 1322 4169 SG.

517 4301 539 4340 r.
556 4276 626 4359 meo]
643 4281 689 4336 Ps.
710 4279 773 4349 118,
794 4297 828 4334 ιο
832 4295 857 4350 3.
1175 4269 1282 4328 solium
1298 4271 1447 4332 excelsum
1473 4284 1502 4334 et
1524 4275 1681 4350 elevatum,
1698 4289 1730 4338 ut
1745 4278 1824 4338 habi

517 4383 560 4421 rr.
573 4379 677 4419 mecum
709 4361 797 4418 Deut.
817 4377 841 4434 5,
860 4375 905 4430 31.
1175 4365 1238 4409 tum
1254 4351 1402 4428 regnantis
1416 4357 1593 4417 ostenderet.
1612 4361 1618 4387 ’

516 4447 559 4502 18.
579 4443 685 4500 ubr'es?
714 4442 789 4500 Gen.
808 4459 834 4515 3,
848 4459 875 4512 9.
1218 4435 1302 4510 25·t'n
1312 4431 1472 4516 Danihele]
1485 4455 1543 4512 7‚9.
1556 4459 1599 4498 ιο.
1608 4441 1652 4501 Cf
1663 4439 1824 4501 Hieronin

515 4545 529 4583 2
533 4545 559 4602 3.
572 4519 726 4602 elevatum]
739 4523 777 4581 Is.
785 4525 813 4593 6,
824 4541 846 4578 r.
861 4521 961 4593 Quem
973 4520 1011 4578 ad
1023 4520 1123 4578 locum
1178 4516 1215 4574 Is.
1235 4535 1261 4590 3,
1283 4535 1338 4592 13:
1356 4520 1363 4548 ‘
1380 4518 1445 4576 Nec
1466 4521 1549 4579 sedet
1566 4522 1715 4582 Dominus
1730 4522 1761 4584 ln
1776 4523 1825 4583 ha-

474 4608 679 4682 Hieronymus
692 4616 791 4664 noster
803 4605 832 4662 in
844 4613 1006 4662 comment.
1021 4597 1122 4670 ‘Vidiq
1176 4595 1239 4656 bitu
1261 4597 1429 4671 iudicantis,
1447 4611 1478 4658 ut
1493 4599 1523 4660 in
1538 4603 1664 4664 Daniele
1684 4604 1825 4681 legimus:

473 4687 578 4768 inquit,
586 4685 678 4762 isaias
690 4687 844 4748 sedentem
860 4681 1024 4742 Dominum
1037 4699 1125 4757 super
1181 4679 1296 4738 Tironi
1303 4681 1395 4756 posili
1406 4687 1483 4755 sunl,
1498 4691 1526 4742 et
1538 4684 1611 4744 libri
1622 4688 1720 4762 aperti
1726 4693 1802 4746 sunt.
1819 4688 1826 4714 '
