4202 5492
467 393 546 474 106
845 414 871 474 s
897 413 1152 474 murionum
1175 413 1440 474 pressurum

462 631 574 698 autem
592 633 728 698 insidias
756 631 958 712 reformidat,
974 633 1041 697 cito
1069 641 1180 716 potest
1196 633 1336 698 evadere
1351 657 1358 696 :
1375 629 1526 697 Domino
1541 639 1743 713 praestante,
1764 629 1816 693 cui

461 737 567 820 gloria
583 739 615 800 in
633 737 765 801 saecula
781 737 996 803 saeculorum.
1016 738 1137 801 Amen.
1829 737 1831 742 ’

802 959 877 1032 DE
909 958 1134 1033 PSALMO
1166 957 1461 1033 LXXXVllll.

508 1157 622 1221 Oratio
642 1157 755 1238 Moysi
770 1158 914 1222 hominis
928 1158 1000 1222 Dei.
1026 1157 1193 1240 Quattuor
1209 1168 1286 1222 sunt
1303 1158 1422 1241 psalmi
1439 1159 1495 1242 qui
1508 1159 1658 1224 oratione
1674 1179 1812 1241 praeno-

462 1271 594 1325 tantur:
618 1272 735 1326 sextus
751 1262 908 1338 decimus,
923 1270 957 1325 et
973 1262 1028 1344 qui
1046 1271 1121 1343 post
1141 1281 1217 1324 eum
1234 1261 1391 1345 sequitur,
1407 1271 1440 1326 et
1456 1263 1682 1343 octogesimus
1697 1280 1813 1337 nonus,
1851 1279 1864 1331 5

463 1376 496 1430 et
512 1366 713 1432 centesimus
730 1367 864 1449 primus.
883 1367 920 1430 ln
938 1365 1121 1428 centesimo
1136 1367 1244 1447 primo
1260 1366 1401 1430 dicitur:
1418 1369 1425 1396 ‘
1439 1364 1556 1430 Oratio
1566 1365 1721 1448 pauperis
1737 1385 1811 1428 curn

463 1468 632 1533 acediatus
649 1468 754 1546 luerit,
766 1479 800 1532 et
816 1471 848 1532 in
865 1479 1045 1552 conspectu
1059 1469 1122 1532 Dei
1139 1469 1260 1533 iuderit
1276 1471 1460 1534 orationem
1475 1489 1568 1533 suam
1581 1469 1595 1532 ¹.
1611 1470 1688 1548 Iste,
1701 1468 1816 1533 Oratio

463 1573 575 1655 Moysi
602 1572 744 1636 hominis
768 1572 840 1637 Dei.
870 1574 1029 1656 Legimus
1049 1573 1215 1636 canticum
1249 1573 1358 1656 Moysi
1386 1573 1417 1636 in
1449 1572 1580 1650 Exodo,
1605 1591 1646 1635 eo
1666 1581 1815 1654 tempore

462 1676 598 1759 quando
620 1677 762 1759 populus
787 1697 878 1742 mare
903 1676 1055 1742 transivit
1079 1677 1243 1753 Rubrum,
1265 1686 1299 1740 et
1325 1678 1471 1741 dimerso
1489 1675 1660 1739 Pharaone
1677 1685 1709 1738 et
1725 1675 1834 1738 omni·

462 1781 532 1844 eius
548 1780 696 1845 exercitu
715 1781 823 1845 Maria
849 1782 970 1854 cecinit
985 1791 1018 1845 et
1036 1781 1181 1863 Moyses.
1199 1781 1330 1844 Deinde
1347 1780 1488 1863 legimus
1505 1787 1538 1842 et
1555 1779 1587 1843 in
1607 1778 1816 1843 Deuterono·
1839 1801 1870 1836 ιο

463 1885 539 1962 mio,
556 1886 715 1967 quoniam
731 1887 897 1950 canticum
915 1884 995 1948 illud
1013 1885 1189 1967 scripserat
1204 1884 1237 1946 in
1250 1882 1522 1948 Deuteronomio.
1536 1880 1572 1945 Si
1586 1881 1687 1963 igitur
1697 1880 1815 1963 psalmi

464 1987 517 2052 isti
533 1998 567 2052 ct
584 1990 713 2053 cantica
730 1991 793 2054 ista
810 1991 920 2073 Moysi
938 2000 1024 2066 sunt,
1039 2008 1142 2070 quare
1155 1989 1187 2050 in
1205 1988 1345 2071 propriis
1369 1985 1593 2051 voluminibus
1610 2005 1675 2050 non
1693 1985 1816 2050 haben·

466 2097 542 2157 tur?
568 2093 727 2157 Diximus
758 2114 838 2176 ergo
866 2095 1039 2177 quomodo
1069 2093 1270 2157 centesimus
1298 2093 1423 2174 primus
1448 2091 1596 2174 psalmus
1621 2089 1817 2168 inscribitur,

466 2195 586 2261 Oratio
602 2197 778 2280 pauperis:
802 2209 835 2260 et
850 2198 934 2260 alius
961 2197 1083 2278 estqui
1100 2196 1230 2280 scripsit
1253 2197 1296 2259 de
1312 2197 1394 2277 ipso,
1415 2205 1448 2258 et
1464 2194 1519 2257 ille
1535 2213 1661 2276 pauper
1676 2193 1733 2276 qui
1756 2214 1817 2276 pro

465 2301 561 2364 nobis
584 2303 789 2382 deprecatur,
816 2301 983 2364 Dominus
999 2310 1049 2364 est
1065 2301 1138 2382 ‘qui
1155 2319 1229 2363 cum
1248 2299 1340 2364 dives
1367 2307 1471 2376 esset,
1485 2317 1612 2379 pauper
1637 2296 1744 2361 iactus
1767 2307 1817 2360 est
1840 2321 1847 2357 ι
1855 2319 1869 2372 5

464 2413 601 2488 propter
617 2425 677 2468 nos
693 2405 700 2432 ¹
717 2415 751 2468 et
766 2417 885 2470 cetera.
902 2404 957 2469 Sic
982 2413 1015 2467 et
1042 2403 1095 2467 hic
1121 2403 1266 2486 Moyses,
1281 2403 1440 2486 quoniam
1461 2424 1481 2466 a
1508 2401 1672 2485 principio
1688 2401 1816 2484 generis

462 2507 600 2570 humani
617 2508 789 2572 historiam
816 2509 886 2590 ipse
912 2507 1042 2589 scripsit
1061 2507 1154 2589 :ipse
1180 2506 1268 2569 enirn
1291 2505 1421 2588 scripsit
1437 2506 1608 2588 quomodo
1632 2506 1760 2569 caelum
1784 2516 1816 2569 et

464 2619 551 2672 terra
568 2607 655 2674 iacta
672 2611 748 2689 sint,
762 2611 933 2692 quomodo
948 2618 982 2673 et
1003 2611 1106 2674 homo
1123 2609 1228 2673 iactus
1255 2611 1307 2687 sit,
1327 2610 1370 2673 de
1385 2609 1578 2674 conditione
1594 2609 1738 2673 hominis
1756 2629 1764 2686 ;
1779 2619 1812 2671 et

498 2796 633 2847 timidius
643 2793 799 2863 resomridot]
811 2798 934 2847 insidiari
935 2795 1105 2862 sorinidaiC.
1181 2795 1398 2857 evadere]Aadd.
1410 2798 1530 2862 pericula.
1608 2803 1680 2862 3ὓὶ
1689 2803 1818 2847 PSALMO

461 2874 644 2936 LXXXVIIII]
658 2882 687 2931 ln
701 2880 828 2930 Breviatio
840 2881 887 2930 col.
906 2892 974 2945 1157.
1070 2873 1217 2940 4oraiione]
1227 2879 1307 2928 oratio
1319 2879 1345 2929 S.
1436 2881 1630 2943 praenotantur]
1638 2889 1819 2946 praenotentur

463 2965 538 3016 BSG.
639 2977 653 3030 5
664 2963 876 3024 sextusdecimus]
895 2970 961 3012 sexto
972 2961 1079 3012 decimus
1092 2960 1124 3010 G.
1224 2965 1248 3008 et
1257 2961 1366 3025 quipus!
1376 2977 1432 3008 euni
1447 2961 1571 3026 sequitur]
1591 2961 1625 3011 ita
1637 2978 1725 3013 omnes
1735 2963 1799 3013 codd
1810 2981 1818 3023 ;

460 3053 484 3097 et
494 3047 647 3112 octogesimus
659 3045 764 3111 quintus
777 3043 801 3112 β.
817 3045 881 3094 Vide
892 3045 977 3094 adnot.
992 3043 1064 3092 inira.
1165 3036 1330 3105 ociogesinms]
1341 3043 1516 3106 octuagesimus
1525 3043 1556 3094 G.
1659 3055 1672 3106 7
1685 3045 1818 3107 acediotus]

462 3131 480 3180 S
492 3131 540 3194 (gr.
555 3125 618 3179 ὅταν
630 3124 789 3199 uanitatem
808 3127 946 3177 accediotus
958 3125 999 3184 ῦς
1017 3126 1140 3174 amicius
1153 3121 1202 3191 βΑ,
1218 3125 1279 3174 Pex
1291 3125 1423 3185 ansteum
1443 3127 1578 3174 ancxiolus
1592 3127 1628 3186 83
1648 3127 1743 3177 auxius
1755 3127 1774 3178 C
1787 3143 1817 3175 ex

460 3213 556 3262 ansius.
657 3211 718 3273 Iste]
730 3212 758 3259 in
771 3211 818 3259 isto
829 3210 862 3270 A,
876 3209 896 3258 C
909 3225 940 3258 ex
953 3209 981 3256 in
994 3208 1056 3266 ἰείη
1068 3207 1117 3256 isio
1130 3207 1167 3264 B;
1180 3207 1228 3254 isio
1239 3213 1275 3255 esi
1288 3207 1306 3255 P
1319 3223 1348 3254 ex
1361 3208 1413 3260 isle.
1493 3207 1508 3256 8
1523 3203 1617 3271 Moysi]
1631 3207 1646 3275 β
1659 3209 1734 3260 inser.
1744 3208 1813 3273 quoii.

459 3294 603 3357 9dimerso]
616 3294 636 3342 P
651 3307 660 3344 1
676 3310 700 3342 m
711 3311 719 3353 ;
732 3294 782 3343 CH
795 3293 807 3341 i
818 3291 843 3341 in
853 3307 884 3351 e;
895 3292 1002 3340 demerso
1014 3287 1050 3357 βὸ
1060 3307 1068 3349 ;
1080 3290 1188 3338 inmersa
1199 3290 1231 3338 G.

460 3463 489 3523 in
506 3466 544 3523 Is.
564 3466 610 3534 26,
631 3479 664 3540 15
683 3460 854 3522 ‘Securitas
867 3461 946 3520 enim
957 3459 1113 3536 neglegen-
1208 3477 1251 3516 12.
1268 3476 1325 3516 noo
1337 3453 1515 3536 iuuentuti]
1532 3453 1596 3516 Etsi
1610 3475 1712 3517 revera
1733 3457 1815 3533 Moy·

460 3546 541 3618 tiam,
559 3543 745 3621 neglegentia
760 3553 967 3618 contemptum
983 3539 1058 3616 parit
1075 3540 1088 3596 ¹.
1163 3539 1202 3598 sis
1217 3557 1282 3598 esse
1298 3541 1444 3614 psalmum
1460 3553 1526 3614 post
1548 3536 1708 3615 Origenem
1725 3538 1814 3598 sensit

500 3647 526 3703 3.
544 3619 919 3703 oaosnrrrorxxaymr]
944 3624 1036 3681 Hunc
1059 3633 1111 3678 tra·
1165 3621 1369 3696 Hieronymus
1384 3637 1430 3696 ep.
1452 3639 1517 3692 140,
1534 3639 1561 3679 n.
1577 3639 1633 3692 2-4,
1646 3631 1745 3680 tamen
1758 3619 1815 3678 hoc

458 3719 571 3769 etatum
587 3712 721 3770 conterre
745 3707 875 3786 proderit
890 3723 960 3764 cunr
985 3702 1112 3779 epistula
1163 3704 1230 3761 loco
1245 3705 1283 3760 ad
1310 3701 1487 3762 sententiam
1510 3700 1669 3778 Augustini
1695 3699 1814 3778 propius

464 3793 568 3862 14oad
585 3789 765 3868 Cyprianum
782 3789 849 3848 circ.
863 3807 910 3846 an.
922 3787 981 3857 418
993 3782 1110 3859 scripta,
1162 3784 1305 3843 accedere
1330 3783 1455 3855 videtur,
1478 3783 1528 3860 qui
1557 3780 1725 3841 Mosaicum
1749 3800 1814 3842 esse

461 3873 491 3931 in
503 3891 561 3948 qua
573 3875 601 3932 S.
616 3877 701 3932 Pater
715 3872 856 3932 eumdem
872 3869 1018 3945 psalmum
1031 3877 1111 3923 octo
1162 3883 1283 3940 prorsus
1299 3877 1385 3941 negat
1401 3861 1447 3922 his
1473 3861 1577 3935 verbis,
1594 3864 1698 3924 Enarr.
1713 3863 1743 3923 in
1770 3881 1811 3940 ps.

461 3955 607 4031 gesimum
625 3971 737 4013 nonum
754 3954 818 4012 iuse
833 3963 877 4010 est
893 3950 1108 4024 interpretatus.
1162 3949 1209 4022 89,
1227 3965 1254 4005 n.
1274 3965 1288 4003 2
1304 3967 1310 4003 ε
1328 3949 1335 3976 ‘
1350 3947 1379 4004 N
1383 3965 1421 4005 on
1436 3945 1620 4006 credendum
1634 3956 1687 4019 est,
1699 3945 1739 4004 ab
1751 3943 1815 4022 ipso

501 4054 527 4107 4.
543 4036 693 4111 Quattuor
704 4043 774 4092 sunt
780 4033 896 4110 psoluu'
906 4026 966 4109 etc]
986 4028 1108 4087 Hieron.
1162 4027 1287 4086 omnino
1310 4029 1416 4104 Moyse
1441 4025 1529 4086 istum
1556 4027 1702 4103 psalmum
1726 4025 1814 4084 luisse

459 4134 503 4192 ep.
525 4135 590 4190 140,
607 4137 669 4192 n.,3
687 4117 859 4190 ‘Quattuor
880 4124 980 4171 autem
1006 4108 1110 4186 psalmi
1161 4109 1373 4186 conscriptum,
1389 4109 1440 4185 qui
1456 4107 1523 4167 ullis
1537 4107 1601 4167 eius
1623 4106 1727 4167 litteris
1742 4106 1815 4166 indi-

459 4211 527 4256 sunt
538 4198 588 4274 qui
600 4195 862 4258 habentorationis
873 4193 991 4252 titulum
1002 4191 1110 4266 ’.Quos
1161 4201 1209 4249 tus
1239 4209 1298 4249 non
1329 4203 1382 4263 est,
1413 4190 1443 4248 in
1471 4189 1581 4266 quibus
1609 4188 1673 4248 eius
1698 4188 1814 4248 cantica

458 4279 580 4354 quidem
596 4279 635 4339 ibi
651 4278 878 4339 accommodate
892 4275 930 4334 ad
956 4272 1109 4332 veritatem
1162 4271 1270 4348 scripta
1285 4281 1371 4346 sunt;
1386 4271 1439 4330 sed
1451 4271 1576 4330 alicuius
1591 4269 1813 4347 significationis

457 4373 631 4421 enumerat:
654 4361 736 4437 quod
762 4378 832 4418 vero
857 4357 923 4417 heic
949 4355 1109 4431 septimum
1160 4354 1252 4430 gratia
1267 4371 1302 4412 ac
1318 4352 1416 4430 magni
1429 4350 1525 4413 meriti
1540 4351 1616 4411 servi
1630 4351 1687 4412 Dei
1703 4369 1813 4410 nomen

457 4441 609 4502 decimum
641 4440 826 4518 octogesimo
857 4437 964 4516 quinto
985 4447 1111 4513 praeter·
1161 4433 1329 4493 adhibitum
1345 4447 1399 4507 est,
1411 4451 1447 4493 ex
1460 4453 1520 4510 quo
1532 4433 1706 4510 dirigeretur
1718 4433 1813 4510 legen·

458 4523 550 4583 misso
565 4525 594 4583 in
618 4541 775 4583 numerum
801 4522 897 4593 reiert,
913 4519 943 4579 id
969 4517 1109 4594 equidem
1162 4517 1199 4574 tis
1213 4517 1259 4575 vel
1275 4515 1424 4575 audientis
1437 4514 1567 4575 intentio
1582 4515 1597 4574 '.

458 4605 619 4666 memoriae
635 4603 760 4665 labentis
775 4602 878 4663 vitium
893 4612 947 4662 est.
1205 4600 1249 4656 16.
1260 4606 1383 4674 propter
1397 4593 1459 4676 nos]
1478 4617 1492 4654 2
1511 4598 1578 4658 Cor.
1596 4599 1623 4668 8,
1641 4616 1667 4672 9.

501 4703 526 4765 7.
542 4682 639 4767 surim]
654 4689 700 4746 Ps.
722 4705 785 4758 ιοι,
806 4703 828 4743 1.
