4062 5504
619 400 861 461 aunuum
883 401 938 462 ss
959 403 1114 464 Aucus.
1476 407 1551 488 195

328 619 717 698 HIERONYMUS
749 623 825 696 DE
856 621 1280 700 MONOGRAMMA
1304 609 1414 692 ΧΠ.

165 825 172 836 ’
237 820 369 886 Hicest
388 825 550 907 sapientia
572 834 604 888 et
625 823 822 890 intellectus:
846 825 879 888 id
904 835 963 902 est,
978 845 1096 907 sapere
1120 835 1152 886 et
1177 823 1361 904 intelligere
1378 823 1411 884 in
1429 821 1553 886 Christi

183 926 331 988 nomine
347 947 522 992 numerum
540 929 723 992 litterarum
742 929 839 992 iuxta
861 927 1064 993 Graecorum
1089 926 1388 1007 computationem,
1404 925 1554 988 maxime

183 1029 276 1096 dum
291 1031 395 1096 Asiae
410 1033 558 1097 ecclesiis
573 1033 697 1098 scribit.
711 1032 880 1097 Numerus
890 1034 977 1097 euim
990 1033 1134 1097 hernicis
1148 1042 1215 1095 est:
1232 1031 1265 1094 id
1279 1041 1339 1108 est,
1351 1029 1552 1094 Antichristi

144 1161 162 1210 5
184 1137 437 1216 quiesthomo
456 1138 593 1222 peccati.
616 1137 664 1201 Et
686 1159 842 1202 uumerus
864 1137 1006 1202 nominis
1028 1139 1100 1202 eius
1114 1147 1162 1200 est
1174 1135 1314 1200 sexcenti
1326 1133 1471 1197 sedecim.
1489 1135 1553 1197 Re·

185 1237 315 1302 dactus
330 1250 443 1304 autem
461 1241 494 1303 in
512 1261 778 1324 monogramma,
794 1241 826 1304 id
852 1252 912 1320 est,
927 1243 1023 1326 quasi
1046 1242 1079 1305 in
1098 1260 1198 1304 unam
1217 1239 1372 1315 litteram,
1388 1248 1421 1300 et
1439 1251 1552 1300 notam

186 1353 228 1407 et
252 1364 375 1409 nomen
398 1357 432 1411 et
456 1367 630 1410 numerum
655 1346 735 1410 iacit
759 1345 822 1410 hoc
847 1347 944 1429 signo
964 1359 1032 1416 aa·
1054 1346 1145 1410 Nota
1167 1345 1252 1408 haec
1276 1353 1335 1419 est,
1351 1363 1391 1406 eo
1413 1344 1503 1426 quod
1521 1355 1554 1405 et

188 1466 319 1511 nomen
336 1459 370 1513 et
386 1469 560 1514 numerum
578 1451 640 1513 hac
657 1447 762 1533 figura
785 1450 930 1514 breviter
946 1461 1050 1515 notat.
1068 1451 1201 1513 Nomen
1226 1456 1338 1511 autem
1356 1447 1428 1523 hoc,
1444 1445 1477 1509 id
1495 1456 1554 1521 est,

189 1549 331 1628 Christi,
352 1555 442 1638 quod
471 1554 534 1617 sibi
565 1563 705 1636 usurpat
732 1554 963 1619 Antichristus
995 1576 1053 1636 per
1073 1593 1079 1604 ·
1097 1572 1122 1615 x
1140 1587 1145 1598 ·
1165 1572 1322 1635 graecum
1354 1563 1387 1614 et
1407 1589 1413 1600 ·
1431 1574 1439 1609 t
1458 1583 1464 1594 ·
1484 1550 1553 1612 iota

132 1681 168 1716 ιο
189 1656 405 1736 exprimitur.
420 1657 457 1720 ln
475 1657 567 1721 libris
583 1657 707 1728 etenim
719 1653 922 1722 Graecorum
938 1658 1140 1741 ubicumque
1157 1679 1214 1739 per
1232 1666 1346 1718 notam
1363 1655 1555 1718 scribuntur

191 1759 346 1837 nomina,
358 1761 487 1842 primae
503 1769 536 1824 et
553 1761 754 1825 novissimae
771 1771 932 1825 notantur
944 1762 1083 1837 litterae,
1098 1773 1131 1824 et
1148 1760 1279 1842 virgula
1293 1758 1504 1840 superposita
1521 1758 1551 1817 in

190 1863 373 1928 dexteram
399 1885 506 1948 aeque
533 1867 688 1928 veniente
712 1885 732 1929 a
756 1865 899 1930 sinistra.
928 1865 965 1928 ln
996 1866 1058 1928 hac
1086 1885 1166 1947 ergo
1192 1876 1274 1927 nota
1293 1901 1299 1914 ·
1318 1881 1367 1924 x·
1396 1881 1552 1944 graecum

191 1967 388 2031 continetur
403 1978 436 2032 et
456 2007 462 2018 ·
480 1993 512 2029 ι·
555 1969 599 2032 Et
623 1969 687 2031 hoc
710 1978 815 2052 patet,
838 1971 928 2053 quod
955 1969 1179 2032 nominativus
1203 1988 1270 2031 non
1287 1967 1330 2030 sit
1346 1965 1399 2029 hic
1417 1966 1554 2047 positus,

192 2070 255 2134 sed
272 2071 449 2152 genitivus,
463 2073 496 2135 id
514 2082 574 2148 est,
591 2093 656 2136 non
674 2071 838 2148 Christus,
854 2073 912 2135 sed
930 2071 1076 2138 Christi:
1101 2092 1167 2135 non
1185 2073 1274 2134 enim
1291 2071 1413 2134 simma
1430 2069 1555 2144 finitur,

137 2201 171 2250 ις
193 2176 255 2238 sed
273 2176 350 2240 iota.
368 2176 413 2240 Et
428 2175 473 2241 ob
488 2177 523 2240 id
534 2196 666 2258 semper
677 2176 894 2240 novissimam
906 2177 1052 2240 litteram
1066 2186 1196 2259 ponunt
1211 2184 1347 2259 propter
1362 2175 1553 2238 discernen-

193 2279 258 2344 dos
283 2300 389 2359 casus,
414 2281 491 2345 licet
515 2281 682 2344 interdum
707 2282 740 2343 in
770 2280 977 2363 longioribus
1000 2289 1033 2343 et
1058 2278 1187 2344 medias
1210 2286 1361 2362 ponant;
1384 2278 1553 2342 interdum

194 2392 310 2448 autem
326 2384 469 2466 primam
493 2394 527 2448 et
550 2384 766 2449 novissimam
790 2385 957 2466 syllabam
982 2384 1175 2462 scribentes,
1190 2384 1335 2448 mediam
1356 2382 1407 2445 vel
1426 2383 1554 2446 medias

195 2487 480 2570 praetermittunt.
498 2487 547 2553 Ut
563 2499 675 2552 autem
691 2488 724 2551 in
742 2508 777 2552 re
794 2497 827 2552 et
850 2507 1003 2551 sermone
1023 2489 1105 2552 haec
1122 2508 1164 2551 ne
1180 2487 1267 2552 male
1282 2487 1455 2562 scribatur,
1474 2496 1555 2550 nota

196 2590 447 2667 monstrabitur,
463 2601 500 2655 ut
515 2592 557 2655 ad
575 2590 778 2655 characteris
795 2591 1005 2655 scribendam
1025 2590 1165 2674 figuram
1182 2592 1274 2654 visus
1289 2601 1323 2655 et
1338 2609 1449 2653 sermo
1464 2610 1553 2652 com·

138 2723 176 2759 20
196 2713 389 2759 memorans
420 2693 594 2759 scribentis
624 2693 782 2758 articulos
812 2693 960 2760 adiuvet.
993 2693 1128 2759 Intuere
1160 2713 1241 2778 ergo
1266 2695 1298 2756 in
1330 2703 1554 2757 ea·t·recte

195 2807 353 2876 stantem,
368 2808 401 2862 et
422 2797 459 2868 l
479 2807 614 2863 acutum
632 2809 858 2863 transversum
872 2811 905 2862 et
923 2800 955 2861 in
969 2800 1147 2864 dexteram
1162 2798 1411 2875 ascendentem,
1428 2799 1464 2878 Χ
1481 2817 1553 2878 gra-

197 2921 341 2984 vemque
357 2902 621 2966 descendentem
638 2911 732 2967 trans
766 2940 772 2952 ·
790 2927 798 2962 ι
817 2935 823 2947 -
858 2913 891 2966 et
907 2912 1052 2967 acutum.
1067 2903 1120 2966 De
1133 2904 1197 2966 hiis
1214 2914 1250 2965 ut
1267 2913 1344 2966 sunt
1361 2899 1554 2964 accentibus

197 3007 339 3070 invicem
356 3007 553 3070 transversis
567 3005 709 3069 efficitur
743 3011 808 3064 56·
841 3025 1008 3088 graecum.
1025 3006 1093 3070 Sed
1118 3007 1329 3088 supradictus
1346 3005 1455 3086 gravis
1471 3005 1553 3066 duo·

197 3112 258 3174 bus
274 3109 342 3173 suis
357 3110 526 3193 capitibus
542 3109 835 3174 circumflectitur:
851 3111 915 3173 hoc
931 3121 992 3187 est,
1008 3111 1178 3194 superiore
1194 3121 1227 3172 et
1244 3111 1277 3172 in
1294 3109 1429 3172 sinistro
1444 3107 1554 3189 capite

138 3241 175 3292 25
197 3213 365 3278 modicum
383 3214 415 3276 in
433 3214 610 3279 dexteram
627 3213 814 3290 inclinatur,
831 3213 984 3277 inferiore
1007 3224 1120 3277 autem
1137 3224 1171 3278 et
1186 3215 1309 3277 dextro
1324 3212 1555 3276 subtrahendo

229 3478 248 3515 ι.
270 3478 306 3514 ns
324 3469 544 3528 uouoottttntvth]
557 3469 595 3516 De
607 3485 796 3531 monogramma
808 3468 837 3516 M
856 3468 890 3525 (=
907 3467 970 3516 Cod.
986 3467 1126 3532 26c011eg.
1145 3468 1280 3526 Menona
1292 3467 1362 3516 deest
1379 3464 1512 3530 inscriptio
1529 3467 1554 3512 in

195 3547 220 3594 H
233 3547 269 3606 (Ξ
286 3547 359 3596 Harl.
375 3555 457 3611 3049).
559 3563 581 3598 2.
601 3549 945 3616 sapientielrlpoc.13,18.
1046 3564 1069 3609 4.
1089 3549 1150 3598 dum
1169 3549 1247 3598 Asiae
1262 3548 1369 3596 ecclesiis
1386 3546 1483 3608 scribit]
1501 3546 1553 3596 Pri·

193 3628 302 3678 masius:
320 3646 394 3694 quem
406 3631 534 3694 sociemur
555 3633 691 3681 secundum
714 3633 824 3692 Graecos,
846 3633 996 3699 praesertim
1015 3634 1077 3695 quia
1095 3632 1228 3680 atiAsiam
1246 3630 1363 3696 serr'iesss,
1376 3638 1425 3679 etc.
1446 3630 1555 3678 Pseudo·

192 3711 300 3774 August.
314 3711 340 3760 in
352 3713 460 3776 Apocal.
474 3713 562 3763 homil.
577 3727 606 3764 ιιι
620 3733 625 3762 :
638 3715 988 3779 quamsaciaeesussecurrdum
998 3715 1109 3772 Graecos,
1121 3715 1231 3762 ntexinre
1244 3714 1306 3777 quia
1317 3712 1352 3759 eei
1358 3712 1449 3760 Asiam
1461 3711 1554 3759 scribit.

194 3805 216 3856 5.
232 3797 337 3860 peccate]
349 3809 364 3845 2
375 3795 463 3847 Thess
480 3809 503 3856 2,
517 3809 540 3858 3.
642 3799 764 3860 nominis]
778 3800 803 3848 H
815 3815 879 3857 ;om.
892 3799 928 3847 M.
1029 3799 1140 3845 sexcenti
1151 3795 1264 3855 sedecim]
1284 3794 1362 3842 Haud
1376 3791 1448 3842 aliter
1465 3793 1556 3857 legisse

192 3877 361 3940 Tychonium,
373 3895 403 3926 er
416 3879 505 3928 eodem
518 3882 615 3929 larvato
627 3879 770 3944 Augustino
781 3887 900 3946 apparet:
915 3880 982 3930 conl.
997 3879 1139 3936 irenaeum,
1155 3878 1263 3935 Haeres‚
1277 3887 1301 3938 5,
1315 3888 1355 3938 30,
1368 3885 1393 3924 et
1406 3875 1436 3924 E.
1451 3875 1556 3925 Vischer

194 3959 262 4008 ‘Die
279 3961 341 4008 Zahl
353 3959 417 4009 666’
429 3961 551 4019 (Zeitsch.
566 3961 581 4010 i.
596 3962 621 4010 d.
636 3965 843 4013 neutestamentl.
858 3962 1040 4011 wissensctntr
1055 3973 1092 4019 tv,
1108 3973 1131 4018 2,
1145 3976 1186 4025 pp.
1205 3960 1317 4020 167·174.
1339 3958 1456 4017 Giessen,
1472 3961 1553 4022 1903).

194 4041 328 4103 Reductus]
347 4041 453 4091 redactis
473 4043 539 4091 MH.
564 4043 760 4108 Pseudo-Aug:
783 4045 903 4094 Reductne
922 4051 1003 4092 nutem
1016 4045 1044 4090 ire
1058 4057 1272 4105 rtroeeogrerrsrnurs
1288 4048 1311 4090 et
1327 4041 1523 4104 noterrrsecirent
1532 4048 1557 4090 et

193 4131 471 4174 nunurunsetrromen.
539 4138 563 4185 9.
574 4126 649 4189 quod]
658 4128 687 4173 in
696 4127 765 4191 qued
772 4127 845 4186 M,et
856 4127 926 4175 idest
940 4126 1038 4174 Christi
1053 4125 1123 4174 reicit
1137 4135 1192 4188 post
1205 4123 1389 4172 Antichristus.
1468 4135 1503 4184 13.
1519 4126 1557 4174 Et

192 4205 414 4270 tlec'1proexlec?
481 4219 517 4268 ι4.
537 4207 580 4255 sed
591 4208 700 4268 Christe]
713 4210 753 4256 Ab
768 4208 841 4258 lnltio
856 4209 994 4272 quidem,i.
1011 4225 1032 4257 e.
1047 4223 1112 4257 saec.
1128 4220 1147 4256 tt
1162 4217 1184 4255 ct
1199 4218 1243 4266 ιιι,
1257 4205 1353 4256 Christi
1365 4221 1556 4269 monogramma

192 4288 291 4338 duabus
301 4289 479 4338 tantummodo
491 4288 582 4339 litteris
594 4290 606 4338 Ι
618 4298 643 4339 et
656 4291 679 4338 X
691 4291 834 4350 constabat,
847 4292 916 4340 seda
930 4291 1021 4356 qulbus
1034 4289 1174 4353 inciperent
1186 4289 1310 4337 vocabula
1321 4287 1421 4348 Ἰησοῦς
1434 4284 1551 4355 Χριστός.

192 4371 296 4432 simma]
319 4371 358 4419 lta
386 4386 432 4435 pro
449 4371 530 4435 sigma
548 4372 641 4436 legitur
663 4373 689 4422 in
714 4373 843 4423 Pachomii
866 4373 980 4439 epistolis
1003 4373 1036 4420 ab
1061 4371 1222 4434 Hieronymo
1244 4369 1271 4419 in
1294 4370 1401 4420 latinum
1426 4371 1554 4420 translatis

194 4453 295 4518 (hligne
306 4464 347 4516 23,
360 4466 393 4514 92
405 4465 428 4501 tt.
442 4455 492 4513 c.);
503 4455 758 4518 rurtnrufisritursed
765 4456 825 4516 loca,
839 4453 1140 4506 insulsehoclococodex
1150 4455 1185 4501 M.
1288 4465 1326 4512 24.
1347 4452 1386 4512 in]
1400 4453 1554 4516 praepositio

194 4536 348 4600 hicqaoque
359 4551 389 4584 ex
407 4536 549 4586 abundanti
566 4553 620 4587 esse
631 4538 739 4588 videtur.
841 4551 880 4602 25.
901 4537 1054 4596 incts'natur]
1071 4537 1175 4585 Frustra
1191 4534 1299 4584 alterum
1316 4535 1348 4583 de
1367 4534 1414 4584 hac
1434 4535 1554 4598 singulari

196 4618 421 4682 monogrammatis
438 4619 516 4684 figura
531 4621 704 4670 testimonium
723 4621 788 4672 inter
807 4629 971 4670 monumenta
988 4619 1138 4669 christianae
1156 4617 1317 4682 antiquitatis
1332 4617 1454 4682 quaesivi.
