4092 5502
478 400 560 482 266
794 466 798 480 .
844 426 872 482 S.
895 424 1150 484 martourur
1174 424 1438 483 Pausur'ruur
1476 431 1479 438 ·

474 641 602 724 aliquis,
629 638 811 705 co'nfitetur'
835 660 895 722 pro
921 638 1158 708 fornicatione:
1187 639 1244 703 sed
1272 638 1431 722 quoniam
1460 646 1511 701 est
1537 644 1597 702 aut
1621 643 1828 712 avarus,†aut

477 745 662 820 iracundus,
677 753 735 806 aut
751 743 927 818 detractor,
943 750 1000 806 aut
1016 741 1244 824 blasphemus,
1260 751 1293 803 et
1309 741 1452 823 plurima
1467 741 1548 808 vitia
1564 740 1674 818 habet,
1690 742 1751 804 iste
1764 742 1830 804 no'n

477 849 652 915 confitetur
668 847 700 910 in
719 847 914 911 totocorde.
933 846 967 911 Si
984 847 1059 928 quis
1084 854 1196 910 autem
1215 865 1275 926 pro
1291 847 1447 911 omnibus
1463 847 1552 911 vitiis
1569 855 1602 910 et
1623 843 1830 928 passionibus

476 956 607 1019 animae
624 972 703 1017 suae
720 951 789 1033 agit
804 949 1121 1034 paenitentiam‚iste
1139 957 1249 1031 potest
1264 947 1385 1020 dicere:
1398 948 1593 1016 Confiteb‘or
1611 948 1670 1016 tibi
1684 948 1829 1013 Domine

441 1128 445 1137 ,
477 1059 509 1123 in
528 1055 713 1121 totocorde
731 1073 816 1118 meo,
834 1051 998 1131 Quonr'rrm
1013 1051 1140 1114 audriti
1153 1051 1262 1115 omnia
1278 1051 1374 1120 verba
1397 1054 1465 1118 oiri
1480 1054 1550 1119 m'ei.
1568 1053 1638 1118 Iste
1653 1053 1830 1118 versiculus
1854 1067 1872 1120 ’5

476 1164 508 1226 in
524 1161 680 1228 hebraico
696 1177 763 1222 non
780 1157 928 1228 habetur.
945 1155 1101 1220 Ceterum
1118 1156 1208 1238 quod
1225 1155 1315 1232 dicit,
1330 1155 1394 1220 hoc
1409 1168 1461 1221 est
1476 1181 1483 1222 ε
1501 1157 1680 1238 Propterea
1695 1155 1831 1220 confite·

476 1267 536 1330 bor
552 1263 612 1328 tibi
630 1261 775 1325 Domine
792 1260 824 1322 in
843 1269 915 1323 toto
938 1259 1041 1322 'corde
1058 1278 1141 1335 meo,
1157 1258 1219 1322 hoc
1247 1268 1306 1335 est,
1324 1280 1384 1341 pro
1412 1263 1568 1328 omnibus
1597 1259 1685 1327 vitiis
1702 1260 1784 1324 meis
1798 1269 1830 1324 et

477 1368 631 1453 peccatis,
645 1364 804 1448 quoniam
823 1383 889 1426 non
907 1385 967 1446 pro
985 1363 1148 1426 unovitio
1165 1363 1335 1430 confessus
1358 1387 1431 1430 sum
1449 1366 1520 1441 tibi,
1536 1379 1569 1429 et
1584 1365 1752 1429 exaudisti
1771 1385 1832 1429 me.
1883 1355 1885 1364 ’

520 1473 567 1536 Et
581 1471 615 1534 in
631 1477 789 1550 conspectu
805 1468 993 1548 angelorum
1002 1467 1146 1549 psallam
1163 1467 1232 1532 tibi.
1250 1468 1338 1531 Vide
1355 1471 1606 1550 provectionem
1624 1469 1833 1552 paenitentis,

476 1579 555 1661 quia
571 1585 647 1658 post
674 1571 916 1636 consessionem
934 1583 967 1638 et
983 1573 1221 1653 paenitentiam
1249 1593 1323 1636 cum
1353 1572 1481 1654 angelis
1510 1583 1655 1638 meretur
1683 1573 1832 1655 psallere.
1847 1592 1876 1628 10

479 1682 544 1765 Qui
560 1689 673 1745 autern
694 1675 814 1759 psallit,
830 1675 895 1739 iam
924 1695 990 1738 non
1018 1677 1087 1757 agit
1105 1676 1355 1756 paenitentiam,
1370 1677 1428 1740 se'd
1447 1677 1667 1759 gratiasagit,
1684 1686 1717 1740 et
1733 1676 1831 1740 bene·

477 1785 565 1850 dicit.
580 1779 735 1846 Adornbo
750 1779 798 1842 nd
809 1779 961 1860 templum
977 1789 1124 1842 sanctum
1141 1789 1241 1842 tuum.
1256 1779 1292 1844 Si
1308 1781 1372 1844 hoc
1387 1791 1436 1844 est
1452 1781 1626 1862 templum,
1641 1781 1730 1864 quod
1743 1799 1831 1845 nunc

476 1887 795 1958 videturdesertum,
807 1883 839 1944 in
850 1901 919 1964 quo
930 1893 1061 1965 oportet
1072 1885 1210 1947 adorare
1223 1907 1230 1946 ι
1245 1903 1325 1965 ergo
1337 1904 1402 1947 non
1414 1883 1539 1948 debent
1555 1886 1693 1948 adorare
1707 1883 1833 1960 Iudaei,

477 1991 635 2078 quoniam
653 2005 802 2060 eversum
819 1993 870 2048 est
887 1985 1059 2068 templum.
1075 1984 1254 2065 Templum
1272 1996 1384 2060 autem
1401 1988 1482 2051 dicit
1498 1996 1649 2056 sanctam
1670 1998 1704 2053 et
1729 1989 1833 2054 caele·

477 2110 563 2165 stem
582 2093 802 2161 Hierusalem.
1509 2099 1513 2106 ’
1849 2111 1876 2163 ις

526 2202 634 2284 Super
644 2193 865 2262 misericordia
881 2203 938 2256 trra
953 2201 985 2256 et
999 2191 1134 2254 veritate
1158 2201 1222 2255 lua.
1243 2193 1398 2257 Peccator
1422 2196 1537 2268 audiat
1563 2196 1835 2274 misericordiam,

477 2307 583 2370 iustus
599 2313 710 2368 autem
728 2313 761 2366 et
778 2299 938 2382 superbus
956 2295 1069 2362 audiat
1086 2297 1268 2360 veritatem.
1300 2311 1303 2318 ’

519 2407 760 2492 Multiplicabis
785 2407 819 2469 in
845 2404 960 2469 anima
983 2424 1053 2467 mea
1080 2403 1245 2468 virtutem.
1263 2403 1525 2486 Multiplicabls:
1550 2404 1614 2470 hoc
1641 2414 1701 2481 est,
1718 2405 1831 2470 multis

479 2514 756 2582 sollicitudinibus
773 2512 943 2575 subiacere
960 2509 1115 2573 animam.

523 2615 743 2699 Confiteaninr
759 2612 820 2676 tibi
836 2611 973 2675 Domine
989 2633 1095 2675 omnes
1112 2633 1200 2694 reges
1214 2622 1327 2677 terrae.
1346 2615 1455 2696 Reges
1480 2624 1587 2677 terrae
1603 2622 1681 2676 sunt
1698 2612 1751 2676 isti
1771 2612 1828 2696 qui
1846 2633 1876 2670 ιο

476 2729 616 2804 regnant
633 2727 779 2800 peccato.
797 2716 887 2799 Ergo
913 2716 973 2796 ipsi
991 2713 1219 2792 confiteantur,
1235 2717 1290 2798 qui
1319 2726 1461 2796 regnant
1485 2726 1631 2800 peccatu.
1651 2715 1722 2781 Nec
1738 2719 1827 2781 enirn

475 2825 517 2888 de
534 2823 665 2904 regibus
681 2821 763 2883 dicit
789 2819 886 2882 huius
903 2821 1027 2882 mundi.
1054 2819 1222 2901 Scriptum
1241 2831 1290 2883 est
1307 2821 1395 2884 enirn
1410 2846 1417 2886 ι
1432 2827 1442 2854 ‘
1457 2823 1524 2888 Cor
1551 2823 1637 2905 regis
1663 2823 1694 2886 ln
1728 2823 1826 2887 rn'anu

477 2927 539 2991 Dei
557 2927 572 2989 ’.
590 2927 700 2999 Putas,
715 2944 771 2986 cor
789 2924 908 2988 Iuliani
924 2925 1110 3004 impiissimi
1129 2925 1161 2986 in
1180 2945 1278 2987 manu
1298 2923 1367 2987 Dei
1379 2923 1465 2987 suit?
1481 2925 1577 2989 absit.
1595 2915 1666 2988 Aut
1684 2921 1829 2988 Neronis

475 3042 533 3095 aut
558 3029 757 3093 Maximiani
786 3037 819 3091 et
852 3029 946 3091 Decii
978 3033 1251 3109 persecutorum?
1278 3029 1372 3092 absit.
1400 3029 1467 3093 Sed
1495 3028 1538 3092 de
1566 3028 1629 3091 illis
1654 3027 1745 3103 dicit,
1773 3025 1828 3110 qui

476 3145 615 3220 regnant
628 3143 774 3216 peccato,
786 3133 864 3215 quia
881 3133 934 3196 isti
947 3132 1003 3215 qui
1014 3132 1150 3196 vincunt
1163 3133 1288 3196 vitiaret
1304 3131 1618 3215 passiones'animae
1635 3141 1669 3196 et
1686 3139 1829 3213 regnant
1846 3149 1875 3202 25

474 3248 620 3325 peccato
634 3259 689 3303 cor
704 3257 818 3301 eorum
836 3237 869 3300 in
886 3256 986 3300 manu
1006 3237 1069 3299 Dei
1086 3248 1143 3300 est.
1160 3235 1248 3315 Quia
1263 3239 1440 3300 arrdicrunt
1455 3234 1753 3302 ornnr'crverbaoris
1765 3235 1830 3302 tui:

474 3344 552 3428 quia
568 3341 797 3406 custodierunt
814 3341 972 3403 mandata
989 3349 1055 3403 tua.
1763 3413 1765 3416 Ι

518 3447 564 3510 Et
577 3454 705 3509 cantent
720 3444 755 3506 in
774 3441 840 3506 viis
855 3441 1002 3506 Domini.
1020 3442 1213 3524 Philosophi
1230 3443 1327 3507 liuius
1343 3444 1464 3532 saeculi
1484 3464 1549 3506 non
1567 3444 1828 3514 cantaveruntin

475 3550 534 3613 viis
548 3548 696 3624 Domini,
708 3545 765 3609 sed
778 3565 838 3608 nos
848 3554 1023 3610 cantamus
1034 3546 1065 3608 in
1077 3546 1138 3608 viis
1152 3545 1298 3622 Domini,
1314 3545 1376 3609 hoc
1390 3557 1448 3623 est,
1461 3547 1492 3610 in
1506 3547 1626 3630 Moyse
1636 3557 1669 3611 et
1681 3546 1779 3616 Esaia
1797 3557 1830 3611 et

478 3652 646 3716 Hieremia
662 3674 669 3714 ε
685 3660 718 3713 et
731 3649 773 3713 de
787 3650 848 3711 viis
861 3649 932 3712 istis
943 3649 1150 3713 venimusvad
1166 3648 1254 3712 illam
1269 3651 1354 3714 viam
1368 3670 1454 3732 quae
1466 3651 1547 3715 dicit
1559 3656 1566 3683 ⁸
1578 3651 1654 3734 Ego
1665 3671 1737 3714 sum
1752 3652 1805 3714 via
1814 3650 1830 3714 ¹.
1848 3668 1877 3719 3⁰

509 3869 517 3904 1
526 3848 813 3920 sirnicalr'orrelGadd.
827 3867 881 3900 sira.
962 3851 1111 3912 airardum.
1126 3853 1158 3901 G.
1238 3847 1431 3914 3iniololext.
1448 3854 1499 3904 SG.
1580 3855 1762 3918 sonmr'a]om'.
1778 3857 1828 3906 BC.

474 3939 561 4000 Siron]
581 3954 630 3986 orn.
646 3938 671 3986 S.
774 3935 1024 3998 9Etinrorrspeclu]
1043 3935 1117 3984 codd.
1134 3936 1178 3997 (gr.
1194 3929 1393 3994 καὶέναντίον);
1415 3934 1430 4002 β
1449 3953 1499 3986 om.
1513 3945 1542 3987 et.
1608 3937 1830 4004 provectionem]

469 4020 642 4087 prosectionem
656 4017 716 4075 BC;
731 4015 906 4081 professionem
921 4015 949 4064 L.
1055 4027 1079 4063 11
1101 4031 1150 4062 uon
1170 4017 1223 4078 agii
1237 4017 1431 4080 parturientium]
1451 4035 1500 4067 non
1519 4027 1554 4066 est
1565 4019 1593 4067 in
1601 4019 1784 4082 paerrr'lenlianr
1797 4019 1828 4070 G.

479 4117 505 4152 12
519 4096 640 4157 Adai-alo]
652 4099 772 4146 milr'oralro
785 4097 814 4146 C.
917 4099 946 4146 16
958 4098 1040 4160 Super
1050 4098 1219 4145 rrriserr'rordia
1231 4104 1275 4146 tun
1287 4104 1311 4146 21
1321 4099 1424 4147 verilate
1435 4099 1490 4160 tua]
1499 4107 1577 4164 supra
1588 4116 1643 4150 cum
1656 4105 1764 4150 accusat.
1777 4101 1827 4151 SG.

478 4199 504 4246 17
519 4179 609 4240 iustus]
622 4183 732 4230 inr'uslus
744 4181 776 4229 G.
864 4179 1124 4239 19solliciiuriinibus]
1136 4180 1222 4228 solicil.
1239 4181 1272 4235 ὃς
1285 4180 1463 4230 solitudinibus
1475 4181 1506 4241 G,
1522 4182 1615 4232 Ccorr.
1698 4183 1831 4242 subr'acerc]

478 4266 556 4322 llCS;
576 4265 737 4312 subiacenlem
752 4260 766 4326 β
779 4280 785 4320 ;
802 4262 923 4332 ¹subiecere
935 4261 957 4309 G
970 4278 976 4318 ;
994 4262 1100 4308 rulu'rcre
1113 4260 1132 4309 l.
1234 4273 1266 4308 22
1277 4261 1347 4323 dicit]
1359 4263 1424 4312 codd
1438 4280 1444 4320 ;
1464 4277 1512 4312 om.
1530 4261 1553 4330 β
1653 4263 1733 4326 eninr]
1746 4263 1831 4334 DCGz

475 4365 525 4397 nrn.
542 4345 584 4412 βᾶ.
688 4343 905 4404 241lluximinnr']
924 4343 1072 4392 Domr'rinui
1091 4343 1119 4392 L.
1222 4343 1308 4406 Decii]
1328 4346 1404 4394 decim
1418 4345 1439 4395 C
1457 4348 1520 4408 (sup.
1535 4345 1578 4394 lln.
1593 4353 1681 4395 mutat.
1695 4346 1828 4408 indecem).

476 4443 508 4492 30
518 4428 643 4489 verrimus]
654 4427 781 4476 vcnieruus
794 4427 825 4474 G.
926 4425 981 4485 via]
995 4425 1039 4472 All
1052 4425 1110 4474 arld.
1125 4433 1148 4472 cl
1159 4426 1259 4474 vrrilar.

519 4617 532 4654 2
539 4615 564 4670 3.
585 4591 655 4674 Dei]
672 4595 756 4654 Pror.
771 4611 817 4666 ar,
832 4611 853 4650 r.
872 4591 917 4654 Ci.
935 4609 1022 4666 supra
1037 4611 1063 4668 p.
1079 4593 1126 4663 48,
1222 4609 1268 4668 30.
1285 4589 1346 4672 rrr'rr]
1363 4595 1407 4654 Io.
1425 4613 1469 4668 14,
1481 4597 1506 4652 6.

475 4681 491 4739 l.
511 4699 555 4754 32·
