4060 5498
548 427 803 488 TRACTATUS
834 428 891 486 DE
921 426 1090 486 PSALMO
1120 428 1185 488 XC.
1514 417 1569 522 69

212 627 349 692 Domini
366 629 409 692 ad
425 629 554 692 caelum
571 629 709 706 levatae,
726 649 792 692 non
810 629 972 692 auxilium
992 629 1216 712 postulabant,
1243 633 1301 694 sed
1332 651 1393 694 nos
1419 632 1558 697 miseros

211 733 443 815 protegebant.

254 837 353 900 Scuto
367 837 583 902 circumdabit
597 825 628 901 te
640 840 762 901 veritas
776 839 846 901 eius
860 861 867 902 :
883 838 946 901 hoc
963 848 1022 915 est,
1039 841 1071 902 in
1082 839 1189 921 girum
1204 841 1468 904 circumdaberis
1482 841 1564 904 veri·

211 955 288 1006 tate.
305 943 350 1005 Et
366 945 446 1025 quid
463 944 637 1025 sequitur?
654 944 729 1006 Noa
745 943 873 1005 timebis
888 965 908 1006 a
925 943 1039 1006 timore
1055 953 1214 1007 nocturno.
1229 945 1342 1007 Iustus
1367 965 1433 1008 non
1463 945 1564 1008 habet

160 1074 174 1126 5
211 1055 411 1109 nocturnum
428 1047 594 1124 timorem,
610 1048 669 1110 sed
688 1047 762 1110 diei.
779 1057 785 1078 ⁸
801 1047 934 1124 Venite,
953 1047 1018 1124 filii,
1035 1049 1151 1110 audite
1168 1069 1231 1125 me,
1247 1049 1403 1113 timorem
1424 1049 1563 1111 Domini

210 1153 339 1215 docebo
356 1172 414 1214 uos
426 1152 440 1215 '.
456 1151 521 1233 Qui
534 1149 590 1213 filii
609 1160 687 1213 sunt
705 1150 952 1232 prophetarum,
967 1152 1121 1215 timorem
1134 1172 1199 1214 non
1214 1152 1341 1215 habent
1353 1160 1567 1228 nocturnum,

211 1277 318 1338 neque
334 1255 557 1332 tenebrarum,
574 1256 630 1318 sed
650 1255 732 1318 lucis
748 1266 781 1316 et
798 1254 873 1318 diei.
890 1259 896 1285 ‘
915 1255 963 1320 Ut
980 1256 1144 1336 sagittent
1168 1257 1200 1317 in
1227 1256 1428 1319 abscondito
1456 1264 1565 1319 rectos

209 1361 308 1424 corde
325 1359 341 1424 '.
371 1360 534 1422 Diabolus
561 1359 702 1442 sagittas
728 1379 804 1422 suas
830 1361 862 1420 in
891 1360 947 1421 die
977 1379 1044 1422 non
1071 1360 1186 1436 mittit,
1214 1381 1256 1423 ne
1271 1361 1434 1424 videatur.
1452 1359 1566 1424 Omne

210 1465 298 1527 enim
316 1467 406 1546 quod
424 1466 455 1526 in
475 1463 608 1540 lucebit,
626 1462 861 1527 manifestatur
876 1484 896 1526 a
913 1464 996 1529 luce.

163 1597 192 1632 10
253 1568 321 1633 Sed
339 1569 430 1632 dicat
446 1569 588 1650 aliquis:
608 1569 642 1632 Si
659 1567 814 1631 diabolus
832 1588 896 1630 non
921 1570 1058 1649 sagittat
1076 1569 1106 1630 in
1124 1570 1187 1645 die,
1212 1572 1385 1650 quomodo
1411 1589 1492 1651 ergo
1516 1590 1565 1631 se-

210 1674 325 1756 quenti
341 1672 505 1736 versiculo
528 1673 704 1754 psalmista
728 1673 818 1748 dicit,
833 1673 864 1734 Α
883 1673 1007 1755 sagitta
1026 1674 1152 1735 valante
1169 1685 1230 1754 per·
1244 1673 1363 1736 diem?
1389 1671 1486 1754 Quae
1513 1681 1564 1734 est

211 1779 273 1840 ista
288 1778 421 1859 sagitta,
433 1797 518 1859 quae
536 1797 594 1857 per
609 1777 697 1840 diern
717 1777 826 1840 volat?
841 1777 1004 1841 Doctrina
1017 1778 1259 1842 haereticorum
1278 1789 1343 1842 est:
1359 1799 1446 1860 quae
1469 1779 1564 1860 quasi

211 1903 269 1964 per
284 1883 384 1954 diem,
404 1881 467 1944 hoc
483 1891 543 1958 est,
559 1881 667 1963 legem
687 1882 751 1945 Dei
777 1882 841 1944 huc
867 1882 1012 1964 illucque
1044 1882 1171 1960 volitat,
1203 1885 1282 1946 dum
1316 1883 1477 1946 adversus
1502 1903 1563 1946 nos

211 1986 352 2050 sollicite
369 1986 528 2068 inquisita
544 1997 729 2066 congerunt
751 1986 956 2062 testimonia,
974 2007 1061 2068 quae
1087 1988 1422 2070 interpretationibus
1451 1988 1519 2050 suis
1547 2009 1566 2048 a

164 2116 191 2168 15
211 2091 350 2154 veritate
376 2092 568 2171 depravant.
597 2091 643 2152 Et
669 2113 689 2152 a
718 2091 842 2171 aragona
855 2091 1105 2172 perambulante
1129 2092 1163 2154 in
1190 2092 1335 2154 tenebris.
1366 2092 1443 2155 Non
1467 2092 1570 2169 dixit,

211 2204 331 2270 stante,
348 2196 405 2257 sed
424 2194 700 2276 perambulante:
716 2197 793 2276 quia
811 2195 969 2258 haeretici
987 2216 1170 2278 numquam
1189 2199 1220 2258 in
1234 2197 1410 2259 sententiis
1427 2195 1566 2260 stabiles

212 2308 298 2375 sunt,
313 2299 371 2361 sed
393 2319 525 2380 semper
542 2307 714 2362 mutantur
729 2311 831 2381 atque
847 2299 1092 2380 perambulant.
1112 2301 1139 2362 Α
1146 2301 1164 2363 b
1189 2301 1320 2362 incursa
1345 2311 1377 2362 et
1397 2298 1565 2363 daerreonia

212 2401 401 2466 meridiano.
431 2403 592 2484 Legimus
623 2405 656 2466 in
683 2403 817 2480 Genesi,
842 2405 932 2486 quod
960 2405 1083 2486 loseph
1111 2406 1228 2468 iratres
1255 2426 1334 2468 suos
1360 2407 1392 2468 in
1426 2404 1564 2468 meridie

213 2511 360 2589 paverit;
377 2521 410 2571 et
428 2510 459 2570 in
478 2509 625 2572 Cantlcls
638 2511 845 2571 canticorum
863 2510 1024 2590 scriptum
1043 2521 1092 2572 est
1107 2534 1114 2573 ε
1127 2517 1134 2542 ⁸
1147 2511 1214 2575 Ubi
1232 2512 1344 2588 cubas,
1361 2511 1417 2574 ubi
1436 2510 1568 2591 pascis?

161 2639 194 2674 20
215 2615 252 2676 ln
270 2613 435 2676 meridie.’
450 2613 723 2694 Ergoquomodo
736 2613 842 2675 sancti
857 2613 984 2677 liabent
997 2615 1168 2677 meridiem
1183 2624 1216 2679 et
1233 2616 1341 2678 lucem
1356 2615 1411 2678 ubi
1426 2621 1567 2695 pascant

212 2728 244 2780 et
264 2717 432 2793 recubent,
449 2718 494 2779 ita
510 2727 543 2779 et
560 2716 715 2780 diabolus
731 2717 988 2799 transfiguratus
1004 2719 1036 2780 in
1055 2718 1212 2800 angelum
1241 2719 1321 2781 lucis
1348 2718 1449 2780 habet
1470 2717 1565 2778 mini-

212 2833 298 2885 stros
314 2843 391 2884 suos
408 2821 671 2904 transfiguratos,
689 2823 779 2885 velut
801 2822 973 2885 ministros
989 2822 1144 2887 iustitiae.
1164 2823 1253 2902 Ergo
1275 2823 1414 2904 quando
1440 2821 1566 2882 videris

212 2926 415 2988 haereticum
445 2927 706 3007 praedicantem,
729 2935 761 2988 et
789 2927 968 3002 dicentem,
987 2927 1082 2990 Haec
1102 2926 1184 2989 dicit
1203 2925 1350 3007 Moyses,
1371 2924 1436 2987 hoc
1464 2924 1567 3004 scrip·

212 3041 283 3094 tum
301 3031 397 3094 estin
416 3029 595 3112 prophetis,
611 3029 675 3092 hoc
692 3031 724 3091 in
742 3031 948 3111 evangeliis;
972 3051 1083 3093 nonne
1099 3030 1159 3093 tibi
1178 3031 1317 3104 videtur,
1334 3030 1363 3092 si
1391 3026 1566 3110 perfidiam

163 3153 193 3205 25
214 3135 333 3198 mentis
357 3135 499 3216 ignores,
515 3134 604 3215 quod
622 3133 815 3216 loquentem
838 3135 955 3198 audias
976 3135 1133 3215 angelum
1152 3133 1365 3198 Salvatoris?
1387 3132 1568 3215 Simplices

212 3247 325 3301 autem
344 3249 463 3320 putant
476 3258 548 3301 esse
565 3239 733 3320 quendam
752 3240 951 3302 daemonem
970 3239 1201 3314 meridianum,
1218 3241 1274 3321 qui
1295 3239 1434 3301 meridie
1459 3237 1566 3318 magis

213 3343 364 3405 homines
380 3343 485 3423 possit
502 3343 675 3406 incurrere.
694 3343 766 3406 Nos
783 3351 896 3405 autern
915 3343 1158 3406 haereticorum
1177 3343 1344 3424 principes
1371 3344 1569 3423 interpreta-

215 3444 324 3509 bimur
352 3449 535 3509 daemones
576 3446 787 3522 meridianos,
815 3448 871 3529 qui
898 3447 1096 3532 simulantes
1123 3447 1261 3528 angelos
1290 3448 1381 3523 lucis,
1407 3447 1570 3528 dogmata

248 3700 256 3734 1
272 3687 376 3747 leuatae]
388 3688 481 3734 laevate
494 3687 522 3734 L.
631 3686 818 3749 postulabant...
829 3685 998 3750 protegebant]
1010 3686 1179 3748 postulabat...
1194 3686 1335 3750 protegebat
1353 3685 1381 3733 L.
1495 3697 1509 3747 3
1523 3685 1571 3732 ce'r·

210 3769 375 3829 crerredaberr's]
397 3767 504 3832 scripsi;
531 3769 727 3817 rr'rcurrrdauere's
751 3769 772 3817 L
795 3781 803 3817 1
824 3787 867 3828 uu,
892 3781 943 3818 tum
967 3769 1139 3827 circumdabis,
1164 3784 1194 3817 ac
1217 3769 1318 3816 demum
1342 3785 1357 3814 a
1382 3768 1407 3814 in
1431 3769 1441 3814 ι’
1465 3775 1569 3816 mutata.

211 3846 326 3908 veritate]
337 3853 468 3898 veritatem
481 3849 510 3899 L.
606 3846 839 3908 8rru'tte't.]mr'tt&²
852 3851 881 3901 L.
977 3846 1197 3914 resalutatio.
1214 3849 1408 3900 corr.exSeL.
1505 3861 1531 3896 11
1548 3852 1570 3897 A

210 3932 313 3997 sagitta]
325 3950 350 3980 m
362 3934 388 3982 in
402 3933 451 3982 fine
463 3948 534 3981 erasa
543 3933 572 3981 L.
677 3943 705 3996 15
714 3931 863 3997 depravant]
871 3949 926 3998 sup.
939 3933 983 3983 lin.
995 3949 1059 3982 corr.
1069 3949 1099 3982 ex
1108 3934 1229 3996 depravat
1238 3933 1267 3981 L.
1279 3931 1352 3982 Conl.
1365 3947 1441 3996 supra
1451 3931 1494 3980 lin.
1510 3944 1520 3979 1
1532 3945 1570 3996 sq.

207 4016 410 4080 perambulante]
422 4033 446 4064 ra
458 4015 483 4064 in
497 4014 546 4063 fine
562 4031 634 4064 erasa
652 4016 681 4064 1.
786 4016 814 4064 16
825 4022 936 4064 stante...
945 4014 1148 4079 perambulante]
1159 4021 1297 4064 stanterrr...
1309 4013 1525 4078 perambulantem
1539 4012 1568 4062 L.

212 4111 241 4146 21
256 4096 381 4158 recubent]
393 4113 416 4145 m
429 4114 500 4146 erasa
512 4114 567 4160 sup.
582 4114 599 4145 u
613 4098 641 4146 L.
743 4096 952 4162 transfiguratur]
963 4114 994 4146 us
1006 4109 1094 4162 postea
1106 4114 1169 4147 corr.
1189 4113 1220 4146 ex
1241 4113 1284 4146 uria
1306 4097 1335 4146 L.
1437 4097 1572 4160 abputarrt

210 4195 261 4230 esse
271 4177 407 4244 quendam]
420 4181 459 4228 lta
470 4179 576 4229 omnino
588 4179 774 4244 corrigendum,
791 4187 949 4243 expectantes
960 4181 1121 4245 sequendam,
1135 4180 1202 4244 quod
1216 4180 1242 4228 in
1255 4181 1276 4228 L
1289 4179 1389 4243 legitur.

254 4401 280 4455 6.
299 4393 358 4477 aas]
377 4400 420 4456 Ps.
439 4417 485 4472 33,
507 4419 549 4456 12.
922 4421 934 4458 1
943 4417 967 4475 ς,
988 4421 1022 4473 ¹4
1049 4399 1186 4460 ‘Cotidie
1209 4399 1288 4458 enim
1312 4397 1454 4459 haeretici
1477 4396 1572 4456 inmu-

256 4485 282 4538 8.
298 4475 394 4557 corde]
410 4481 456 4537 Ps.
482 4501 524 4550 ro,
543 4499 569 4555 3.
920 4495 983 4541 tant
999 4487 1140 4558 dogmata
1156 4501 1209 4540 sua
1221 4484 1235 4539 '.

255 4583 272 4637 9
297 4583 316 4621 a
331 4558 402 4641 luce]
419 4561 465 4622 Cf.
484 4563 594 4636 Ephes.
614 4580 639 4637 5,
657 4581 699 4637 13.
963 4585 1007 4622 20.
1024 4564 1065 4622 In
1081 4560 1210 4644 erterr'dr‘e]
1226 4564 1312 4624 Cant.
1341 4579 1359 4634 1,
1380 4565 1406 4622 6.

259 4661 302 4719 17.
317 4654 426 4721 semper
445 4639 614 4722 rrratartur]
636 4645 682 4705 Cl.
699 4663 788 4721 supra
805 4647 868 4704 111²
964 4665 1009 4704 ar.
1026 4642 1111 4725 lacis]
1129 4666 1144 4703 2
1161 4647 1231 4706 Cor.
1252 4665 1297 4716 11,
1319 4665 1361 4716 14.
