4160 5500
582 433 776 496 nonum
797 435 855 496 pu
875 437 1142 504 nnsrvnnnn
1165 445 1337 508 nonnul
1551 445 1632 533 397

279 656 357 721 tatis
383 654 692 738 desolavitzlegem
721 663 799 720 tunc
826 656 929 737 dedit,
955 667 992 724 ut
1019 645 1129 726 nullus
1158 663 1359 729 Iudaeorum
1390 665 1635 750 Hierosolymis

279 761 459 839 accederet,
474 769 508 824 et
524 760 557 822 in
574 760 672 823 istam
689 760 859 825 civitatem
875 762 919 826 de
934 763 1072 827 diversis
1086 766 1264 848 provinciis
1281 767 1424 835 adduxit
1441 771 1634 834 neotericos.

280 866 434 948 Denique
449 865 621 929 dicebatur
639 864 843 943 Hadrianus,
857 865 977 931 Aelius
994 868 1208 935 Hadrianus:
1224 872 1360 937 nomine
1376 894 1455 956 ergo
1470 894 1540 954 suo,
1551 895 1633 958 quo·

279 968 368 1034 niam
387 969 659 1052 Hierosolymam
676 966 892 1048 subverterat,
907 970 1043 1036 Aeliam
1069 978 1283 1060 nuncupavit.
1302 979 1379 1043 Hoc
1405 988 1513 1044 totum
1530 1001 1633 1064 quare

244 1087 258 1141 5
278 1073 377 1139 dico?
393 1073 482 1158 Quia
494 1073 591 1138 nobis
605 1073 722 1138 dicunt
737 1095 743 1136 :
761 1071 827 1136 Hic
844 1074 988 1155 apostoli
1005 1075 1148 1153 luerunt,
1158 1079 1212 1145 hic
1228 1081 1365 1147 traditio
1380 1083 1451 1149 suit.
1465 1083 1536 1148 Nos
1551 1104 1632 1168 ergo

277 1177 418 1244 dicimus
434 1177 512 1260 quia
527 1176 627 1240 hodie
643 1176 784 1260 Xpistus
801 1185 898 1242 natus
914 1189 973 1257 est,
986 1191 1063 1262 post
1078 1183 1111 1246 in
1126 1183 1324 1267 Epiphanlis
1340 1196 1473 1252 renatus
1489 1197 1549 1254 est.
1560 1188 1632 1253 Vos

277 1281 438 1345 adstruitc
454 1281 551 1344 nobis
573 1281 823 1363 generationem
851 1293 884 1348 et
909 1285 1204 1367 regenerationem,
1220 1311 1279 1354 vos
1302 1293 1359 1374 qui
1375 1291 1485 1357 dicitis
1500 1293 1533 1357 in
1552 1295 1631 1378 Epi-

277 1384 408 1469 phaniis
432 1395 571 1450 natum:
595 1385 732 1468 quando
758 1405 839 1469 ergo
862 1390 990 1471 accepit
1018 1388 1233 1473 baptismum,
1249 1393 1311 1458 nisi
1339 1415 1452 1460 verum
1476 1407 1631 1462 eventum

276 1488 395 1567 dicitis,
411 1499 447 1555 ut
471 1490 504 1553 in
530 1489 648 1554 eadem
673 1489 728 1553 die
754 1497 787 1554 et
814 1499 912 1556 natus
939 1493 982 1557 sit
1008 1503 1042 1557 et
1065 1496 1224 1560 renatus?
1241 1498 1483 1564 Praedicationi
1499 1511 1632 1566 nostrae

228 1614 259 1652 ro
276 1593 376 1658 etiarn
393 1603 544 1658 creatura
570 1593 746 1672 consentit,
763 1595 908 1660 mundus
934 1597 1004 1679 ipse
1028 1599 1123 1663 testis
1139 1610 1189 1664 est
1205 1602 1278 1665 voci
1296 1612 1436 1669 nostrae.
1454 1605 1572 1688 Usque
1587 1606 1628 1669 ad

275 1699 362 1766 hanc
377 1701 467 1765 diem
484 1702 642 1766 tenebrae
656 1709 817 1775 crescunt,
827 1699 871 1762 ab
882 1699 944 1764 hac
961 1701 1015 1764 die
1030 1702 1226 1767 decrescunt
1244 1706 1420 1772 tenebrae:
1436 1707 1496 1772 lux
1506 1709 1632 1786 crescit,

275 1807 472 1872 decrescunt
497 1805 676 1872 tenebrae:
702 1805 820 1868 crescit
844 1805 924 1882 dies,
949 1805 1109 1870 decrescit
1132 1827 1231 1886 error,
1258 1809 1379 1874 veritas
1403 1811 1501 1876 subit.
1519 1811 1632 1876 Hodie

276 1903 371 1978 nobis
386 1912 436 1976 sol
449 1912 594 1976 iustitiae
610 1909 764 1975 nascitur.
777 1908 952 1993 Simulque
964 1919 997 1974 et
1009 1909 1099 1973 aliud
1112 1911 1328 1979 considerate.
1342 1914 1433 1978 Inter
1447 1914 1630 1980 Dominum

274 2025 308 2081 et
336 2015 520 2081 Iohannem
547 2015 735 2099 Baptistam
761 2034 822 2078 sex
851 2033 981 2077 menses
1006 2023 1107 2078 sunt:
1123 2015 1150 2076 si
1177 2017 1394 2082 consideretis
1421 2019 1628 2084 nativitatem

227 2135 255 2189 ¹5
276 2119 436 2185 Iohannis
451 2129 485 2185 et
499 2121 586 2184 hanc
602 2119 701 2194 diem,
716 2116 872 2182 videbitis
888 2137 950 2181 sex
968 2138 1098 2182 menses
1113 2127 1246 2183 tanturn
1262 2120 1427 2186 habuisse.

318 2223 486 2308 Quoniam
518 2243 597 2288 vero
627 2222 733 2286 multa
762 2221 922 2298 diximus,
945 2231 978 2284 et
1006 2221 1168 2286 infantem
1194 2223 1384 2306 vagientem
1410 2225 1442 2288 in
1471 2245 1629 2308 praesepe

273 2327 470 2405 audivimus,
486 2338 519 2394 et
535 2327 757 2404 adoravimus,
773 2345 877 2408 usque
904 2325 1004 2389 hodie
1020 2326 1197 2390 adoremus
1220 2327 1322 2393 illurn.
1338 2327 1512 2394 Tollamus
1534 2328 1628 2394 illum

273 2433 307 2506 in
320 2432 463 2497 brachiis
479 2434 611 2510 nostris,
626 2432 802 2497 adoremus
830 2427 922 2493 illum
951 2429 1015 2492 Dei
1038 2429 1152 2496 filium.
1169 2430 1261 2495 Deus
1286 2451 1437 2514 magnus,
1452 2433 1507 2515 qui
1533 2440 1629 2498 tanto

273 2547 425 2621 tempore
440 2539 571 2603 tonavit
587 2538 620 2601 in
637 2535 739 2614 caelo,
755 2545 788 2600 et
816 2554 883 2599 non
901 2533 1059 2600 salvavit:
1075 2535 1188 2617 vagiit,
1204 2544 1237 2599 et
1254 2534 1403 2602 salvavit.
1421 2536 1498 2601 Hoc
1519 2546 1627 2602 totum

220 2657 257 2694 20
274 2660 376 2723 quare
391 2640 488 2704 dlxi?
504 2639 673 2724 Quoniam
702 2657 885 2721 numquam
912 2636 1020 2701 salvat
1041 2636 1206 2721 superbia,
1229 2639 1287 2703 sed
1313 2639 1421 2705 salvat
1448 2641 1626 2705 humilitas.

276 2742 339 2809 Dei
356 2743 442 2807 filius
458 2744 491 2808 in
508 2744 602 2808 caelo
618 2752 698 2819 erat,
714 2753 748 2808 et
765 2763 831 2806 non
848 2743 1070 2807 adorabatur:
1087 2743 1119 2806 in
1137 2750 1257 2806 terram
1274 2743 1456 2819 descendit,
1465 2752 1499 2807 et
1508 2744 1625 2808 adora-

274 2855 334 2910 tur.
354 2846 511 2910 Habebat
527 2847 590 2910 sub
613 2867 648 2910 se
663 2846 768 2911 solem
794 2854 828 2909 et
855 2845 968 2908 lunam
996 2856 1029 2910 et
1056 2844 1203 2928 angelos,
1218 2855 1252 2910 et
1268 2866 1333 2910 non
1351 2845 1574 2912 adorabatur:
1591 2848 1623 2909 in

274 2957 361 3014 terra
387 2950 533 3015 nascitur
557 2950 659 3015 homo
685 2948 862 3033 perfectus,
889 2949 991 3014 homo
1021 2938 1122 3026 totus,
1146 2957 1183 3012 ut
1206 2957 1339 3014 sanaret
1366 2957 1474 3016 totum
1502 2950 1626 3016 orbern.

274 3051 442 3137 Quicquid
460 3074 526 3118 non
542 3053 730 3137 adsumpsit
755 3073 801 3117 ex
826 3051 971 3130 homine,
988 3072 1055 3117 non
1072 3052 1234 3117 salvavit:
1249 3053 1276 3115 si
1303 3061 1415 3117 autem
1438 3054 1626 3136 adsumpsit

221 3171 254 3224 25
273 3176 417 3234 carnem,
442 3167 476 3222 et
502 3158 649 3221 animam
678 3175 744 3221 non
771 3157 970 3239 adsumpsit,
995 3176 1061 3220 non
1089 3153 1238 3221 salvavit.
1255 3155 1406 3221 Salvavit
1430 3178 1510 3240 ergo
1536 3158 1626 3242 quod

274 3259 382 3324 minus
398 3269 458 3338 est,
473 3269 506 3324 et
522 3260 613 3342 quod
630 3259 737 3324 maius
763 3271 814 3325 est
842 3280 908 3324 non
934 3260 1099 3324 salvavit?
1116 3259 1152 3325 Si
1169 3260 1258 3324 enim
1282 3260 1407 3336 dicunt,
1423 3258 1573 3326 Salvavit
1595 3270 1628 3324 et

274 3363 420 3429 animam
449 3384 549 3447 quam
578 3363 887 3447 adsumpsit:sicut
916 3365 1021 3428 maior
1045 3372 1096 3427 est
1120 3363 1270 3428 animae
1293 3383 1440 3447 corpore,
1455 3363 1502 3428 sic
1526 3362 1628 3446 ipsius

273 3465 404 3546 animae
431 3467 612 3551 principale
635 3486 752 3532 sensus
777 3476 849 3532 est:
872 3467 898 3531 si
927 3477 1039 3535 autem
1056 3486 1190 3531 sensum
1219 3486 1287 3531 non
1304 3467 1456 3542 salvavit,
1470 3467 1629 3546 animam,

306 3686 519 3754 zrtcclericos]z;
532 3687 706 3736 moclr'cosFN.
808 3687 1264 3757 3Αιὶἰω1ΙιαιΙιίιεῈςΙιιΙὶαεχΝ.
1364 3689 1502 3752 4Aelr'arrr]
1520 3689 1628 3738 laelium

275 3767 310 3828 F;
322 3769 426 3818 Heliam
437 3783 464 3835 χ.
565 3767 655 3829 totiens]
674 3775 775 3818 tantum
789 3769 812 3818 N
825 3784 888 3818 corr.
991 3779 1004 3831 5
1020 3769 1097 3830 an'a]
1111 3769 1135 3817 N
1147 3785 1201 3834 sup.
1217 3771 1260 3820 lin.
1275 3771 1348 3820 inser.
1363 3787 1439 3820 num.
1540 3769 1557 3818 6
1563 3771 1629 3835 port]

269 3859 315 3915 per
326 3852 371 3902 FO
382 3869 390 3912 ;
402 3867 452 3901 om.
467 3867 494 3919 χ.
595 3852 624 3900 in
636 3851 801 3915 Epr'plranr'r‘r]
812 3853 841 3899 in
853 3851 1034 3915 aeplrr'phcm’cr
1047 3852 1084 3910 F;
1097 3851 1126 3900 r'n
1134 3853 1282 3917 epr'pltanirrs
1291 3855 1315 3904 0
1327 3873 1334 3912 ;
1347 3853 1376 3902 in
1388 3859 1486 3918 (postea
1498 3856 1628 3918 expuam.)

271 3935 435 4000 ephr'pham'as
447 3937 481 3986 N.
583 3937 742 3999 redemite]
763 3937 792 3996 F,
807 3937 831 3984 N
852 3937 917 4000 (sup.
933 3935 978 3985 lin.
992 3943 1080 3986 mutet.
1095 3936 1120 3986 in
1139 3936 1291 3996 statuistis);
1310 3937 1400 3985 struite
1411 3950 1439 4002 χ.
1544 3946 1573 3984 10
1584 3935 1629 3996 cst]
1651 3937 1654 3942 '

271 4033 324 4082 sup.
338 4017 382 4067 lin.
396 4017 454 4068 add.
469 4017 502 4068 N.
607 4031 636 4066 12
647 4017 727 4079 error]
740 4018 787 4066 FN
797 4035 804 4076 ς
816 4033 866 4066 mx
874 4033 882 4066 .·
893 4033 1000 4067 errorem
1012 4033 1040 4086 χ.
1145 4017 1173 4067 16
1186 4019 1215 4066 r'n
1225 4018 1347 4082 praesepe]
1365 4017 1394 4066 ἐκ
1402 4017 1516 4081 praesepi
1528 4017 1552 4065 N
1564 4017 1587 4077 (ι’
1597 4034 1627 4068 ex

270 4115 347 4168 nup.
360 4099 418 4160 lin.)
506 4109 538 4160 27
549 4115 566 4149 a
576 4097 681 4164 corpore]
693 4116 713 4168 χ
724 4115 775 4148 om.
785 4116 811 4148 a.
907 4099 938 4149 28
946 4100 1096 4164 principale]
1109 4116 1137 4167 χ,
1152 4100 1176 4149 Ν
1188 4116 1243 4164 sup.
1258 4099 1293 4148 lin
1303 4117 1310 4158 ;
1319 4099 1473 4164 principalis
1486 4099 1514 4157 F,
1526 4099 1549 4146 N
1566 4109 1574 4145 ι
1590 4114 1623 4148 m.

310 4312 336 4368 9.
359 4300 388 4351 e!
410 4289 541 4372 renatus]
557 4292 573 4350 i.
599 4310 625 4352 e.
642 4292 814 4368 baptizatus.
835 4291 923 4352 Conl.
976 4292 1159 4350 Benc'dr'ctr‘ne
1178 4292 1262 4360 1888,
1279 4301 1298 4348 t.
1316 4291 1352 4361 V,
1369 4310 1395 4366 p.
1416 4307 1471 4366 257
1488 4307 1552 4365 sqq.

272 4372 477 4450 PseudoAug.
504 4393 590 4432 serm.
620 4389 685 4450 135,
705 4393 717 4432 r
737 4378 744 4404 ⁸
759 4372 816 4430 Vix
837 4385 923 4432 natus
1020 4393 1062 4448 19.
1076 4367 1250 4439 etralrnru'l]
1267 4370 1350 4430 Hier.
1362 4389 1408 4448 ep.
1422 4373 1471 4443 82,
1486 4391 1496 4429 r
1513 4374 1521 4402 ‘
1536 4371 1629 4430 uthu-

268 4465 311 4514 cst
327 4454 508 4526 hominibus,
524 4467 553 4515 et
579 4453 636 4513 iarn
652 4453 815 4514 renascitur
829 4473 922 4513 sacra·
974 4452 1128 4512 militatem
1145 4451 1253 4514 Christi
1272 4451 1475 4528 primostatim
1491 4471 1628 4512 sermone

270 4537 461 4596 mentis’etc.
972 4554 1133 4606 resonares,
1160 4535 1211 4611 qui
1241 4533 1409 4592 mortalium
1433 4553 1535 4608 genus,
1566 4552 1625 4591 non

312 4639 355 4696 ¹5·
371 4639 420 4679 sex
435 4638 540 4677 memes
558 4626 673 4677 tantum
686 4619 826 4694 habuisse]
840 4619 918 4693 Lege
971 4617 1130 4675 fulminans
1155 4629 1184 4674 et
1212 4627 1328 4685 tonans,
1358 4616 1411 4675 sed
1438 4616 1466 4672 in
1493 4615 1625 4691 praesepi

267 4699 305 4759 sis
320 4721 355 4761 ea
375 4719 455 4778 quae
482 4699 607 4760 disserui
632 4698 662 4758 in
686 4701 803 4776 ephem.
821 4701 918 4757 Revue
971 4697 1099 4773 vagiens,
1115 4709 1143 4758 et
1163 4709 1264 4756 tacens
1280 4695 1401 4756 salvavit
1418 4696 1447 4754 in
1463 4716 1551 4756 cruce
1567 4697 1582 4754 '.
