4060 5498
541 423 797 484 Tareninus
829 424 885 480 oa
916 423 1084 482 osuuuo
1115 423 1232 482 xmu.
1519 411 1574 512 83

260 621 442 704 Intellegite
457 623 517 702 qui
531 623 719 704 insipientes
733 623 810 684 estis
826 622 860 683 iu
872 622 998 702 populo,
1014 631 1045 684 et
1061 621 1158 684 stulti
1170 621 1346 702 uliqrurudo
1369 623 1480 702 sopite.
1509 620 1576 700 Qui

209 723 383 806 plantovit
395 747 509 788 aurem
526 747 587 786 nou
603 726 717 788 audiet
730 727 750 787 Ρ
764 725 936 807 quifinrit
950 725 1076 802 ortulum
1094 746 1155 787 non
1175 725 1389 788 considerat?
1419 725 1573 788 Naturali

216 841 416 912 argumento
439 831 575 910 corripit
600 842 632 893 et
649 831 817 892 convincit
835 839 1036 910 peccatores,
1054 827 1086 892 Ο
1102 849 1161 892 vos
1178 831 1234 909 qui
1252 832 1378 910 putatis
1396 832 1439 892 ad
1454 830 1571 892 Domi-

217 955 297 997 num
314 955 379 996 non
398 934 563 1016 pertinere
580 934 744 1011 mortalia,
759 934 815 1016 qui
844 953 919 994 cum
951 933 1098 1013 Epicuro
1126 932 1168 995 ab
1195 933 1351 994 humanis
1380 933 1477 995 rebus
1507 933 1571 996 Dei

182 1059 330 1116 5curam
358 1039 468 1100 dicitis
491 1050 690 1119 separatam,
717 1039 831 1102 audite
860 1037 1012 1099 naturale
1039 1047 1276 1117 argumentum
1303 1061 1309 1099 :
1334 1037 1413 1119 quia
1443 1035 1571 1117 parvuli

215 1141 305 1212 estis,
346 1160 447 1221 parva
479 1144 576 1206 vobis
607 1141 765 1224 exempla
802 1141 979 1224 praebebo.
1013 1139 1079 1223 Qui
1115 1142 1243 1203 homini
1276 1143 1430 1204 auditum
1465 1142 1572 1218 dedit,

215 1245 287 1324 ipse
303 1264 369 1306 nou
394 1243 531 1307 audiet?
549 1246 724 1328 Simulque
741 1246 816 1309 vide
834 1245 914 1328 quid
932 1244 1031 1306 dicat.
1052 1245 1128 1307 Non
1157 1265 1216 1324 par
1241 1246 1310 1324 pari
1340 1245 1477 1307 retulit:
1503 1264 1569 1306 non

215 1348 303 1410 enim
321 1347 418 1420 dixit,
436 1349 491 1430 qui
508 1349 672 1430 plantavit
693 1371 806 1412 aurem
824 1351 895 1430 ipse
921 1367 1033 1410 aurem
1064 1369 1131 1410 nou
1159 1348 1284 1410 habet?
1309 1357 1365 1410 aut
1390 1349 1445 1429 qui
1471 1345 1572 1410 finxit

214 1450 348 1515 oculum
363 1453 432 1531 ipse
444 1453 578 1516 oculum
597 1475 661 1517 non
680 1454 800 1517 habet?
818 1453 885 1518 Sed
902 1454 982 1533 quia
997 1454 1029 1512 in
1051 1453 1124 1514 Deo
1142 1453 1292 1516 membra
1309 1471 1374 1514 uon
1392 1460 1478 1524 sunt,
1495 1450 1572 1513 ideo

165 1588 196 1623 10
214 1553 406 1629 siedicit,ut
418 1575 478 1616 nos
493 1559 796 1641 quotienscumque
813 1562 844 1621 in
863 1561 972 1624 Deum
990 1561 1071 1623 talia
1089 1557 1231 1638 legimus
1248 1577 1333 1636 quae
1350 1557 1382 1617 in
1400 1555 1571 1637 scripturis

214 1677 315 1738 saepe
346 1658 568 1738 inveniuntur,
601 1663 835 1743 intellegamus
866 1664 1078 1728 efficientiam
1104 1659 1294 1742 significari,
1318 1679 1383 1721 non
1409 1659 1570 1724 membra.

217 1763 254 1824 ln
275 1763 455 1826 Salomone
473 1763 637 1846 legimus:
653 1767 706 1829 ‘ln
726 1787 825 1829 manu
844 1767 977 1848 linguae
995 1786 1083 1829 mors
1096 1777 1130 1828 et
1151 1765 1220 1826 vita
1231 1763 1246 1826 '.
1259 1762 1432 1842 Numquid
1454 1761 1568 1841 lingua

215 1887 351 1929 manum
366 1867 485 1930 habet?
502 1867 570 1932 Sed
588 1880 624 1932 ut
637 1870 765 1932 facilius
782 1872 824 1932 ad
843 1871 1022 1952 superioris
1039 1889 1155 1931 sensus
1172 1865 1437 1946 intellegentiam
1456 1866 1570 1927 venia-

215 1991 297 2046 mus,
315 1972 378 2034 hoc
396 1973 595 2054 protulimus
612 1974 842 2037 testimonium
859 1999 865 2037 ε
885 1995 925 2037 ea
941 1976 1031 2036 enim
1050 1973 1179 2036 ratione
1196 1991 1261 2053 qua
1278 1969 1413 2050 linguae
1432 1989 1568 2032 manum

165 2107 175 2142 ι
181 2104 195 2156 5
214 2075 354 2152 dederis,
369 2097 408 2139 ea
425 2089 457 2140 et
476 2078 550 2140 Deo
568 2077 720 2139 universa
739 2078 888 2140 membra
905 2079 1043 2141 daturus
1059 2097 1103 2138 es.

262 2177 330 2256 Qui
342 2181 453 2242 erudit
460 2192 580 2264 gentes,
598 2202 659 2242 nou
675 2184 821 2264 arguet?
838 2183 937 2264 Quod
956 2182 1036 2245 dicit
1054 2181 1117 2242 hoc
1142 2189 1212 2241 est:
1239 2177 1296 2260 qui
1325 2177 1419 2239 dedit
1446 2178 1569 2259 legem,

214 2281 256 2343 ad
274 2281 338 2344 hoc
354 2286 457 2362 dedit,
469 2295 505 2347 ut
521 2286 651 2347 erudiat
674 2287 859 2360 audientes,
876 2297 933 2348 aut
959 2285 1075 2366 puniat
1102 2289 1366 2345 contemnentes
1393 2279 1463 2358 Qui
1483 2281 1571 2344 docet

214 2384 376 2448 hominem
392 2388 569 2452 scientium.
585 2388 662 2450 Non
688 2389 819 2464 adiecit,
838 2389 914 2468 lpse
940 2409 1006 2450 non
1037 2387 1139 2448 habet
1163 2385 1364 2448 scientiam?
1393 2384 1459 2447 Sed
1487 2386 1567 2466 quid

215 2490 332 2551 dixit?

163 2626 197 2664 20
260 2591 425 2656 Dominus
448 2596 510 2657 scit
536 2595 742 2677 cogitationes
768 2595 937 2658 homiuum
963 2595 1117 2676 quom'am
1148 2612 1253 2652 vanno
1285 2601 1370 2656 sieut.
1400 2592 1568 2655 Mirantur

216 2695 368 2758 homiues
385 2698 661 2780 philosophorum
679 2720 718 2760 ac
737 2710 910 2781 poetarum
924 2701 1131 2762 dicentium:

471 2837 495 2890 Ο
515 2853 599 2891 curae
619 2837 775 2905 homiuum,
795 2855 812 2890 o
831 2849 969 2909 quantum
988 2850 1032 2894 est
1052 2840 1079 2892 in
1100 2842 1185 2896 rebus
1204 2844 1310 2896 ruane!

260 2955 347 3019 Ecce
370 2958 519 3040 psalmus
548 2960 657 3023 David
683 2972 762 3024 ante
787 2961 891 3025 multa
915 2963 1047 3025 saecula
1072 2965 1214 3026 eandem
1240 2964 1329 3025 dixit
1353 2965 1565 3028 senteutiam.

216 3057 382 3123 Dominus
413 3062 474 3125 scit
505 3065 728 3145 cogitationes
760 3067 933 3128 hominum
965 3068 1125 3148 quoniam
1154 3090 1259 3132 vanae
1287 3077 1373 3131 sunt.
1402 3067 1562 3150 Quandiu

160 3190 194 3241 ²5
214 3161 368 3226 homines
383 3159 508 3242 sumus,
525 3189 627 3231 vanas
644 3171 866 3250 cogitationes
884 3170 1055 3236 habemus.
1073 3177 1079 3204 ⁸
1098 3173 1171 3254 Ego
1189 3174 1260 3234 dixi
1278 3173 1323 3234 dii
1341 3172 1428 3246 estis,
1447 3181 1480 3233 et
1508 3169 1566 3233 filii

218 3265 352 3330 Excelsi
369 3289 485 3331 omnes
497 3271 513 3333 '.

257 3370 380 3433 Beatus
404 3373 496 3436 homo
519 3397 613 3456 quem
642 3387 676 3438 tu
704 3380 864 3441 erudieris
885 3379 1034 3456 Domine,
1059 3391 1090 3442 et
1112 3381 1151 3444 de
1170 3382 1236 3461 lege
1252 3394 1311 3444 tua
1327 3380 1472 3444 docueris
1486 3401 1568 3442 euru

217 3473 321 3536 Vides
337 3496 417 3555 ergo
433 3482 523 3560 quod
537 3480 697 3544 discenda
714 3484 757 3545 sit
774 3484 839 3558 lex,
857 3493 892 3546 ut
909 3504 994 3565 quae
1010 3485 1152 3547 obscura
1169 3497 1245 3547 sunt
1259 3485 1453 3566 diligentius
1471 3483 1567 3546 intel-

249 3675 258 3710 1
274 3663 431 3726 insipientes]
443 3665 603 3730 inscipieutes
616 3668 644 3716 L.
747 3683 760 3732 3
773 3671 890 3732 corripit]
913 3671 1053 3733 conspitur
1066 3670 1095 3729 L,
1109 3670 1273 3734 deponensne
1285 3687 1330 3733 pro
1341 3670 1434 3727 activo,
1444 3684 1475 3716 on
1486 3668 1569 3732 potius

212 3760 282 3792 error
292 3745 397 3804 librarii,
409 3747 557 3798 subdubito.
658 3767 674 3812 4
688 3753 811 3814 Epicuro]
824 3753 834 3800 i
845 3770 874 3801 ex
887 3769 898 3800 e
909 3769 974 3801 corr.
992 3753 1011 3800 L
1124 3765 1153 3815 13
1173 3754 1311 3816 superioris
1328 3750 1423 3811 sensus]
1443 3750 1570 3812 superiori

210 3841 286 3874 semu
298 3827 328 3876 L.
432 3832 746 3892 17erudiot]eruditot'L.
848 3835 980 3894 contentu]
1000 3842 1136 3898 conterupu.
1162 3835 1190 3883 L.
1295 3833 1323 3880 18
1343 3833 1408 3896 quid
1424 3831 1503 3891 dixit]
1521 3832 1569 3894 qui

209 3907 281 3955 dixit
289 3908 317 3957 L.
414 3923 446 3958 20
455 3913 624 3963 Mirantur...
631 3915 845 3979 philosophorum]
856 3917 953 3966 Graeca
962 3917 1118 3965 constructio
1127 3914 1196 3972 τινὸς
1206 3911 1325 3982 ἇγαμαιῖ
1411 3925 1441 3961 22
1453 3913 1567 3972 Otrerae]

213 3989 304 4039 Ocure
317 3993 346 4051 L,
360 3993 397 4042 uti
409 3994 484 4044 codd.
499 3997 615 4044 nonnulli
627 4012 712 4061 supra,
726 4006 743 4046 t.
760 3999 813 4046 111²
825 4015 849 4061 p.
867 4010 920 4060 130.

259 4176 300 4214 12.
320 4156 394 4238 utto]
413 4161 495 4219 Prov.
518 4163 562 4231 18,
581 4181 625 4218 21.
916 4165 969 4222 sed
986 4163 1026 4222 dii
1043 4163 1271 4238 appellantur...
1301 4161 1437 4218 Prudens
1463 4160 1565 4228 lector,

255 4258 300 4296 22.
317 4241 406 4296 iuaue
444 4243 520 4300 Pers.
549 4253 602 4300 sat.
631 4257 650 4314 t,
668 4260 687 4300 1.
914 4245 1055 4314 adtende,
1072 4245 1155 4319 quod
1178 4261 1214 4301 ex
1235 4240 1565 4316 consequentibustex-

255 4321 412 4379 edomites
443 4323 769 4394 Ps.81,6.·-Simile
789 4325 862 4399 quid
914 4338 1007 4401 tuque
1038 4323 1182 4383 sermonis
1212 4323 1342 4399 apostoli
1373 4340 1562 4398 nequaquam

212 4402 346 4460 invenies
360 4422 407 4478 ap.
427 4405 552 4464 Hieron.
569 4405 688 4465 Comm.
707 4409 735 4464 in
754 4407 862 4464 lllauh.
915 4408 1051 4465 homines
1062 4408 1114 4465 sed
1127 4403 1484 4480 diiappellantur...lllis,
1495 4404 1565 4480 quia

215 4486 261 4554 16,
282 4486 498 4561 13sqq.‘Qui
514 4489 552 4547 de
569 4486 644 4545 Filio
667 4487 796 4546 hominis
822 4489 861 4545 lo·
914 4487 1052 4547 homines
1085 4499 1163 4556 sunt,
1200 4488 1330 4545 humana
1360 4485 1564 4562 opinantibus,

212 4579 354 4643 quuntur,
372 4567 509 4630 homines
524 4580 592 4628 sunt
606 4591 615 4644 ;
629 4568 680 4646 qui
701 4588 770 4628 vero
790 4568 861 4628 divi·
914 4589 974 4642 vos,
998 4569 1049 4645 qui
1071 4569 1141 4629 estis
1163 4568 1214 4640 dii,
1235 4586 1326 4643 quem
1343 4585 1391 4626 me
1415 4585 1481 4626 esse
1508 4567 1565 4626 exi-

212 4648 339 4709 nitatem
355 4649 419 4712 eius
435 4649 620 4728 intellegunt,
637 4670 698 4712 non
714 4650 861 4725 homines,
914 4649 1072 4712 stimatisi'
