4092 5502
477 391 558 494 298
808 439 814 454 ·
852 406 879 464 s
906 401 1158 462 nianouvnr
1182 396 1447 457 Pressuram

477 627 641 694 cadavera
665 632 894 708 expectamus,
909 620 967 684 sed
985 638 1101 683 rorem.
1119 613 1202 680 Pulli
1229 613 1318 679 enim
1335 633 1507 680 corvorum
1532 612 1687 680 dicuntur
1702 613 1745 678 de
1760 635 1834 680 rore

479 732 597 796 vivere.
614 729 671 796 Sic
686 727 775 792 enim
793 724 981 811 physiologi
998 723 1124 799 dicunt,
1138 719 1229 804 quod
1257 720 1299 784 de
1324 739 1396 784 rore
1412 719 1525 782 vivant
1553 716 1634 802 pulli
1650 737 1834 783 corvorum.

480 835 592 900 Vultis
608 843 642 898 et
657 832 746 897 aliud
764 831 847 895 scire
862 829 1056 913 mysterium
1073 827 1116 890 de
1131 824 1263 889 corvis?
1281 824 1407 902 Helias,
1423 824 1479 906 qui
1495 823 1730 904 interpretatur
1743 822 1836 885 Deus

480 937 669 1002 Dominus:
700 934 826 1013 Helias,
840 935 905 998 hoc
929 941 989 1010 est,
1015 929 1182 993 Dominus
1209 935 1322 991 noster
1348 936 1449 1010 atque
1475 926 1629 991 Salvator
1655 946 1675 989 a
1702 921 1836 990 ludaeis

480 1041 743 1125 persecutionem
760 1038 909 1122 patitur3
932 1045 1008 1101 eta
1037 1033 1150 1110 corvis,
1165 1031 1317 1114 gentium
1344 1030 1478 1113 populo,
1495 1029 1648 1114 pascitur.
1666 1029 1712 1094 Et
1737 1029 1837 1112 pullis
1872 1049 1886 1104 ς

479 1161 652 1210 corvorum
670 1142 902 1207 invocantibus
918 1159 1004 1204 eum.
1021 1137 1058 1203 Si
1075 1137 1218 1213 invocas,
1235 1133 1344 1217 pullus
1360 1153 1414 1197 es:
1431 1133 1458 1196 si
1475 1143 1573 1210 taces,
1589 1152 1708 1196 corvus
1722 1151 1767 1195 es.
1791 1131 1837 1195 Et

480 1247 578 1332 pullis
593 1264 768 1311 corvorum
786 1243 1016 1309 invocantibus
1032 1260 1118 1304 eum.
1136 1236 1295 1316 Legimus
1319 1237 1351 1299 in
1368 1235 1552 1319 propheta:
1568 1241 1575 1266 ‘
1594 1235 1638 1299 Et
1655 1235 1764 1300 omnis
1779 1234 1837 1317 qui

481 1349 682 1414 invocaverit
693 1367 814 1412 nomen
828 1347 965 1411 Domini
976 1345 1086 1408 salvus
1098 1341 1292 1424 erit'lgitur
1303 1339 1330 1404 si
1342 1340 1385 1404 de
1395 1340 1501 1404 corvis
1513 1337 1708 1422 simpliciter
1716 1336 1838 1420 accipi·

481 1475 565 1534 mus,
580 1464 710 1536 ergo-et
725 1453 814 1516 corvi
831 1451 913 1516 salvi
930 1455 1049 1514 erunt?
1072 1445 1261 1529 Responde,
1278 1445 1402 1510 Iudaee
1417 1470 1424 1510 r
1440 1444 1613 1528 responde,
1629 1443 1685 1528 qui
1703 1443 1839 1507 ludaice

481 1557 625 1623 litteram
640 1566 770 1621 tantum
784 1554 938 1638 sequeris.
953 1552 1047 1616 Dicis
1060 1551 1141 1613 istos
1152 1567 1269 1612 corvos
1285 1567 1361 1612 vere
1376 1568 1492 1614 corvos
1504 1569 1584 1628 esse,
1596 1541 1662 1613 non
1679 1548 1838 1631 interpre·
1859 1575 1887 1614 ro

480 1660 560 1724 taris
576 1657 776 1742 spiritaliter,
786 1660 844 1723 sed
855 1656 1031 1722 carnaliter
1043 1679 1051 1719 :
1065 1653 1148 1718 dicis
1161 1653 1248 1716 enim
1263 1652 1422 1736 scriptum
1437 1673 1510 1718 esse
1522 1654 1565 1718 de
1576 1652 1692 1716 corvis.
1710 1651 1746 1716 Si
1758 1671 1840 1735 ergo

473 1763 523 1828 de
538 1761 637 1845 pullis
647 1780 818 1826 corvorum
832 1762 990 1845 scriptum
1005 1767 1064 1836 est,
1074 1766 1107 1822 et
1117 1757 1170 1820 hic
1181 1755 1307 1821 dictum
1319 1765 1378 1832 est,
1390 1756 1435 1818 Et
1447 1757 1547 1840 pullis
1557 1776 1731 1822 corvorum
1745 1757 1837 1822 invo-

479 1866 633 1935 cantibus
643 1885 718 1930 eum
729 1889 736 1930 :
748 1876 781 1930 et
793 1866 953 1949 scriptum
965 1873 1023 1942 est,
1031 1861 1151 1929 Omnis
1162 1860 1217 1943 qui
1230 1860 1433 1924 invocaverit
1443 1881 1564 1925 nomen
1578 1860 1716 1926 Domini
1726 1858 1839 1924 salvus

479 1970 562 2033 erit:
578 1987 658 2051 crgo
674 1977 707 2032 et
723 1969 804 2051 pulli
831 1987 1005 2034 corvorum
1022 1964 1104 2030 salvi
1128 1973 1225 2029 erunt
1238 1955 1273 2026 in
1291 1966 1555 2030 resurrectione?
1572 1967 1645 2031 Nos
1660 1985 1740 2050 ergo
1756 1963 1837 2048 pulli

478 2091 652 2137 corvorum
666 2073 859 2137 invocamus
870 2083 971 2156 atque
983 2070 1159 2135 salvamur.
1173 2067 1328 2151 Denique
1342 2076 1375 2131 et
1388 2067 1510 2134 Paulus
1522 2069 1694 2154 apostolus
1706 2066 1838 2150 scripsit
1858 2094 1885 2150 ις

479 2176 521 2240 ad
538 2187 727 2241 sanctorum
746 2177 929 2256 ecclesiam,
940 2177 1072 2258 scripsit
1088 2185 1121 2238 et
1138 2175 1180 2237 ad
1198 2173 1327 2256 eosqui
1344 2173 1500 2238 invocant
1516 2193 1638 2239 nomen
1652 2171 1801 2238 Domini.

521 2281 599 2344 Non
616 2280 861 2362 infortitudine
883 2281 959 2365 equi
984 2281 1180 2344 volrmtatem
1196 2276 1330 2341 habebit.
1348 2275 1550 2341 Brevitatem
1568 2274 1789 2358 promisimus,
1805 2280 1839 2336 et

481 2383 677 2448 necessitate
692 2385 844 2468 conpulsi
870 2405 984 2449 sumus
1011 2384 1110 2447 latius
1126 2383 1306 2464 disputare.
1326 2380 1462 2444 Mentiti
1486 2398 1610 2456 sumus,
1625 2377 1684 2443 sed
1702 2377 1839 2442 menda·

481 2488 570 2550 cium
588 2487 799 2579 utilissimum
817 2499 875 2553 est.
894 2489 1033 2553 Utinam
1053 2487 1207 2552 Herodes
1235 2487 1394 2550 mentitus
1412 2494 1502 2549 esset
1519 2493 1552 2548 et
1568 2484 1775 2567 periurasset.
1794 2482 1838 2545 Et

479 2611 540 2655 nos
566 2592 666 2674 igitur
694 2591 823 2656 minora
847 2593 1069 2675 promisimus,
1084 2599 1117 2654 et
1140 2589 1313 2653 orantibus
1338 2588 1432 2654 vobis
1459 2588 1587 2652 maiora
1614 2584 1838 2669 praebuimus.
1856 2622 1886 2659 io

482 2695 578 2759 Hora
592 2694 751 2776 conpellit
768 2705 803 2760 ut
821 2705 948 2760 taceam
966 2719 973 2759 :
994 2694 1191 2777 magnitudo
1218 2692 1452 2775 mysteriorum
1481 2691 1640 2774 conpellit
1657 2698 1694 2753 ut
1708 2688 1837 2772 loquar.

479 2801 510 2864 N
513 2820 555 2865 on
573 2800 607 2864 in
624 2800 818 2865 fortitudine
833 2801 909 2885 equi
920 2799 1127 2865 voluntatem
1140 2797 1286 2863 habebit.
1299 2796 1413 2861 Audio
1435 2816 1569 2880 equum,
1578 2804 1611 2860 et
1623 2794 1831 2858 hinnientem

477 2923 620 2986 equum:
637 2923 703 2967 non
721 2924 856 2986 possum
885 2903 1070 2988 praeterire.
1084 2902 1252 2984 Scriptum
1265 2910 1317 2965 est
1332 2902 1365 2964 in
1383 2901 1562 2982 psalterio:
1578 2905 1585 2933 ⁶
1599 2899 1720 2964 Fallax
1729 2918 1835 2982 equus

477 3007 677 3071 adsalutem
695 3007 702 3033 ’
718 3017 751 3072 et
779 3010 812 3072 in
839 3009 905 3073 alio
921 3007 1016 3073 loco:
1040 3011 1047 3039 ‘
1065 3007 1199 3090 Equum
1217 3016 1250 3068 et
1265 3012 1478 3070 ascensorem
1502 3007 1622 3069 deiecit
1650 3005 1683 3068 in
1711 3023 1802 3068 mare
1818 3003 1835 3069 ’.

478 3111 685 3194 Praecipitur
699 3122 732 3176 et
748 3114 816 3196 regi
834 3111 971 3190 Israhel,
987 3133 1028 3175 ne
1043 3131 1147 3194 equos
1171 3111 1305 3174 nutriat.
1322 3110 1477 3193 Denique
1493 3109 1664 3186 Salomon,
1679 3111 1734 3192 qui
1750 3128 1833 3192 qua·
1852 3139 1881 3192 25

471 3214 588 3298 ,drigas
603 3216 794 3281 adducebat
809 3239 853 3281 ex
870 3217 1040 3300 Aegypto,
1055 3214 1227 3295 voluptate
1242 3221 1417 3296 superatus
1427 3223 1485 3278 est.
1500 3213 1577 3278 Non
1590 3213 1622 3276 in
1635 3211 1831 3277 fortitudine

477 3319 552 3402 equi
569 3319 774 3384 voluntatem
792 3321 937 3386 habebit.
955 3321 1090 3403 Equum
1118 3327 1152 3382 et
1176 3337 1385 3382 ascensorem
1402 3315 1523 3382 deiecit
1540 3317 1573 3380 in
1591 3335 1689 3380 mare
1715 3321 1723 3348 ‘
1742 3315 1830 3399 Equi

476 3423 680 3488 insanientes
705 3425 737 3487 in
763 3425 903 3500 feminas
921 3421 997 3486 lacti
1025 3432 1103 3486 sunt
1120 3421 1211 3498 mihi,
1230 3420 1460 3504 unusquisque
1474 3421 1508 3486 iu
1525 3440 1666 3484 uxorem
1683 3420 1830 3502 proximi

475 3527 526 3590 sui
542 3527 734 3592 hinniebat’
751 3528 896 3612 loquitur
911 3528 1108 3592 Hieremias.
1119 3526 1228 3608 Super
1239 3545 1319 3607 ergo
1331 3523 1415 3590 tales
1431 3543 1534 3607 equos
1546 3524 1638 3587 Deus
1651 3522 1831 3588 nonhabet

507 3711 522 3746 2
529 3693 682 3764 physiologi]
694 3699 715 3749 C
726 3715 733 3757 ;
743 3697 884 3762 philosophi
896 3699 911 3764 β
923 3706 947 3748 et
960 3705 1008 3747 cet.
1100 3707 1115 3757 3
1126 3695 1174 3759 qni
1177 3693 1186 3756 ]
1199 3694 1233 3744 Cl
1246 3710 1253 3752 ;
1265 3693 1332 3758 quod
1341 3693 1387 3744 BG
1400 3709 1407 3753 ς
1419 3711 1470 3745 om.
1486 3693 1511 3762 β.
1607 3693 1832 3760 spensecutiorum]

473 3797 522 3830 om.
537 3783 570 3830 G.
649 3781 739 3842 corvis]
752 3780 854 3847 pinser.
870 3781 949 3830 idest.
1027 3775 1264 3842 6invncasliiacld.
1279 3793 1344 3828 euin.
1424 3773 1546 3835 85i]om.
1562 3778 1614 3828 BC.
1694 3777 1833 3841 puidam]

474 3865 604 3916 Iridairarn
618 3863 642 3931 β.
731 3875 760 3911 10
771 3857 889 3925 sequeris]
900 3862 1009 3925 requiris
1023 3861 1044 3910 1.
1125 3871 1154 3907 12
1165 3866 1188 3906 ci
1198 3855 1249 3916 liic]
1261 3859 1284 3906 G
1297 3873 1347 3907 om.
1362 3865 1404 3918 ιη·
1414 3859 1460 3908 irac
1471 3865 1495 3907 et
1508 3859 1528 3908 1.
1610 3872 1639 3921 14
1650 3861 1729 3922 salvi]
1740 3859 1834 3908 salonii

474 3950 571 3999 Ccorr.
666 3941 816 4009 lbrrrr'psiil
828 3960 878 3994 non
890 3952 969 4008 repet.
984 3943 1030 3993 Gl.
1115 3937 1148 3998 etl
1158 3957 1209 3990 om.
1225 3939 1249 4008 β.
1333 3937 1380 3999 eos]
1392 3941 1495 3991 ludaeos
1507 3941 1536 3991 C.
1632 3954 1661 4002 19
1667 3941 1832 4007 periurasset]

475 4033 511 4090 u;
519 4031 652 4095 peierasse!
664 4027 679 4096 β
691 4047 698 4088 ;
710 4043 760 4078 non
770 4029 872 4091 perisset
883 4027 954 4077 CGl.
1057 4037 1087 4074 22
1099 4031 1124 4074 ct
1134 4024 1292 4072 ln'nnienicrn
1303 4019 1404 4086 equum]
1423 4023 1439 4090 β
1451 4039 1501 4074 orn.
1514 4029 1546 4084 ei,
1560 4039 1612 4074 nou
1630 4033 1708 4090 repet.
1721 4041 1813 4089 equum
1824 4041 1831 4084 3

470 4123 495 4164 et
516 4115 685 4163 invenientem
705 4127 725 4162 e.
740 4109 830 4168 ABG;
850 4117 874 4158 et
893 4110 1023 4163 inveniens
1041 4123 1062 4157 e.
1079 4107 1099 4156 1.
1202 4118 1233 4168 23
1253 4121 1302 4154 non
1320 4105 1430 4169 possunt]
1451 4106 1533 4165 codd;
1553 4113 1577 4155 et
1596 4122 1646 4156 non
1660 4115 1792 4171 possumus
1805 4105 1828 4174 β.

472 4208 503 4259 25
515 4193 580 4260 regi]
592 4212 642 4245 om.
659 4193 683 4261 β.
786 4187 897 4249 nutriat]
914 4192 1033 4240 nutriant
1046 4189 1070 4258 β.
1170 4184 1229 4252 qui,l
1241 4189 1302 4251 pitia
1316 4186 1340 4253 β.
1442 4201 1473 4250 29
1492 4188 1634 4250 hinniebat]
1653 4191 1786 4240 inniabant
1796 4191 1828 4244 G.

474 4279 557 4342 Super
566 4273 631 4340 ergoj
643 4275 704 4326 CGI
714 4294 721 4336 ;
733 4291 789 4338 eruo
800 4283 875 4339 super
887 4273 933 4340 βΒ.

511 4430 537 4484 8.
553 4427 652 4498 saluus
664 4421 733 4504 erit]
746 4425 819 4484 luel.
838 4445 862 4497 2,
879 4443 926 4500 3²·
1219 4436 1264 4495 25.
1281 4417 1409 4499 nutriat]
1423 4421 1511 4480 Deut.
1532 4439 1576 4496 17,
1597 4425 1642 4482 16.

488 4519 494 4536 '
514 4511 557 4566 1⁶.
569 4526 668 4567 nornen
683 4503 821 4586 Domini]
840 4527 851 4562 1
871 4509 938 4568 Cor.
960 4527 983 4580 ι,
1002 4525 1027 4563 2.
1220 4505 1266 4559 26.
1281 4520 1318 4559 cx
1329 4499 1467 4580 Aegypto]
1484 4522 1501 4579 3
1517 4503 1589 4580 Reg.
1611 4523 1656 4576 10,
1670 4507 1707 4562 26
1722 4523 1787 4580 sqq.

512 4610 557 4661 24·
574 4585 755 4668 adsalutem]
773 4590 816 4647 Ps.
835 4607 882 4664 32,
903 4604 946 4661 17.
1220 4602 1265 4658 29.
1278 4579 1440 4662 hinniebat]
1455 4585 1560 4644 lerem.
1578 4601 1605 4660 5,
1621 4587 1647 4643 8.

575 4672 607 4730 in
622 4667 713 4752 neure]
730 4672 825 4730 Exod.
839 4671 852 4728 '1
860 4687 886 4747 5,
905 4689 929 4729 1.
