<?xml version="1.0" encoding="UTF-8"?>
<!DOCTYPE html PUBLIC "-//W3C//DTD XHTML 1.0 Transitional//EN"
    "http://www.w3.org/TR/xhtml1/DTD/xhtml1-transitional.dtd">
<html xmlns="http://www.w3.org/1999/xhtml" xml:lang="en" lang="en">
 <head>
  <title>
</title>
<meta http-equiv="Content-Type" content="text/html;charset=utf-8" />
  <meta name='ocr-system' content='tesseract 3.04.00' />
  <meta name='ocr-capabilities' content='ocr_page ocr_carea ocr_par ocr_line ocrx_word'/>
</head>
<body>
  <div class='ocr_page' id='page_1' title='image "./commentarioliin00morigoog/commentarioliin00morigoog_0641.png"; bbox 0 0 4060 5498; ppageno 0'>
   <div class='ocr_carea' id='block_1_1' title="bbox 487 377 1486 468">
    <p class='ocr_par' dir='ltr' id='par_1_1' title="bbox 487 377 1486 468">
     <span class='ocr_line' id='line_1_1' title="bbox 487 377 1486 468; baseline -0.008 -23"><span class='ocrx_word' id='word_1_1' title='bbox 487 389 543 468; x_wconf 82' lang='lat'>30</span> <span class='ocrx_word' id='word_1_2' title='bbox 867 379 897 437; x_wconf 89' lang='lat' dir='ltr'>S.</span> <span class='ocrx_word' id='word_1_3' title='bbox 930 378 1187 439; x_wconf 87' lang='lat' dir='ltr'><strong>HIERONYMI</strong></span> <span class='ocrx_word' id='word_1_4' title='bbox 1217 377 1486 438; x_wconf 82' lang='lat' dir='ltr'>PRESBYTERI</span> 
     </span>
    </p>
   </div>
   <div class='ocr_carea' id='block_1_2' title="bbox 487 579 1889 3163">
    <p class='ocr_par' dir='ltr' id='par_1_2' title="bbox 488 530 1993 765">
     <span class='ocr_line' id='line_1_2' title="bbox 488 579 1842 664; baseline 0.001 -21"><span class='ocrx_word' id='word_1_5' title='bbox 488 580 545 661; x_wconf 89' lang='lat' dir='ltr'>qui</span> <span class='ocrx_word' id='word_1_6' title='bbox 567 590 751 663; x_wconf 91' lang='lat' dir='ltr'>sequuntur</span> <span class='ocrx_word' id='word_1_7' title='bbox 769 579 954 658; x_wconf 84' lang='lat' dir='ltr'>historiam,</span> <span class='ocrx_word' id='word_1_8' title='bbox 964 579 1111 644; x_wconf 90' lang='lat' dir='ltr'>animam</span> <span class='ocrx_word' id='word_1_9' title='bbox 1123 579 1197 644; x_wconf 92' lang='lat' dir='ltr'>illos</span> <span class='ocrx_word' id='word_1_10' title='bbox 1210 581 1266 662; x_wconf 91' lang='lat' dir='ltr'>qui</span> <span class='ocrx_word' id='word_1_11' title='bbox 1279 579 1510 645; x_wconf 88' lang='lat' dir='ltr'>conscendunt</span> <span class='ocrx_word' id='word_1_12' title='bbox 1522 581 1565 644; x_wconf 88' lang='lat' dir='ltr'>ad</span> <span class='ocrx_word' id='word_1_13' title='bbox 1577 581 1842 664; x_wconf 84' lang='lat' dir='ltr'>intellegentiam</span> 
     </span>
     <span class='ocr_line' id='line_1_3' title="bbox 488 683 682 765; baseline 0.015 -20"><span class='ocrx_word' id='word_1_14' title='bbox 488 683 682 765; x_wconf 89' lang='lat' dir='ltr'>spiritalem.</span> 
     </span>
    </p>

    <p class='ocr_par' dir='ltr' id='par_1_3' title="bbox 487 785 1889 3163">
     <span class='ocr_line' id='line_1_4' title="bbox 530 785 1844 868; baseline 0 -17"><span class='ocrx_word' id='word_1_15' title='bbox 530 787 638 851; x_wconf 84' lang='lat' dir='ltr'>Notas</span> <span class='ocrx_word' id='word_1_16' title='bbox 662 786 748 852; x_wconf 79' lang='lat' dir='ltr'>mihi</span> <span class='ocrx_word' id='word_1_17' title='bbox 758 785 874 867; x_wconf 84' lang='lat' dir='ltr'><em>fecisti</em></span> <span class='ocrx_word' id='word_1_18' title='bbox 895 785 970 850; x_wconf 84' lang='lat' dir='ltr'>vias</span> <span class='ocrx_word' id='word_1_19' title='bbox 993 785 1088 862; x_wconf 82' lang='lat' dir='ltr'>vitae,</span> <span class='ocrx_word' id='word_1_20' title='bbox 1111 785 1302 868; x_wconf 80' lang='lat' dir='ltr'><em>adimplebis</em></span> <span class='ocrx_word' id='word_1_21' title='bbox 1328 807 1378 850; x_wconf 89' lang='lat' dir='ltr'>me</span> <span class='ocrx_word' id='word_1_22' title='bbox 1400 785 1531 850; x_wconf 82' lang='lat' dir='ltr'>laetitia</span> <span class='ocrx_word' id='word_1_23' title='bbox 1553 807 1625 850; x_wconf 77' lang='lat' dir='ltr'>mm</span> <span class='ocrx_word' id='word_1_24' title='bbox 1648 786 1741 850; x_wconf 83' lang='lat' dir='ltr'>vultu</span> <span class='ocrx_word' id='word_1_25' title='bbox 1763 797 1844 852; x_wconf 82' lang='lat' dir='ltr'>tuo:</span> 
     </span>
     <span class='ocr_line' id='line_1_5' title="bbox 487 889 1841 974; baseline -0.002 -20"><span class='ocrx_word' id='word_1_26' title='bbox 487 890 707 956; x_wconf 78' lang='lat' dir='ltr'><em>delectationes</em></span> <span class='ocrx_word' id='word_1_27' title='bbox 722 891 757 954; x_wconf 86' lang='lat' dir='ltr'>in</span> <span class='ocrx_word' id='word_1_28' title='bbox 772 891 903 954; x_wconf 78' lang='lat' dir='ltr'>dextera</span> <span class='ocrx_word' id='word_1_29' title='bbox 919 901 978 953; x_wconf 81' lang='lat' dir='ltr'>tna</span> <span class='ocrx_word' id='word_1_30' title='bbox 1004 889 1039 951; x_wconf 86' lang='lat' dir='ltr'>in</span> <span class='ocrx_word' id='word_1_31' title='bbox 1045 889 1159 971; x_wconf 86' lang='lat' dir='ltr'>finem.</span> <span class='ocrx_word' id='word_1_32' title='bbox 1189 889 1278 971; x_wconf 85' lang='lat' dir='ltr'><strong>Quia</strong></span> <span class='ocrx_word' id='word_1_33' title='bbox 1302 910 1380 953; x_wconf 89' lang='lat' dir='ltr'>caro</span> <span class='ocrx_word' id='word_1_34' title='bbox 1411 891 1482 954; x_wconf 91' lang='lat' dir='ltr'>eius</span> <span class='ocrx_word' id='word_1_35' title='bbox 1513 911 1579 954; x_wconf 91' lang='lat' dir='ltr'>non</span> <span class='ocrx_word' id='word_1_36' title='bbox 1606 891 1690 954; x_wconf 87' lang='lat' dir='ltr'>vidit</span> <span class='ocrx_word' id='word_1_37' title='bbox 1711 910 1841 974; x_wconf 88' lang='lat' dir='ltr'>eorrup-</span> 
     </span>
     <span class='ocr_line' id='line_1_6' title="bbox 489 992 1873 1077; baseline 0.001 -19"><span class='ocrx_word' id='word_1_38' title='bbox 489 996 624 1071; x_wconf 82' lang='lat' dir='ltr'>tionem,</span> <span class='ocrx_word' id='word_1_39' title='bbox 640 1005 674 1059; x_wconf 90' lang='lat' dir='ltr'>et</span> <span class='ocrx_word' id='word_1_40' title='bbox 687 997 800 1059; x_wconf 89' lang='lat' dir='ltr'>anima</span> <span class='ocrx_word' id='word_1_41' title='bbox 816 996 886 1058; x_wconf 87' lang='lat' dir='ltr'>eius</span> <span class='ocrx_word' id='word_1_42' title='bbox 902 993 1061 1056; x_wconf 90' lang='lat' dir='ltr'>derelicta</span> <span class='ocrx_word' id='word_1_43' title='bbox 1078 1013 1143 1056; x_wconf 94' lang='lat' dir='ltr'>non</span> <span class='ocrx_word' id='word_1_44' title='bbox 1168 1002 1219 1057; x_wconf 87' lang='lat' dir='ltr'>est</span> <span class='ocrx_word' id='word_1_45' title='bbox 1243 993 1276 1055; x_wconf 94' lang='lat' dir='ltr'>in</span> <span class='ocrx_word' id='word_1_46' title='bbox 1303 992 1441 1072; x_wconf 80' lang='lat' dir='ltr'>inferno,</span> <span class='ocrx_word' id='word_1_47' title='bbox 1468 1014 1555 1057; x_wconf 90' lang='lat' dir='ltr'>nunc</span> <span class='ocrx_word' id='word_1_48' title='bbox 1581 1002 1658 1077; x_wconf 91' lang='lat' dir='ltr'>post</span> <span class='ocrx_word' id='word_1_49' title='bbox 1683 1009 1873 1060; x_wconf 82' lang='lat' dir='ltr'>resurrec-5</span> 
     </span>
     <span class='ocr_line' id='line_1_7' title="bbox 487 1099 1843 1180; baseline -0.003 -16"><span class='ocrx_word' id='word_1_50' title='bbox 487 1101 615 1165; x_wconf 90' lang='lat' dir='ltr'>tionem</span> <span class='ocrx_word' id='word_1_51' title='bbox 632 1103 674 1165; x_wconf 92' lang='lat' dir='ltr'>ad</span> <span class='ocrx_word' id='word_1_52' title='bbox 692 1101 803 1164; x_wconf 89' lang='lat' dir='ltr'>caelos</span> <span class='ocrx_word' id='word_1_53' title='bbox 816 1100 923 1163; x_wconf 88' lang='lat' dir='ltr'>vietor</span> <span class='ocrx_word' id='word_1_54' title='bbox 938 1099 1136 1174; x_wconf 89' lang='lat' dir='ltr'>ascendens,</span> <span class='ocrx_word' id='word_1_55' title='bbox 1151 1119 1195 1160; x_wconf 92' lang='lat' dir='ltr'>ex</span> <span class='ocrx_word' id='word_1_56' title='bbox 1213 1118 1355 1179; x_wconf 89' lang='lat' dir='ltr'>persona</span> <span class='ocrx_word' id='word_1_57' title='bbox 1378 1100 1449 1161; x_wconf 89' lang='lat' dir='ltr'>eius</span> <span class='ocrx_word' id='word_1_58' title='bbox 1475 1099 1624 1163; x_wconf 91' lang='lat' dir='ltr'>hominis</span> <span class='ocrx_word' id='word_1_59' title='bbox 1650 1099 1707 1180; x_wconf 92' lang='lat' dir='ltr'>qui</span> <span class='ocrx_word' id='word_1_60' title='bbox 1739 1119 1843 1162; x_wconf 88' lang='lat' dir='ltr'>resur-</span> 
     </span>
     <span class='ocr_line' id='line_1_8' title="bbox 489 1201 1843 1286; baseline -0.001 -19"><span class='ocrx_word' id='word_1_61' title='bbox 489 1215 632 1283; x_wconf 80' lang='lat' dir='ltr'>rexerat,</span> <span class='ocrx_word' id='word_1_62' title='bbox 646 1205 703 1282; x_wconf 87' lang='lat' dir='ltr'>ait,</span> <span class='ocrx_word' id='word_1_63' title='bbox 720 1205 829 1269; x_wconf 88' lang='lat' dir='ltr'>Notas</span> <span class='ocrx_word' id='word_1_64' title='bbox 851 1203 932 1266; x_wconf 94' lang='lat' dir='ltr'>mihi</span> <span class='ocrx_word' id='word_1_65' title='bbox 946 1202 1052 1266; x_wconf 87' lang='lat' dir='ltr'>iecisti</span> <span class='ocrx_word' id='word_1_66' title='bbox 1065 1201 1135 1265; x_wconf 90' lang='lat' dir='ltr'>vias</span> <span class='ocrx_word' id='word_1_67' title='bbox 1147 1204 1254 1266; x_wconf 88' lang='lat' dir='ltr'>vitae:</span> <span class='ocrx_word' id='word_1_68' title='bbox 1273 1203 1305 1265; x_wconf 93' lang='lat' dir='ltr'>id</span> <span class='ocrx_word' id='word_1_69' title='bbox 1319 1212 1379 1280; x_wconf 88' lang='lat' dir='ltr'>est,</span> <span class='ocrx_word' id='word_1_70' title='bbox 1394 1203 1496 1267; x_wconf 89' lang='lat' dir='ltr'>didici</span> <span class='ocrx_word' id='word_1_71' title='bbox 1507 1205 1680 1286; x_wconf 91' lang='lat' dir='ltr'>quomodo</span> <span class='ocrx_word' id='word_1_72' title='bbox 1691 1203 1843 1266; x_wconf 91' lang='lat' dir='ltr'>homines</span> 
     </span>
     <span class='ocr_line' id='line_1_9' title="bbox 488 1306 1843 1391; baseline 0 -21"><span class='ocrx_word' id='word_1_73' title='bbox 488 1307 669 1372; x_wconf 80' lang='lat' dir='ltr'>liberentur</span> <span class='ocrx_word' id='word_1_74' title='bbox 685 1309 728 1371; x_wconf 90' lang='lat' dir='ltr'>ab</span> <span class='ocrx_word' id='word_1_75' title='bbox 744 1309 866 1384; x_wconf 88' lang='lat' dir='ltr'>inieris,</span> <span class='ocrx_word' id='word_1_76' title='bbox 877 1328 944 1391; x_wconf 92' lang='lat' dir='ltr'>qua</span> <span class='ocrx_word' id='word_1_77' title='bbox 959 1308 1089 1371; x_wconf 89' lang='lat' dir='ltr'>ratione</span> <span class='ocrx_word' id='word_1_78' title='bbox 1105 1307 1208 1370; x_wconf 89' lang='lat' dir='ltr'>vitam</span> <span class='ocrx_word' id='word_1_79' title='bbox 1228 1306 1457 1389; x_wconf 81' lang='lat' dir='ltr'>adipiscantur</span> <span class='ocrx_word' id='word_1_80' title='bbox 1472 1317 1652 1372; x_wconf 80' lang='lat' dir='ltr'>aeternam.</span> <span class='ocrx_word' id='word_1_81' title='bbox 1670 1307 1843 1388; x_wconf 87' lang='lat' dir='ltr'>Simulque</span> 
     </span>
     <span class='ocr_line' id='line_1_10' title="bbox 488 1411 1844 1495; baseline 0.001 -21"><span class='ocrx_word' id='word_1_82' title='bbox 488 1413 674 1490; x_wconf 87' lang='lat' dir='ltr'>considera,</span> <span class='ocrx_word' id='word_1_83' title='bbox 690 1414 779 1495; x_wconf 90' lang='lat' dir='ltr'>quod</span> <span class='ocrx_word' id='word_1_84' title='bbox 797 1412 851 1476; x_wconf 91' lang='lat' dir='ltr'>ille</span> <span class='ocrx_word' id='word_1_85' title='bbox 868 1413 924 1494; x_wconf 94' lang='lat' dir='ltr'>qui</span> <span class='ocrx_word' id='word_1_86' title='bbox 942 1413 995 1475; x_wconf 91' lang='lat' dir='ltr'>via</span> <span class='ocrx_word' id='word_1_87' title='bbox 1012 1419 1045 1474; x_wconf 91' lang='lat' dir='ltr'>et</span> <span class='ocrx_word' id='word_1_88' title='bbox 1062 1411 1133 1476; x_wconf 88' lang='lat' dir='ltr'>vita</span> <span class='ocrx_word' id='word_1_89' title='bbox 1148 1422 1207 1488; x_wconf 87' lang='lat' dir='ltr'>est,</span> <span class='ocrx_word' id='word_1_90' title='bbox 1223 1411 1349 1476; x_wconf 84' lang='lat' dir='ltr'>dixerit</span> <span class='ocrx_word' id='word_1_91' title='bbox 1366 1413 1436 1475; x_wconf 89' lang='lat' dir='ltr'>vias</span> <span class='ocrx_word' id='word_1_92' title='bbox 1451 1411 1609 1478; x_wconf 86' lang='lat' dir='ltr'>didicisse</span> <span class='ocrx_word' id='word_1_93' title='bbox 1621 1413 1721 1490; x_wconf 86' lang='lat' dir='ltr'>vitae,</span> <span class='ocrx_word' id='word_1_94' title='bbox 1736 1413 1767 1476; x_wconf 94' lang='lat' dir='ltr'>id</span> <span class='ocrx_word' id='word_1_95' title='bbox 1784 1423 1844 1488; x_wconf 86' lang='lat' dir='ltr'>est,</span> 
     </span>
     <span class='ocr_line' id='line_1_11' title="bbox 489 1516 1888 1600; baseline 0.001 -22"><span class='ocrx_word' id='word_1_96' title='bbox 489 1517 660 1598; x_wconf 92' lang='lat' dir='ltr'>quomodo</span> <span class='ocrx_word' id='word_1_97' title='bbox 672 1516 825 1580; x_wconf 91' lang='lat' dir='ltr'>homines</span> <span class='ocrx_word' id='word_1_98' title='bbox 841 1537 918 1580; x_wconf 92' lang='lat' dir='ltr'>eum</span> <span class='ocrx_word' id='word_1_99' title='bbox 935 1516 991 1599; x_wconf 93' lang='lat' dir='ltr'>qui</span> <span class='ocrx_word' id='word_1_100' title='bbox 1008 1535 1043 1578; x_wconf 90' lang='lat' dir='ltr'>se</span> <span class='ocrx_word' id='word_1_101' title='bbox 1059 1517 1147 1578; x_wconf 88' lang='lat' dir='ltr'>viam</span> <span class='ocrx_word' id='word_1_102' title='bbox 1172 1524 1205 1578; x_wconf 90' lang='lat' dir='ltr'>et</span> <span class='ocrx_word' id='word_1_103' title='bbox 1230 1517 1335 1579; x_wconf 89' lang='lat' dir='ltr'>vitam</span> <span class='ocrx_word' id='word_1_104' title='bbox 1352 1535 1426 1579; x_wconf 90' lang='lat' dir='ltr'>esse</span> <span class='ocrx_word' id='word_1_105' title='bbox 1442 1518 1565 1582; x_wconf 88' lang='lat' dir='ltr'>dixerit</span> <span class='ocrx_word' id='word_1_106' title='bbox 1589 1535 1843 1600; x_wconf 88' lang='lat' dir='ltr'>consequantur.</span> <span class='ocrx_word' id='word_1_107' title='bbox 1861 1531 1888 1567; x_wconf 84' lang='lat'>1⁰</span> 
     </span>
     <span class='ocr_line' id='line_1_12' title="bbox 490 1618 1842 1704; baseline 0.001 -22"><span class='ocrx_word' id='word_1_108' title='bbox 490 1618 536 1683; x_wconf 89' lang='lat' dir='ltr'>Et</span> <span class='ocrx_word' id='word_1_109' title='bbox 551 1629 645 1702; x_wconf 90' lang='lat' dir='ltr'>puto,</span> <span class='ocrx_word' id='word_1_110' title='bbox 659 1621 745 1686; x_wconf 91' lang='lat' dir='ltr'>sicut</span> <span class='ocrx_word' id='word_1_111' title='bbox 766 1623 837 1704; x_wconf 88' lang='lat' dir='ltr'>ipse</span> <span class='ocrx_word' id='word_1_112' title='bbox 853 1631 903 1685; x_wconf 85' lang='lat' dir='ltr'>est</span> <span class='ocrx_word' id='word_1_113' title='bbox 920 1621 1050 1696; x_wconf 85' lang='lat' dir='ltr'>veritas,</span> <span class='ocrx_word' id='word_1_114' title='bbox 1067 1632 1100 1683; x_wconf 90' lang='lat' dir='ltr'>et</span> <span class='ocrx_word' id='word_1_115' title='bbox 1117 1621 1257 1702; x_wconf 90' lang='lat' dir='ltr'>loquens</span> <span class='ocrx_word' id='word_1_116' title='bbox 1282 1622 1325 1683; x_wconf 92' lang='lat' dir='ltr'>ad</span> <span class='ocrx_word' id='word_1_117' title='bbox 1344 1620 1490 1684; x_wconf 88' lang='lat' dir='ltr'>Iudaeos</span> <span class='ocrx_word' id='word_1_118' title='bbox 1506 1627 1513 1654; x_wconf 89' lang='lat'>‘</span> <span class='ocrx_word' id='word_1_119' title='bbox 1531 1621 1567 1687; x_wconf 92' lang='lat' dir='ltr'>Si</span> <span class='ocrx_word' id='word_1_120' title='bbox 1596 1621 1783 1685; x_wconf 86' lang='lat' dir='ltr'>manseritis</span> <span class='ocrx_word' id='word_1_121' title='bbox 1809 1622 1842 1684; x_wconf 89' lang='lat' dir='ltr'>in</span> 
     </span>
     <span class='ocr_line' id='line_1_13' title="bbox 489 1723 1843 1808; baseline 0 -20"><span class='ocrx_word' id='word_1_122' title='bbox 489 1744 643 1789; x_wconf 89' lang='lat' dir='ltr'>sermone</span> <span class='ocrx_word' id='word_1_123' title='bbox 657 1745 742 1801; x_wconf 87' lang='lat' dir='ltr'>meo,</span> <span class='ocrx_word' id='word_1_124' title='bbox 757 1724 969 1808; x_wconf 88' lang='lat' dir='ltr'>cognoscetis</span> <span class='ocrx_word' id='word_1_125' title='bbox 985 1725 1171 1801; x_wconf 90' lang='lat' dir='ltr'>veritatem,</span> <span class='ocrx_word' id='word_1_126' title='bbox 1195 1732 1229 1787; x_wconf 91' lang='lat' dir='ltr'>et</span> <span class='ocrx_word' id='word_1_127' title='bbox 1257 1723 1379 1788; x_wconf 91' lang='lat' dir='ltr'>veritas</span> <span class='ocrx_word' id='word_1_128' title='bbox 1402 1724 1556 1789; x_wconf 83' lang='lat' dir='ltr'>liberabit</span> <span class='ocrx_word' id='word_1_129' title='bbox 1578 1727 1657 1789; x_wconf 85' lang='lat' dir='ltr'>vos&#39;</span> <span class='ocrx_word' id='word_1_130' title='bbox 1683 1727 1777 1808; x_wconf 86' lang='lat' dir='ltr'>quasi</span> <span class='ocrx_word' id='word_1_131' title='bbox 1800 1727 1843 1789; x_wconf 89' lang='lat' dir='ltr'>de</span> 
     </span>
     <span class='ocr_line' id='line_1_14' title="bbox 489 1827 1843 1913; baseline -0.001 -21"><span class='ocrx_word' id='word_1_132' title='bbox 489 1828 555 1892; x_wconf 90' lang='lat' dir='ltr'>alia</span> <span class='ocrx_word' id='word_1_133' title='bbox 570 1827 718 1912; x_wconf 91' lang='lat' dir='ltr'>loquitur</span> <span class='ocrx_word' id='word_1_134' title='bbox 733 1830 874 1894; x_wconf 85' lang='lat' dir='ltr'>veritate</span> <span class='ocrx_word' id='word_1_135' title='bbox 889 1850 896 1907; x_wconf 90' lang='lat'>;</span> <span class='ocrx_word' id='word_1_136' title='bbox 913 1829 970 1906; x_wconf 91' lang='lat' dir='ltr'>ita,</span> <span class='ocrx_word' id='word_1_137' title='bbox 985 1849 1060 1891; x_wconf 90' lang='lat' dir='ltr'>cum</span> <span class='ocrx_word' id='word_1_138' title='bbox 1079 1829 1149 1910; x_wconf 91' lang='lat' dir='ltr'>ipse</span> <span class='ocrx_word' id='word_1_139' title='bbox 1169 1827 1212 1891; x_wconf 90' lang='lat' dir='ltr'>sit</span> <span class='ocrx_word' id='word_1_140' title='bbox 1238 1828 1318 1905; x_wconf 85' lang='lat' dir='ltr'>vita,</span> <span class='ocrx_word' id='word_1_141' title='bbox 1334 1829 1429 1909; x_wconf 89' lang='lat' dir='ltr'>quasi</span> <span class='ocrx_word' id='word_1_142' title='bbox 1446 1829 1488 1891; x_wconf 92' lang='lat' dir='ltr'>de</span> <span class='ocrx_word' id='word_1_143' title='bbox 1504 1828 1569 1892; x_wconf 91' lang='lat' dir='ltr'>alia</span> <span class='ocrx_word' id='word_1_144' title='bbox 1594 1830 1665 1893; x_wconf 91' lang='lat' dir='ltr'>vita</span> <span class='ocrx_word' id='word_1_145' title='bbox 1690 1827 1843 1913; x_wconf 88' lang='lat' dir='ltr'>loquitur,</span> 
     </span>
     <span class='ocr_line' id='line_1_15' title="bbox 490 1930 1842 2015; baseline -0.001 -18"><span class='ocrx_word' id='word_1_146' title='bbox 490 1942 613 1997; x_wconf 87' lang='lat' dir='ltr'>etcum</span> <span class='ocrx_word' id='word_1_147' title='bbox 631 1933 704 2015; x_wconf 91' lang='lat' dir='ltr'>ipse</span> <span class='ocrx_word' id='word_1_148' title='bbox 720 1933 763 1998; x_wconf 90' lang='lat' dir='ltr'>sit</span> <span class='ocrx_word' id='word_1_149' title='bbox 790 1933 851 2010; x_wconf 85' lang='lat' dir='ltr'>via,</span> <span class='ocrx_word' id='word_1_150' title='bbox 868 1931 950 1996; x_wconf 89' lang='lat' dir='ltr'>alias</span> <span class='ocrx_word' id='word_1_151' title='bbox 966 1931 1028 1996; x_wconf 91' lang='lat' dir='ltr'>sibi</span> <span class='ocrx_word' id='word_1_152' title='bbox 1045 1931 1127 1996; x_wconf 89' lang='lat' dir='ltr'>dicit</span> <span class='ocrx_word' id='word_1_153' title='bbox 1143 1933 1214 1994; x_wconf 90' lang='lat' dir='ltr'>vias</span> <span class='ocrx_word' id='word_1_154' title='bbox 1236 1930 1337 1994; x_wconf 80' lang='lat' dir='ltr'>fuisse</span> <span class='ocrx_word' id='word_1_155' title='bbox 1364 1942 1576 2011; x_wconf 88' lang='lat' dir='ltr'>monstratas,</span> <span class='ocrx_word' id='word_1_156' title='bbox 1592 1935 1670 2012; x_wconf 88' lang='lat' dir='ltr'>sive,</span> <span class='ocrx_word' id='word_1_157' title='bbox 1686 1945 1722 1998; x_wconf 90' lang='lat' dir='ltr'>ut</span> <span class='ocrx_word' id='word_1_158' title='bbox 1740 1935 1772 1996; x_wconf 94' lang='lat' dir='ltr'>in</span> <span class='ocrx_word' id='word_1_159' title='bbox 1786 1934 1842 1996; x_wconf 91' lang='lat' dir='ltr'>he-</span> 
     </span>
     <span class='ocr_line' id='line_1_16' title="bbox 490 2035 1884 2120; baseline -0.004 -20"><span class='ocrx_word' id='word_1_160' title='bbox 490 2037 591 2102; x_wconf 90' lang='lat' dir='ltr'>braeo</span> <span class='ocrx_word' id='word_1_161' title='bbox 608 2036 738 2120; x_wconf 87' lang='lat' dir='ltr'>legitur,</span> <span class='ocrx_word' id='word_1_162' title='bbox 753 2044 760 2071; x_wconf 82' lang='lat'>¹</span> <span class='ocrx_word' id='word_1_163' title='bbox 773 2039 861 2101; x_wconf 87' lang='lat' dir='ltr'>viam</span> <span class='ocrx_word' id='word_1_164' title='bbox 874 2037 900 2103; x_wconf 85' lang='lat'>¹:</span> <span class='ocrx_word' id='word_1_165' title='bbox 916 2046 953 2101; x_wconf 91' lang='lat' dir='ltr'>ut</span> <span class='ocrx_word' id='word_1_166' title='bbox 975 2055 1052 2101; x_wconf 91' lang='lat' dir='ltr'>caro</span> <span class='ocrx_word' id='word_1_167' title='bbox 1067 2035 1194 2100; x_wconf 89' lang='lat' dir='ltr'>scilicet</span> <span class='ocrx_word' id='word_1_168' title='bbox 1207 2056 1308 2117; x_wconf 90' lang='lat' dir='ltr'>quam</span> <span class='ocrx_word' id='word_1_169' title='bbox 1325 2047 1510 2119; x_wconf 88' lang='lat' dir='ltr'>acceperat,</span> <span class='ocrx_word' id='word_1_170' title='bbox 1532 2046 1566 2100; x_wconf 90' lang='lat' dir='ltr'>et</span> <span class='ocrx_word' id='word_1_171' title='bbox 1586 2038 1620 2100; x_wconf 91' lang='lat' dir='ltr'>in</span> <span class='ocrx_word' id='word_1_172' title='bbox 1647 2058 1747 2101; x_wconf 89' lang='lat' dir='ltr'>carne</span> <span class='ocrx_word' id='word_1_173' title='bbox 1773 2038 1842 2102; x_wconf 88' lang='lat' dir='ltr'>eius</span> <span class='ocrx_word' id='word_1_174' title='bbox 1860 2056 1884 2108; x_wconf 82' lang='lat'>¹5</span> 
     </span>
     <span class='ocr_line' id='line_1_17' title="bbox 490 2139 1841 2224; baseline 0.001 -22"><span class='ocrx_word' id='word_1_175' title='bbox 490 2160 590 2203; x_wconf 89' lang='lat' dir='ltr'>omne</span> <span class='ocrx_word' id='word_1_176' title='bbox 607 2142 782 2205; x_wconf 91' lang='lat' dir='ltr'>hominum</span> <span class='ocrx_word' id='word_1_177' title='bbox 799 2162 915 2224; x_wconf 89' lang='lat' dir='ltr'>genus,</span> <span class='ocrx_word' id='word_1_178' title='bbox 931 2161 970 2206; x_wconf 91' lang='lat' dir='ltr'>ea</span> <span class='ocrx_word' id='word_1_179' title='bbox 993 2160 1079 2223; x_wconf 88' lang='lat' dir='ltr'>quae</span> <span class='ocrx_word' id='word_1_180' title='bbox 1103 2140 1289 2205; x_wconf 87' lang='lat' dir='ltr'>divinitatis</span> <span class='ocrx_word' id='word_1_181' title='bbox 1311 2139 1387 2204; x_wconf 89' lang='lat' dir='ltr'>Filii</span> <span class='ocrx_word' id='word_1_182' title='bbox 1416 2141 1546 2207; x_wconf 82' lang='lat' dir='ltr'>fuerant</span> <span class='ocrx_word' id='word_1_183' title='bbox 1572 2143 1635 2206; x_wconf 90' lang='lat' dir='ltr'>sibi</span> <span class='ocrx_word' id='word_1_184' title='bbox 1664 2151 1746 2206; x_wconf 89' lang='lat' dir='ltr'>nota</span> <span class='ocrx_word' id='word_1_185' title='bbox 1772 2162 1841 2206; x_wconf 90' lang='lat' dir='ltr'>esse</span> 
     </span>
     <span class='ocr_line' id='line_1_18' title="bbox 490 2244 1840 2329; baseline 0 -21"><span class='ocrx_word' id='word_1_186' title='bbox 490 2245 661 2326; x_wconf 83' lang='lat' dir='ltr'>gauderet.</span> <span class='ocrx_word' id='word_1_187' title='bbox 679 2246 820 2328; x_wconf 87' lang='lat' dir='ltr'>Propter</span> <span class='ocrx_word' id='word_1_188' title='bbox 835 2245 927 2329; x_wconf 93' lang='lat' dir='ltr'>quod</span> <span class='ocrx_word' id='word_1_189' title='bbox 950 2245 1104 2310; x_wconf 88' lang='lat' dir='ltr'>exultare</span> <span class='ocrx_word' id='word_1_190' title='bbox 1121 2264 1157 2308; x_wconf 90' lang='lat' dir='ltr'>se</span> <span class='ocrx_word' id='word_1_191' title='bbox 1173 2244 1264 2321; x_wconf 89' lang='lat' dir='ltr'>dicit,</span> <span class='ocrx_word' id='word_1_192' title='bbox 1289 2255 1323 2308; x_wconf 92' lang='lat' dir='ltr'>et</span> <span class='ocrx_word' id='word_1_193' title='bbox 1342 2245 1589 2310; x_wconf 88' lang='lat' dir='ltr'>exultationem</span> <span class='ocrx_word' id='word_1_194' title='bbox 1617 2244 1741 2310; x_wconf 89' lang='lat' dir='ltr'>habere</span> <span class='ocrx_word' id='word_1_195' title='bbox 1768 2266 1840 2310; x_wconf 89' lang='lat' dir='ltr'>cum</span> 
     </span>
     <span class='ocr_line' id='line_1_19' title="bbox 491 2347 1841 2430; baseline 0.001 -20"><span class='ocrx_word' id='word_1_196' title='bbox 491 2348 589 2413; x_wconf 89' lang='lat' dir='ltr'>Patre</span> <span class='ocrx_word' id='word_1_197' title='bbox 606 2350 683 2430; x_wconf 85' lang='lat' dir='ltr'>(hoc</span> <span class='ocrx_word' id='word_1_198' title='bbox 699 2360 751 2413; x_wconf 90' lang='lat' dir='ltr'>est</span> <span class='ocrx_word' id='word_1_199' title='bbox 766 2351 867 2426; x_wconf 86' lang='lat' dir='ltr'>enim,</span> <span class='ocrx_word' id='word_1_200' title='bbox 882 2370 959 2415; x_wconf 90' lang='lat' dir='ltr'>cum</span> <span class='ocrx_word' id='word_1_201' title='bbox 976 2347 1069 2413; x_wconf 92' lang='lat' dir='ltr'>vultu</span> <span class='ocrx_word' id='word_1_202' title='bbox 1097 2357 1166 2426; x_wconf 83' lang='lat' dir='ltr'>tuo,</span> <span class='ocrx_word' id='word_1_203' title='bbox 1192 2350 1377 2413; x_wconf 90' lang='lat' dir='ltr'>secundum</span> <span class='ocrx_word' id='word_1_204' title='bbox 1403 2348 1484 2413; x_wconf 92' lang='lat' dir='ltr'>illud</span> <span class='ocrx_word' id='word_1_205' title='bbox 1510 2349 1744 2414; x_wconf 84' lang='lat' dir='ltr'>‘Laetificabis</span> <span class='ocrx_word' id='word_1_206' title='bbox 1768 2371 1841 2414; x_wconf 90' lang='lat' dir='ltr'>eum</span> 
     </span>
     <span class='ocr_line' id='line_1_20' title="bbox 490 2453 1842 2537; baseline 0.001 -21"><span class='ocrx_word' id='word_1_207' title='bbox 490 2453 523 2516; x_wconf 90' lang='lat' dir='ltr'>in</span> <span class='ocrx_word' id='word_1_208' title='bbox 541 2455 668 2536; x_wconf 88' lang='lat' dir='ltr'>gaudio</span> <span class='ocrx_word' id='word_1_209' title='bbox 684 2473 761 2518; x_wconf 90' lang='lat' dir='ltr'>cum</span> <span class='ocrx_word' id='word_1_210' title='bbox 777 2455 871 2519; x_wconf 90' lang='lat' dir='ltr'>vultu</span> <span class='ocrx_word' id='word_1_211' title='bbox 888 2464 948 2520; x_wconf 91' lang='lat' dir='ltr'>tuo</span> <span class='ocrx_word' id='word_1_212' title='bbox 960 2453 983 2532; x_wconf 73' lang='lat'>¹)</span> <span class='ocrx_word' id='word_1_213' title='bbox 1007 2463 1041 2518; x_wconf 89' lang='lat' dir='ltr'>et</span> <span class='ocrx_word' id='word_1_214' title='bbox 1057 2454 1191 2537; x_wconf 88' lang='lat' dir='ltr'>plenam</span> <span class='ocrx_word' id='word_1_215' title='bbox 1209 2453 1460 2536; x_wconf 83' lang='lat' dir='ltr'>perfectamque</span> <span class='ocrx_word' id='word_1_216' title='bbox 1481 2454 1645 2519; x_wconf 86' lang='lat' dir='ltr'>laetitiam</span> <span class='ocrx_word' id='word_1_217' title='bbox 1671 2466 1705 2520; x_wconf 89' lang='lat' dir='ltr'>et</span> <span class='ocrx_word' id='word_1_218' title='bbox 1731 2453 1842 2519; x_wconf 82' lang='lat' dir='ltr'>ineffa-</span> 
     </span>
     <span class='ocr_line' id='line_1_21' title="bbox 490 2556 1889 2641; baseline 0.001 -20"><span class='ocrx_word' id='word_1_219' title='bbox 490 2556 591 2621; x_wconf 90' lang='lat' dir='ltr'>bilem</span> <span class='ocrx_word' id='word_1_220' title='bbox 605 2557 825 2640; x_wconf 86' lang='lat' dir='ltr'>voluptatem‚</span> <span class='ocrx_word' id='word_1_221' title='bbox 839 2578 916 2621; x_wconf 92' lang='lat' dir='ltr'>cum</span> <span class='ocrx_word' id='word_1_222' title='bbox 933 2557 1057 2621; x_wconf 88' lang='lat' dir='ltr'>sederit</span> <span class='ocrx_word' id='word_1_223' title='bbox 1072 2557 1114 2620; x_wconf 93' lang='lat' dir='ltr'>ad</span> <span class='ocrx_word' id='word_1_224' title='bbox 1133 2558 1310 2621; x_wconf 90' lang='lat' dir='ltr'>dexteram</span> <span class='ocrx_word' id='word_1_225' title='bbox 1334 2557 1450 2633; x_wconf 88' lang='lat' dir='ltr'>Patris,</span> <span class='ocrx_word' id='word_1_226' title='bbox 1469 2568 1502 2622; x_wconf 89' lang='lat' dir='ltr'>et</span> <span class='ocrx_word' id='word_1_227' title='bbox 1519 2558 1707 2641; x_wconf 88' lang='lat' dir='ltr'>impleverit</span> <span class='ocrx_word' id='word_1_228' title='bbox 1723 2563 1731 2592; x_wconf 90' lang='lat'>‘</span> <span class='ocrx_word' id='word_1_229' title='bbox 1748 2559 1843 2622; x_wconf 88' lang='lat' dir='ltr'>Dixit</span> <span class='ocrx_word' id='word_1_230' title='bbox 1861 2577 1889 2614; x_wconf 81' lang='lat'>20</span> 
     </span>
     <span class='ocr_line' id='line_1_22' title="bbox 491 2661 1844 2744; baseline -0.001 -20"><span class='ocrx_word' id='word_1_231' title='bbox 491 2661 660 2726; x_wconf 89' lang='lat' dir='ltr'>Dominus</span> <span class='ocrx_word' id='word_1_232' title='bbox 676 2662 826 2726; x_wconf 90' lang='lat' dir='ltr'>Domino</span> <span class='ocrx_word' id='word_1_233' title='bbox 839 2681 923 2735; x_wconf 80' lang='lat' dir='ltr'>meo.</span> <span class='ocrx_word' id='word_1_234' title='bbox 941 2661 1030 2726; x_wconf 89' lang='lat' dir='ltr'>Sede</span> <span class='ocrx_word' id='word_1_235' title='bbox 1045 2681 1066 2724; x_wconf 91' lang='lat' dir='ltr'>a</span> <span class='ocrx_word' id='word_1_236' title='bbox 1081 2661 1212 2724; x_wconf 85' lang='lat' dir='ltr'>dextris</span> <span class='ocrx_word' id='word_1_237' title='bbox 1227 2661 1318 2738; x_wconf 84' lang='lat' dir='ltr'>meis,</span> <span class='ocrx_word' id='word_1_238' title='bbox 1334 2663 1443 2724; x_wconf 88' lang='lat' dir='ltr'>donec</span> <span class='ocrx_word' id='word_1_239' title='bbox 1460 2682 1584 2744; x_wconf 90' lang='lat' dir='ltr'>ponam</span> <span class='ocrx_word' id='word_1_240' title='bbox 1603 2663 1756 2727; x_wconf 91' lang='lat' dir='ltr'>inimicos</span> <span class='ocrx_word' id='word_1_241' title='bbox 1772 2673 1844 2726; x_wconf 89' lang='lat' dir='ltr'>tuos</span> 
     </span>
     <span class='ocr_line' id='line_1_23' title="bbox 490 2763 1844 2848; baseline 0 -20"><span class='ocrx_word' id='word_1_242' title='bbox 490 2765 673 2830; x_wconf 87' lang='lat' dir='ltr'>scabellum</span> <span class='ocrx_word' id='word_1_243' title='bbox 701 2766 845 2848; x_wconf 90' lang='lat' dir='ltr'>pedibus</span> <span class='ocrx_word' id='word_1_244' title='bbox 871 2765 936 2830; x_wconf 91' lang='lat' dir='ltr'>tuis</span> <span class='ocrx_word' id='word_1_245' title='bbox 953 2763 969 2830; x_wconf 86' lang='lat'>¹.</span> <span class='ocrx_word' id='word_1_246' title='bbox 994 2764 1099 2829; x_wconf 88' lang='lat' dir='ltr'>Sedet</span> <span class='ocrx_word' id='word_1_247' title='bbox 1127 2767 1169 2828; x_wconf 94' lang='lat' dir='ltr'>ad</span> <span class='ocrx_word' id='word_1_248' title='bbox 1198 2765 1375 2828; x_wconf 83' lang='lat' dir='ltr'>dexteram</span> <span class='ocrx_word' id='word_1_249' title='bbox 1405 2765 1512 2829; x_wconf 91' lang='lat' dir='ltr'>Patris</span> <span class='ocrx_word' id='word_1_250' title='bbox 1540 2767 1645 2831; x_wconf 87' lang='lat' dir='ltr'>Filius</span> <span class='ocrx_word' id='word_1_251' title='bbox 1669 2767 1703 2830; x_wconf 94' lang='lat' dir='ltr'>in</span> <span class='ocrx_word' id='word_1_252' title='bbox 1730 2767 1844 2830; x_wconf 85' lang='lat' dir='ltr'>maies-</span> 
     </span>
     <span class='ocr_line' id='line_1_24' title="bbox 489 2869 1845 2954; baseline -0.001 -20"><span class='ocrx_word' id='word_1_253' title='bbox 489 2879 560 2934; x_wconf 87' lang='lat' dir='ltr'>tate</span> <span class='ocrx_word' id='word_1_254' title='bbox 590 2870 787 2952; x_wconf 87' lang='lat' dir='ltr'>regnautis;</span> <span class='ocrx_word' id='word_1_255' title='bbox 825 2879 859 2934; x_wconf 89' lang='lat' dir='ltr'>et</span> <span class='ocrx_word' id='word_1_256' title='bbox 889 2871 968 2954; x_wconf 91' lang='lat' dir='ltr'>quia</span> <span class='ocrx_word' id='word_1_257' title='bbox 996 2869 1140 2952; x_wconf 90' lang='lat' dir='ltr'>primum</span> <span class='ocrx_word' id='word_1_258' title='bbox 1174 2877 1354 2951; x_wconf 89' lang='lat' dir='ltr'>martyrem</span> <span class='ocrx_word' id='word_1_259' title='bbox 1376 2888 1473 2933; x_wconf 93' lang='lat' dir='ltr'>suum</span> <span class='ocrx_word' id='word_1_260' title='bbox 1492 2871 1705 2953; x_wconf 88' lang='lat' dir='ltr'>Stephanum</span> <span class='ocrx_word' id='word_1_261' title='bbox 1731 2881 1845 2934; x_wconf 89' lang='lat' dir='ltr'>eontra</span> 
     </span>
     <span class='ocr_line' id='line_1_25' title="bbox 492 2972 1843 3056; baseline 0 -18"><span class='ocrx_word' id='word_1_262' title='bbox 492 2976 637 3040; x_wconf 88' lang='lat' dir='ltr'>Iudaeos</span> <span class='ocrx_word' id='word_1_263' title='bbox 660 2976 789 3039; x_wconf 90' lang='lat' dir='ltr'>viderat</span> <span class='ocrx_word' id='word_1_264' title='bbox 816 2973 1045 3056; x_wconf 85' lang='lat' dir='ltr'>praeliantem,</span> <span class='ocrx_word' id='word_1_265' title='bbox 1065 2975 1210 3036; x_wconf 90' lang='lat' dir='ltr'>surrexit</span> <span class='ocrx_word' id='word_1_266' title='bbox 1236 2994 1254 3034; x_wconf 90' lang='lat' dir='ltr'>a</span> <span class='ocrx_word' id='word_1_267' title='bbox 1280 2972 1375 3049; x_wconf 83' lang='lat' dir='ltr'>solio,</span> <span class='ocrx_word' id='word_1_268' title='bbox 1405 2984 1438 3037; x_wconf 87' lang='lat' dir='ltr'>et</span> <span class='ocrx_word' id='word_1_269' title='bbox 1470 2975 1564 3038; x_wconf 91' lang='lat' dir='ltr'>stetit</span> <span class='ocrx_word' id='word_1_270' title='bbox 1594 2977 1637 3040; x_wconf 92' lang='lat' dir='ltr'>ad</span> <span class='ocrx_word' id='word_1_271' title='bbox 1669 2978 1843 3039; x_wconf 85' lang='lat' dir='ltr'>dexteram</span> 
     </span>
     <span class='ocr_line' id='line_1_26' title="bbox 492 3076 1887 3163; baseline 0 -21"><span class='ocrx_word' id='word_1_272' title='bbox 492 3081 612 3158; x_wconf 86' lang='lat' dir='ltr'>Patris,</span> <span class='ocrx_word' id='word_1_273' title='bbox 627 3081 723 3163; x_wconf 91' lang='lat' dir='ltr'>quasi</span> <span class='ocrx_word' id='word_1_274' title='bbox 740 3089 773 3142; x_wconf 92' lang='lat' dir='ltr'>et</span> <span class='ocrx_word' id='word_1_275' title='bbox 791 3079 861 3160; x_wconf 91' lang='lat' dir='ltr'>ipse</span> <span class='ocrx_word' id='word_1_276' title='bbox 888 3087 1056 3162; x_wconf 84' lang='lat' dir='ltr'>pugnaret</span> <span class='ocrx_word' id='word_1_277' title='bbox 1080 3098 1141 3159; x_wconf 89' lang='lat' dir='ltr'>pro</span> <span class='ocrx_word' id='word_1_278' title='bbox 1167 3087 1321 3160; x_wconf 87' lang='lat' dir='ltr'>martyre.</span> <span class='ocrx_word' id='word_1_279' title='bbox 1355 3076 1449 3140; x_wconf 85' lang='lat' dir='ltr'>Haec</span> <span class='ocrx_word' id='word_1_280' title='bbox 1473 3089 1525 3143; x_wconf 87' lang='lat' dir='ltr'>est</span> <span class='ocrx_word' id='word_1_281' title='bbox 1549 3079 1739 3157; x_wconf 84' lang='lat' dir='ltr'>delectatio,</span> <span class='ocrx_word' id='word_1_282' title='bbox 1764 3080 1843 3143; x_wconf 87' lang='lat' dir='ltr'>haec</span> <span class='ocrx_word' id='word_1_283' title='bbox 1861 3094 1887 3150; x_wconf 80' lang='lat'>25</span> 
     </span>
    </p>
   </div>
   <div class='ocr_carea' id='block_1_3' title="bbox 489 3284 1850 4004">
    <p class='ocr_par' dir='ltr' id='par_1_4' title="bbox 489 3284 1850 4004">
     <span class='ocr_line' id='line_1_27' title="bbox 526 3284 1842 3351; baseline -0.004 -15"><span class='ocrx_word' id='word_1_284' title='bbox 526 3299 536 3336; x_wconf 88' lang='lat'>1</span> <span class='ocrx_word' id='word_1_285' title='bbox 561 3286 717 3351; x_wconf 80' lang='lat' dir='ltr'>sequuntur]</span> <span class='ocrx_word' id='word_1_286' title='bbox 740 3288 768 3335; x_wconf 95' lang='lat' dir='ltr'><strong>M</strong></span> <span class='ocrx_word' id='word_1_287' title='bbox 775 3304 782 3346; x_wconf 91' lang='lat'>;</span> <span class='ocrx_word' id='word_1_288' title='bbox 806 3293 926 3336; x_wconf 77' lang='lat' dir='ltr'>secuntur</span> <span class='ocrx_word' id='word_1_289' title='bbox 947 3287 1005 3338; x_wconf 94' lang='lat' dir='ltr'>OV.</span> <span class='ocrx_word' id='word_1_290' title='bbox 1106 3285 1122 3334; x_wconf 83' lang='lat'><strong>⁶</strong></span> <span class='ocrx_word' id='word_1_291' title='bbox 1145 3285 1266 3348; x_wconf 78' lang='lat' dir='ltr'>hominis]</span> <span class='ocrx_word' id='word_1_292' title='bbox 1288 3303 1338 3335; x_wconf 89' lang='lat' dir='ltr'>om.</span> <span class='ocrx_word' id='word_1_293' title='bbox 1362 3287 1399 3336; x_wconf 89' lang='lat' dir='ltr'>M.</span> <span class='ocrx_word' id='word_1_294' title='bbox 1500 3285 1515 3335; x_wconf 91' lang='lat'><strong>8</strong></span> <span class='ocrx_word' id='word_1_295' title='bbox 1535 3285 1627 3347; x_wconf 78' lang='lat' dir='ltr'>vitam]</span> <span class='ocrx_word' id='word_1_296' title='bbox 1650 3284 1710 3335; x_wconf 86' lang='lat' dir='ltr'>item</span> <span class='ocrx_word' id='word_1_297' title='bbox 1733 3302 1783 3335; x_wconf 91' lang='lat' dir='ltr'>orn.</span> <span class='ocrx_word' id='word_1_298' title='bbox 1808 3285 1842 3334; x_wconf 91' lang='lat' dir='ltr'>M.</span> 
     </span>
     <span class='ocr_line' id='line_1_28' title="bbox 490 3367 1843 3432; baseline -0.004 -14"><span class='ocrx_word' id='word_1_299' title='bbox 490 3368 630 3430; x_wconf 80' lang='lat' dir='ltr'>aeternam]</span> <span class='ocrx_word' id='word_1_300' title='bbox 651 3383 677 3417; x_wconf 85' lang='lat' dir='ltr'>m</span> <span class='ocrx_word' id='word_1_301' title='bbox 689 3377 779 3432; x_wconf 80' lang='lat' dir='ltr'>postea</span> <span class='ocrx_word' id='word_1_302' title='bbox 789 3369 932 3419; x_wconf 83' lang='lat' dir='ltr'>cancellata</span> <span class='ocrx_word' id='word_1_303' title='bbox 943 3369 981 3420; x_wconf 89' lang='lat' dir='ltr'>M.</span> <span class='ocrx_word' id='word_1_304' title='bbox 1082 3381 1098 3431; x_wconf 92' lang='lat'>9</span> <span class='ocrx_word' id='word_1_305' title='bbox 1108 3369 1225 3417; x_wconf 87' lang='lat' dir='ltr'>didicisse</span> <span class='ocrx_word' id='word_1_306' title='bbox 1236 3371 1314 3430; x_wconf 79' lang='lat' dir='ltr'>vr&#39;tae]</span> <span class='ocrx_word' id='word_1_307' title='bbox 1325 3370 1393 3418; x_wconf 79' lang='lat' dir='ltr'>vitae</span> <span class='ocrx_word' id='word_1_308' title='bbox 1408 3369 1523 3418; x_wconf 78' lang='lat' dir='ltr'>didicisse</span> <span class='ocrx_word' id='word_1_309' title='bbox 1536 3369 1574 3417; x_wconf 90' lang='lat' dir='ltr'>M.</span> <span class='ocrx_word' id='word_1_310' title='bbox 1677 3379 1708 3416; x_wconf 92' lang='lat'>10</span> <span class='ocrx_word' id='word_1_311' title='bbox 1717 3367 1785 3429; x_wconf 76' lang='lat' dir='ltr'>eum]</span> <span class='ocrx_word' id='word_1_312' title='bbox 1796 3380 1843 3414; x_wconf 90' lang='lat' dir='ltr'>om.</span> 
     </span>
     <span class='ocr_line' id='line_1_29' title="bbox 492 3440 1844 3515; baseline 0 -18"><span class='ocrx_word' id='word_1_313' title='bbox 492 3449 529 3499; x_wconf 89' lang='lat' dir='ltr'>M.</span> <span class='ocrx_word' id='word_1_314' title='bbox 630 3449 700 3499; x_wconf 85' lang='lat' dir='ltr'>viam</span> <span class='ocrx_word' id='word_1_315' title='bbox 712 3458 736 3500; x_wconf 85' lang='lat' dir='ltr'>et</span> <span class='ocrx_word' id='word_1_316' title='bbox 746 3451 838 3512; x_wconf 85' lang='lat' dir='ltr'>vitam]</span> <span class='ocrx_word' id='word_1_317' title='bbox 848 3453 892 3500; x_wconf 85' lang='lat' dir='ltr'>via</span> <span class='ocrx_word' id='word_1_318' title='bbox 902 3456 926 3499; x_wconf 76' lang='lat' dir='ltr'>et</span> <span class='ocrx_word' id='word_1_319' title='bbox 936 3453 991 3501; x_wconf 78' lang='lat' dir='ltr'>vita</span> <span class='ocrx_word' id='word_1_320' title='bbox 1004 3452 1042 3501; x_wconf 92' lang='lat' dir='ltr'>M.</span> <span class='ocrx_word' id='word_1_321' title='bbox 1142 3451 1201 3512; x_wconf 85' lang='lat' dir='ltr'>esse]</span> <span class='ocrx_word' id='word_1_322' title='bbox 1213 3451 1245 3511; x_wconf 85' lang='lat' dir='ltr'>V,</span> <span class='ocrx_word' id='word_1_323' title='bbox 1259 3440 1350 3515; x_wconf 59' lang='lat' dir='ltr'>O‘sup.</span> <span class='ocrx_word' id='word_1_324' title='bbox 1365 3450 1410 3499; x_wconf 91' lang='lat' dir='ltr'>lin.</span> <span class='ocrx_word' id='word_1_325' title='bbox 1424 3459 1551 3514; x_wconf 85' lang='lat' dir='ltr'>expuncto</span> <span class='ocrx_word' id='word_1_326' title='bbox 1561 3456 1610 3509; x_wconf 60' lang='lat' dir='ltr'>ern</span> <span class='ocrx_word' id='word_1_327' title='bbox 1622 3449 1729 3500; x_wconf 78' lang='lat' dir='ltr'>mitem</span> <span class='ocrx_word' id='word_1_328' title='bbox 1741 3451 1796 3499; x_wconf 88' lang='lat' dir='ltr'>cod.</span> <span class='ocrx_word' id='word_1_329' title='bbox 1810 3449 1844 3498; x_wconf 90' lang='lat' dir='ltr'>M.</span> 
     </span>
     <span class='ocr_line' id='line_1_30' title="bbox 492 3531 1844 3598; baseline -0.003 -17"><span class='ocrx_word' id='word_1_330' title='bbox 492 3543 522 3595; x_wconf 86' lang='lat'>13</span> <span class='ocrx_word' id='word_1_331' title='bbox 533 3531 678 3596; x_wconf 76' lang='lat' dir='ltr'>loquitur...</span> <span class='ocrx_word' id='word_1_332' title='bbox 697 3533 726 3580; x_wconf 84' lang='lat' dir='ltr'>de</span> <span class='ocrx_word' id='word_1_333' title='bbox 736 3532 802 3594; x_wconf 83' lang='lat' dir='ltr'>alia]</span> <span class='ocrx_word' id='word_1_334' title='bbox 813 3549 863 3582; x_wconf 84' lang='lat' dir='ltr'>om.</span> <span class='ocrx_word' id='word_1_335' title='bbox 880 3534 907 3582; x_wconf 96' lang='lat' dir='ltr'><strong>M</strong></span> <span class='ocrx_word' id='word_1_336' title='bbox 921 3535 954 3583; x_wconf 89' lang='lat' dir='ltr'>ob</span> <span class='ocrx_word' id='word_1_337' title='bbox 965 3549 1041 3598; x_wconf 82' lang='lat' dir='ltr'>saepe</span> <span class='ocrx_word' id='word_1_338' title='bbox 1052 3532 1103 3582; x_wconf 84' lang='lat' dir='ltr'>iam</span> <span class='ocrx_word' id='word_1_339' title='bbox 1123 3533 1219 3583; x_wconf 83' lang='lat' dir='ltr'>dictam</span> <span class='ocrx_word' id='word_1_340' title='bbox 1240 3533 1372 3582; x_wconf 85' lang='lat' dir='ltr'>rationem.</span> <span class='ocrx_word' id='word_1_341' title='bbox 1477 3542 1506 3595; x_wconf 86' lang='lat'>15</span> <span class='ocrx_word' id='word_1_342' title='bbox 1518 3539 1548 3580; x_wconf 77' lang='lat' dir='ltr'>ut</span> <span class='ocrx_word' id='word_1_343' title='bbox 1558 3532 1625 3594; x_wconf 80' lang='lat' dir='ltr'>caro]</span> <span class='ocrx_word' id='word_1_344' title='bbox 1636 3533 1664 3582; x_wconf 88' lang='lat' dir='ltr'><strong>M</strong></span> <span class='ocrx_word' id='word_1_345' title='bbox 1671 3549 1679 3590; x_wconf 88' lang='lat'>;</span> <span class='ocrx_word' id='word_1_346' title='bbox 1690 3541 1713 3582; x_wconf 79' lang='lat' dir='ltr'>et</span> <span class='ocrx_word' id='word_1_347' title='bbox 1723 3549 1779 3582; x_wconf 80' lang='lat' dir='ltr'>caro</span> <span class='ocrx_word' id='word_1_348' title='bbox 1791 3531 1844 3582; x_wconf 83' lang='lat' dir='ltr'>OV.</span> 
     </span>
     <span class='ocr_line' id='line_1_31' title="bbox 490 3611 1846 3678; baseline -0.001 -17"><span class='ocrx_word' id='word_1_349' title='bbox 490 3613 625 3678; x_wconf 77' lang='lat' dir='ltr'>acceperat]</span> <span class='ocrx_word' id='word_1_350' title='bbox 638 3615 681 3673; x_wconf 87' lang='lat' dir='ltr'>M;</span> <span class='ocrx_word' id='word_1_351' title='bbox 693 3623 862 3678; x_wconf 79' lang='lat' dir='ltr'>assumpserat</span> <span class='ocrx_word' id='word_1_352' title='bbox 873 3614 930 3665; x_wconf 95' lang='lat' dir='ltr'>OV.</span> <span class='ocrx_word' id='word_1_353' title='bbox 1034 3624 1061 3674; x_wconf 87' lang='lat'>17</span> <span class='ocrx_word' id='word_1_354' title='bbox 1069 3614 1203 3676; x_wconf 81' lang='lat' dir='ltr'>gauderet]</span> <span class='ocrx_word' id='word_1_355' title='bbox 1216 3614 1260 3674; x_wconf 89' lang='lat' dir='ltr'>M;</span> <span class='ocrx_word' id='word_1_356' title='bbox 1273 3613 1384 3678; x_wconf 84' lang='lat' dir='ltr'>gaudere</span> <span class='ocrx_word' id='word_1_357' title='bbox 1401 3613 1458 3663; x_wconf 91' lang='lat' dir='ltr'>OV.</span> <span class='ocrx_word' id='word_1_358' title='bbox 1560 3625 1593 3662; x_wconf 88' lang='lat'>20</span> <span class='ocrx_word' id='word_1_359' title='bbox 1607 3614 1769 3678; x_wconf 77' lang='lat' dir='ltr'>voluptatem]</span> <span class='ocrx_word' id='word_1_360' title='bbox 1780 3613 1813 3673; x_wconf 84' lang='lat' dir='ltr'>V,</span> <span class='ocrx_word' id='word_1_361' title='bbox 1825 3611 1846 3661; x_wconf 94' lang='grc' dir='ltr'>Ο</span> 
     </span>
     <span class='ocr_line' id='line_1_32' title="bbox 491 3695 1850 3761; baseline -0.002 -16"><span class='ocrx_word' id='word_1_362' title='bbox 491 3712 576 3761; x_wconf 83' lang='lat' dir='ltr'>marg;</span> <span class='ocrx_word' id='word_1_363' title='bbox 587 3699 743 3746; x_wconf 77' lang='lat' dir='ltr'>volunlatem</span> <span class='ocrx_word' id='word_1_364' title='bbox 758 3697 794 3757; x_wconf 84' lang='lat' dir='ltr'>M,</span> <span class='ocrx_word' id='word_1_365' title='bbox 810 3697 872 3748; x_wconf 90' lang='lat' dir='ltr'>Oin</span> <span class='ocrx_word' id='word_1_366' title='bbox 884 3705 962 3746; x_wconf 83' lang='lat' dir='ltr'>textu.</span> <span class='ocrx_word' id='word_1_367' title='bbox 1063 3710 1094 3746; x_wconf 90' lang='grc'>22</span> <span class='ocrx_word' id='word_1_368' title='bbox 1103 3697 1207 3761; x_wconf 82' lang='lat' dir='ltr'>pedibus</span> <span class='ocrx_word' id='word_1_369' title='bbox 1218 3697 1281 3758; x_wconf 82' lang='lat' dir='ltr'>luis]</span> <span class='ocrx_word' id='word_1_370' title='bbox 1297 3697 1338 3756; x_wconf 89' lang='lat' dir='ltr'>M;</span> <span class='ocrx_word' id='word_1_371' title='bbox 1353 3697 1444 3761; x_wconf 81' lang='lat' dir='ltr'>pedum</span> <span class='ocrx_word' id='word_1_372' title='bbox 1462 3703 1563 3744; x_wconf 80' lang='lat' dir='ltr'>luorum</span> <span class='ocrx_word' id='word_1_373' title='bbox 1580 3695 1636 3746; x_wconf 90' lang='lat' dir='ltr'>OV.</span> <span class='ocrx_word' id='word_1_374' title='bbox 1737 3698 1808 3746; x_wconf 82' lang='lat' dir='ltr'>Sedet</span> <span class='ocrx_word' id='word_1_375' title='bbox 1818 3695 1850 3744; x_wconf 82' lang='lat' dir='ltr'>nd</span> 
     </span>
     <span class='ocr_line' id='line_1_33' title="bbox 489 3776 1846 3843; baseline 0.001 -19"><span class='ocrx_word' id='word_1_376' title='bbox 489 3776 628 3840; x_wconf 80' lang='lat' dir='ltr'>dexteram]</span> <span class='ocrx_word' id='word_1_377' title='bbox 641 3779 684 3840; x_wconf 86' lang='lat' dir='ltr'>M;</span> <span class='ocrx_word' id='word_1_378' title='bbox 697 3779 740 3827; x_wconf 84' lang='lat' dir='ltr'>sed</span> <span class='ocrx_word' id='word_1_379' title='bbox 749 3780 788 3828; x_wconf 82' lang='lat' dir='ltr'>ila</span> <span class='ocrx_word' id='word_1_380' title='bbox 799 3781 928 3829; x_wconf 78' lang='lat' dir='ltr'>dexteram</span> <span class='ocrx_word' id='word_1_381' title='bbox 941 3779 965 3829; x_wconf 92' lang='grc' dir='ltr'>Ο</span> <span class='ocrx_word' id='word_1_382' title='bbox 976 3778 1002 3828; x_wconf 92' lang='lat' dir='ltr'>in</span> <span class='ocrx_word' id='word_1_383' title='bbox 1014 3786 1097 3839; x_wconf 86' lang='lat' dir='ltr'>textu;</span> <span class='ocrx_word' id='word_1_384' title='bbox 1109 3779 1172 3827; x_wconf 78' lang='lat' dir='ltr'>seder</span> <span class='ocrx_word' id='word_1_385' title='bbox 1183 3779 1270 3843; x_wconf 76' lang='lat' dir='ltr'>itaque</span> <span class='ocrx_word' id='word_1_386' title='bbox 1280 3779 1451 3827; x_wconf 72' lang='lat' dir='ltr'>adnexarum</span> <span class='ocrx_word' id='word_1_387' title='bbox 1464 3778 1496 3838; x_wconf 86' lang='lat' dir='ltr'>V,</span> <span class='ocrx_word' id='word_1_388' title='bbox 1510 3777 1534 3826; x_wconf 93' lang='lat'>0</span> <span class='ocrx_word' id='word_1_389' title='bbox 1547 3793 1624 3842; x_wconf 84' lang='lat' dir='ltr'>marg.</span> <span class='ocrx_word' id='word_1_390' title='bbox 1713 3792 1744 3840; x_wconf 85' lang='lat'>²4</span> <span class='ocrx_word' id='word_1_391' title='bbox 1755 3796 1770 3826; x_wconf 84' lang='lat' dir='ltr'>n</span> <span class='ocrx_word' id='word_1_392' title='bbox 1780 3777 1846 3838; x_wconf 84' lang='lat' dir='ltr'>solio]</span> 
     </span>
     <span class='ocr_line' id='line_1_34' title="bbox 489 3860 1847 3924; baseline -0.002 -13"><span class='ocrx_word' id='word_1_393' title='bbox 489 3878 520 3911; x_wconf 82' lang='lat' dir='ltr'>ex</span> <span class='ocrx_word' id='word_1_394' title='bbox 536 3860 563 3908; x_wconf 94' lang='lat' dir='ltr'><strong>M</strong></span> <span class='ocrx_word' id='word_1_395' title='bbox 577 3863 737 3911; x_wconf 86' lang='lat' dir='ltr'>retinendum</span> <span class='ocrx_word' id='word_1_396' title='bbox 750 3861 837 3911; x_wconf 88' lang='lat' dir='ltr'>censui</span> <span class='ocrx_word' id='word_1_397' title='bbox 847 3879 855 3922; x_wconf 68' lang='grc' dir='ltr'><strong>ς</strong></span> <span class='ocrx_word' id='word_1_398' title='bbox 866 3877 879 3911; x_wconf 82' lang='lat' dir='ltr'>e</span> <span class='ocrx_word' id='word_1_399' title='bbox 889 3862 950 3911; x_wconf 86' lang='lat' dir='ltr'>solio</span> <span class='ocrx_word' id='word_1_400' title='bbox 961 3861 1017 3911; x_wconf 92' lang='lat' dir='ltr'>OV.</span> <span class='ocrx_word' id='word_1_401' title='bbox 1120 3871 1150 3924; x_wconf 83' lang='lat'>25</span> <span class='ocrx_word' id='word_1_402' title='bbox 1169 3861 1227 3910; x_wconf 81' lang='lat' dir='ltr'>haec</span> <span class='ocrx_word' id='word_1_403' title='bbox 1246 3861 1372 3922; x_wconf 74' lang='lat' dir='ltr'>voluntas]</span> <span class='ocrx_word' id='word_1_404' title='bbox 1395 3861 1418 3910; x_wconf 95' lang='grc' dir='ltr'>Ο</span> <span class='ocrx_word' id='word_1_405' title='bbox 1439 3876 1528 3924; x_wconf 86' lang='lat' dir='ltr'>marg;</span> <span class='ocrx_word' id='word_1_406' title='bbox 1548 3861 1605 3908; x_wconf 81' lang='lat' dir='ltr'>inec</span> <span class='ocrx_word' id='word_1_407' title='bbox 1623 3868 1660 3909; x_wconf 81' lang='lat' dir='ltr'>est</span> <span class='ocrx_word' id='word_1_408' title='bbox 1676 3861 1788 3924; x_wconf 79' lang='lat' dir='ltr'>voluptas</span> <span class='ocrx_word' id='word_1_409' title='bbox 1809 3860 1847 3918; x_wconf 87' lang='lat' dir='ltr'>V;</span> 
     </span>
     <span class='ocr_line' id='line_1_35' title="bbox 489 3944 894 4004; baseline 0.007 -13"><span class='ocrx_word' id='word_1_410' title='bbox 489 3944 547 3992; x_wconf 78' lang='lat' dir='ltr'>iaec</span> <span class='ocrx_word' id='word_1_411' title='bbox 559 3944 677 3993; x_wconf 81' lang='lat' dir='ltr'>voluutas</span> <span class='ocrx_word' id='word_1_412' title='bbox 690 3947 728 4004; x_wconf 87' lang='lat' dir='ltr'>M,</span> <span class='ocrx_word' id='word_1_413' title='bbox 742 3944 765 3994; x_wconf 95' lang='lat' dir='ltr'>O</span> <span class='ocrx_word' id='word_1_414' title='bbox 778 3945 803 3992; x_wconf 91' lang='lat' dir='ltr'>in</span> <span class='ocrx_word' id='word_1_415' title='bbox 817 3951 894 3994; x_wconf 89' lang='lat' dir='ltr'>textu.</span> 
     </span>
    </p>
   </div>
   <div class='ocr_carea' id='block_1_4' title="bbox 488 4109 1846 4684">
    <p class='ocr_par' dir='ltr' id='par_1_5' title="bbox 488 4109 1846 4680">
     <span class='ocr_line' id='line_1_36' title="bbox 533 4109 1846 4193; baseline 0.002 -24"><span class='ocrx_word' id='word_1_416' title='bbox 533 4115 550 4169; x_wconf 92' lang='lat'>6</span> <span class='ocrx_word' id='word_1_417' title='bbox 573 4115 663 4172; x_wconf 83' lang='lat' dir='ltr'>nr&#39;elor</span> <span class='ocrx_word' id='word_1_418' title='bbox 675 4109 838 4193; x_wconf 81' lang='lat' dir='ltr'>ascendens]</span> <span class='ocrx_word' id='word_1_419' title='bbox 851 4123 879 4172; x_wconf 90' lang='lat' dir='ltr'>et</span> <span class='ocrx_word' id='word_1_420' title='bbox 892 4109 967 4172; x_wconf 88' lang='lat' dir='ltr'>inira</span> <span class='ocrx_word' id='word_1_421' title='bbox 978 4132 1047 4188; x_wconf 81' lang='lat'>31‚4</span> <span class='ocrx_word' id='word_1_422' title='bbox 1057 4114 1144 4171; x_wconf 69' lang='lat' dir='ltr'>rrr&#39;ctnr</span> <span class='ocrx_word' id='word_1_423' title='bbox 1196 4113 1326 4171; x_wconf 86' lang='lat' dir='ltr'>licnnum</span> <span class='ocrx_word' id='word_1_424' title='bbox 1344 4111 1502 4187; x_wconf 87' lang='lat' dir='ltr'>putabatur</span> <span class='ocrx_word' id='word_1_425' title='bbox 1514 4111 1755 4170; x_wconf 86' lang='lat' dir='ltr'>additamentum</span> <span class='ocrx_word' id='word_1_426' title='bbox 1768 4115 1846 4187; x_wconf 86' lang='lat' dir='ltr'>apud</span> 
     </span>
     <span class='ocr_line' id='line_1_37' title="bbox 488 4191 1844 4269; baseline -0.002 -13"><span class='ocrx_word' id='word_1_427' title='bbox 488 4195 654 4269; x_wconf 74' lang='lat' dir='ltr'>penetrarit</span> <span class='ocrx_word' id='word_1_428' title='bbox 680 4193 723 4252; x_wconf 87' lang='lat' dir='ltr'>ad</span> <span class='ocrx_word' id='word_1_429' title='bbox 747 4197 842 4254; x_wconf 83' lang='lat' dir='ltr'>caelos.</span> <span class='ocrx_word' id='word_1_430' title='bbox 874 4193 990 4253; x_wconf 91' lang='lat' dir='ltr'>Notum</span> <span class='ocrx_word' id='word_1_431' title='bbox 1015 4204 1061 4252; x_wconf 88' lang='lat' dir='ltr'>est</span> <span class='ocrx_word' id='word_1_432' title='bbox 1086 4194 1144 4252; x_wconf 88' lang='lat' dir='ltr'>hoc</span> <span class='ocrx_word' id='word_1_433' title='bbox 1196 4202 1331 4253; x_wconf 89' lang='lat' dir='ltr'>nostrum</span> <span class='ocrx_word' id='word_1_434' title='bbox 1348 4191 1689 4268; x_wconf 85' lang='lat' dir='ltr'>quoqueTractatorem</span> <span class='ocrx_word' id='word_1_435' title='bbox 1713 4192 1844 4254; x_wconf 85' lang='lat' dir='ltr'>inveniri.</span> 
     </span>
     <span class='ocr_line' id='line_1_38' title="bbox 492 4268 1736 4354; baseline 0 -20"><span class='ocrx_word' id='word_1_436' title='bbox 492 4278 616 4339; x_wconf 86' lang='lat' dir='ltr'>verbum</span> <span class='ocrx_word' id='word_1_437' title='bbox 634 4273 762 4336; x_wconf 87' lang='lat' dir='ltr'>‘victor’</span> <span class='ocrx_word' id='word_1_438' title='bbox 778 4274 930 4336; x_wconf 89' lang='lat' dir='ltr'>nonnullis</span> <span class='ocrx_word' id='word_1_439' title='bbox 953 4273 1144 4352; x_wconf 90' lang='lat' dir='ltr'>expositioni·</span> <span class='ocrx_word' id='word_1_440' title='bbox 1240 4295 1283 4332; x_wconf 87' lang='lat'>12.</span> <span class='ocrx_word' id='word_1_441' title='bbox 1301 4273 1437 4333; x_wconf 81' lang='lat' dir='ltr'>liberabit</span> <span class='ocrx_word' id='word_1_442' title='bbox 1453 4268 1515 4354; x_wconf 86' lang='lat' dir='ltr'>nos]</span> <span class='ocrx_word' id='word_1_443' title='bbox 1531 4274 1577 4333; x_wconf 91' lang='lat'>10.</span> <span class='ocrx_word' id='word_1_444' title='bbox 1594 4275 1622 4340; x_wconf 91' lang='grc'>8,</span> <span class='ocrx_word' id='word_1_445' title='bbox 1639 4291 1675 4348; x_wconf 84' lang='lat'>31</span> <span class='ocrx_word' id='word_1_446' title='bbox 1692 4294 1736 4350; x_wconf 88' lang='lat' dir='ltr'>sq.</span> 
     </span>
     <span class='ocr_line' id='line_1_39' title="bbox 491 4351 1844 4436; baseline -0.003 -18"><span class='ocrx_word' id='word_1_447' title='bbox 491 4358 547 4422; x_wconf 87' lang='lat' dir='ltr'>bus</span> <span class='ocrx_word' id='word_1_448' title='bbox 574 4356 644 4418; x_wconf 89' lang='lat' dir='ltr'>fidei</span> <span class='ocrx_word' id='word_1_449' title='bbox 666 4356 797 4436; x_wconf 88' lang='lat' dir='ltr'>antiquis</span> <span class='ocrx_word' id='word_1_450' title='bbox 822 4357 967 4420; x_wconf 88' lang='lat' dir='ltr'>insertum</span> <span class='ocrx_word' id='word_1_451' title='bbox 994 4375 1070 4430; x_wconf 86' lang='lat' dir='ltr'>esse,</span> <span class='ocrx_word' id='word_1_452' title='bbox 1091 4354 1144 4417; x_wconf 93' lang='lat' dir='ltr'>ubi</span> <span class='ocrx_word' id='word_1_453' title='bbox 1242 4377 1283 4428; x_wconf 83' lang='lat'>¹4·</span> <span class='ocrx_word' id='word_1_454' title='bbox 1296 4357 1327 4414; x_wconf 81' lang='lat' dir='ltr'>in</span> <span class='ocrx_word' id='word_1_455' title='bbox 1342 4356 1418 4415; x_wconf 81' lang='lat' dir='ltr'>hebr.</span> <span class='ocrx_word' id='word_1_456' title='bbox 1430 4351 1640 4435; x_wconf 79' lang='lat' dir='ltr'>legr‘lnreu&#39;nm]</span> <span class='ocrx_word' id='word_1_457' title='bbox 1659 4357 1746 4417; x_wconf 87' lang='lat' dir='ltr'>Psalt.</span> <span class='ocrx_word' id='word_1_458' title='bbox 1763 4355 1844 4417; x_wconf 87' lang='lat' dir='ltr'>Hier.</span> 
     </span>
     <span class='ocr_line' id='line_1_40' title="bbox 491 4435 1843 4503; baseline -0.001 -3"><span class='ocrx_word' id='word_1_459' title='bbox 491 4440 530 4502; x_wconf 90' lang='lat' dir='ltr'>de</span> <span class='ocrx_word' id='word_1_460' title='bbox 545 4438 658 4503; x_wconf 90' lang='lat' dir='ltr'>Christi</span> <span class='ocrx_word' id='word_1_461' title='bbox 682 4440 860 4500; x_wconf 89' lang='lat' dir='ltr'>ascensione</span> <span class='ocrx_word' id='word_1_462' title='bbox 874 4443 914 4502; x_wconf 89' lang='lat' dir='ltr'>ad</span> <span class='ocrx_word' id='word_1_463' title='bbox 929 4438 1037 4500; x_wconf 88' lang='lat' dir='ltr'>caelos.</span> <span class='ocrx_word' id='word_1_464' title='bbox 1053 4438 1143 4500; x_wconf 86' lang='lat' dir='ltr'>Coni.</span> <span class='ocrx_word' id='word_1_465' title='bbox 1196 4458 1232 4498; x_wconf 92' lang='lat' dir='ltr'>ex</span> <span class='ocrx_word' id='word_1_466' title='bbox 1247 4437 1327 4496; x_wconf 91' lang='lat' dir='ltr'>hebr.</span> <span class='ocrx_word' id='word_1_467' title='bbox 1347 4436 1506 4496; x_wconf 88' lang='lat' dir='ltr'>‘ostendes</span> <span class='ocrx_word' id='word_1_468' title='bbox 1520 4435 1593 4498; x_wconf 90' lang='lat' dir='ltr'>mihi</span> <span class='ocrx_word' id='word_1_469' title='bbox 1604 4436 1742 4500; x_wconf 85' lang='lat' dir='ltr'>semitam</span> <span class='ocrx_word' id='word_1_470' title='bbox 1752 4438 1843 4499; x_wconf 83' lang='lat' dir='ltr'>vitae&#39;.</span> 
     </span>
     <span class='ocr_line' id='line_1_41' title="bbox 493 4513 1536 4680; baseline -0.008 -96"><span class='ocrx_word' id='word_1_471' title='bbox 493 4520 782 4594; x_wconf 63' lang='lat' dir='ltr'>hflahnfflibtioth.</span> <span class='ocrx_word' id='word_1_472' title='bbox 793 4523 925 4600; x_wconf 85' lang='lat' dir='ltr'>Symbol.</span> <span class='ocrx_word' id='word_1_473' title='bbox 934 4519 1005 4581; x_wconf 88' lang='lat' dir='ltr'>edit.</span> <span class='ocrx_word' id='word_1_474' title='bbox 1019 4538 1081 4597; x_wconf 82' lang='lat' dir='ltr'>3‚p.</span> <span class='ocrx_word' id='word_1_475' title='bbox 1096 4537 1141 4597; x_wconf 82' lang='grc'><strong>52,</strong></span> <span class='ocrx_word' id='word_1_476' title='bbox 1243 4538 1286 4594; x_wconf 82' lang='grc'><strong>29.</strong></span> <span class='ocrx_word' id='word_1_477' title='bbox 1300 4513 1371 4680; x_wconf 66' lang='lat' dir='ltr'>treet]l</span> <span class='ocrx_word' id='word_1_478' title='bbox 1380 4520 1426 4578; x_wconf 88' lang='lat' dir='ltr'>Ps.</span> <span class='ocrx_word' id='word_1_479' title='bbox 1445 4539 1493 4588; x_wconf 84' lang='lat' dir='ltr'>eo,</span> <span class='ocrx_word' id='word_1_480' title='bbox 1511 4537 1536 4593; x_wconf 84' lang='lat'>7.</span> 
     </span>
    </p>

    <p class='ocr_par' dir='ltr' id='par_1_6' title="bbox 494 4601 1553 4684">
     <span class='ocr_line' id='line_1_42' title="bbox 494 4601 1553 4684; baseline -0.004 -20"><span class='ocrx_word' id='word_1_481' title='bbox 494 4621 531 4684; x_wconf 76' lang='lat'>74</span> <span class='ocrx_word' id='word_1_482' title='bbox 553 4615 583 4664; x_wconf 91' lang='lat' dir='ltr'>et</span> <span class='ocrx_word' id='word_1_483' title='bbox 606 4605 652 4678; x_wconf 76' lang='lat'>78.</span> <span class='ocrx_word' id='word_1_484' title='bbox 681 4601 792 4662; x_wconf 91' lang='lat' dir='ltr'>Mirum</span> <span class='ocrx_word' id='word_1_485' title='bbox 808 4623 881 4665; x_wconf 86' lang='lat' dir='ltr'>sane</span> <span class='ocrx_word' id='word_1_486' title='bbox 895 4603 977 4664; x_wconf 88' lang='lat' dir='ltr'>istud</span> <span class='ocrx_word' id='word_1_487' title='bbox 989 4601 1071 4680; x_wconf 85' lang='lat' dir='ltr'>quod</span> <span class='ocrx_word' id='word_1_488' title='bbox 1086 4603 1144 4680; x_wconf 88' lang='lat' dir='ltr'>gal·</span> <span class='ocrx_word' id='word_1_489' title='bbox 1241 4620 1286 4660; x_wconf 87' lang='grc'>22.</span> <span class='ocrx_word' id='word_1_490' title='bbox 1300 4601 1359 4660; x_wconf 83' lang='lat' dir='ltr'>luis</span> <span class='ocrx_word' id='word_1_491' title='bbox 1384 4601 1431 4659; x_wconf 79' lang='lat' dir='ltr'>Pr.</span> <span class='ocrx_word' id='word_1_492' title='bbox 1448 4617 1513 4676; x_wconf 81' lang='lat'><strong>109,</strong></span> <span class='ocrx_word' id='word_1_493' title='bbox 1530 4619 1553 4660; x_wconf 87' lang='lat'>1.</span> 
     </span>
    </p>
   </div>
   <div class='ocr_carea' id='block_1_5' title="bbox 0 0 2034 5498">
    <p class='ocr_par' dir='ltr' id='par_1_7' title="bbox 0 0 2034 5498">
     <span class='ocr_line' id='line_1_43' title="bbox 0 0 2034 5498; baseline 0 0"><span class='ocrx_word' id='word_1_494' title='bbox 0 0 2034 5498; x_wconf 95' lang='lat' dir='ltr'> </span> 
     </span>
    </p>
   </div>
  </div>
 </body>
</html>
