4112 5496
440 431 490 512 14
890 435 1045 498 SANCTI
1075 438 1328 499 HIERONYMI
1745 431 1788 518 [vr

436 663 667 763 resurgunt
689 652 809 762 impii
834 652 876 734 in
899 652 1068 752 iudicio,
1094 653 1162 736 hic
1183 680 1259 763 pro
1280 651 1503 736 haereticis
1524 649 1725 760 postulat,
1744 663 1790 734 ut

437 817 513 900 per
535 789 616 872 Dei
641 789 848 873 iudicium
870 791 1147 903 corrigantur.
1173 792 1393 876 Decr'dant
1416 818 1444 872 a
1464 790 1655 874 consiliis
1687 791 1788 873 sur's.

440 927 570 1035 Quod
607 928 804 1038 superius
826 929 1063 1039 postulavit
1086 957 1094 1012 :
1116 942 1164 1013 ut
1186 930 1344 1013 iudicet
1364 956 1448 1028 eoa,
1471 941 1513 1014 et
1533 958 1559 1012 a
1584 929 1794 1040 perversis

439 1065 612 1148 tandem
635 1067 828 1150 consiliis
848 1068 1059 1151 desinant.
1094 1070 1339 1153 Secundum
1360 1068 1687 1151 multitudinem
1717 1069 1797 1151 im-

430 1206 655 1314 pietatum
691 1233 837 1289 eorum
875 1208 1038 1316 expelle
1075 1234 1152 1290 eos.
1199 1207 1300 1289 Non
1340 1206 1450 1290 dixit
1489 1207 1605 1290 unde
1643 1207 1795 1317 expelli
1834 1241 1848 1294 5

441 1343 635 1443 debeant,
660 1344 734 1427 sed
756 1345 862 1428 ordo
885 1371 963 1428 nos
984 1359 1025 1428 et
1046 1346 1171 1429 lectio
1193 1347 1286 1457 ipsa
1306 1345 1490 1448 deducit,
1509 1358 1556 1428 ut
1579 1345 1799 1456 intellega-

444 1509 543 1566 mus
580 1485 671 1566 sic:
710 1483 889 1594 Expelle
924 1511 997 1566 eos
1032 1484 1086 1566 ab
1109 1484 1402 1595 impietatibus
1429 1484 1547 1584 suis;
1581 1484 1673 1568 sive
1708 1487 1796 1567 ita:

447 1621 626 1731 Expelle
647 1648 721 1705 eos
741 1622 794 1705 de
815 1635 926 1705 terra
947 1622 1194 1706 hereditatis
1215 1635 1325 1726 tuae,
1353 1652 1484 1736 quam
1521 1636 1801 1708 consecutura

444 1774 509 1843 est
539 1760 725 1858 ecclesia,
760 1759 813 1844 de
843 1774 989 1869 quaet
1011 1761 1164 1844 titulus
1200 1775 1484 1872 praenotatur.
1513 1761 1802 1873 Expelluntur

444 1912 588 1982 autern
620 1897 674 1981 de
706 1910 816 1981 terra
851 1898 1109 1996 hereditatis,
1137 1900 1172 1983 si
1211 1901 1534 1985 multitudinem
1576 1899 1802 1982 habuerint
1823 1939 1859 1976 ια

447 2037 729 2148 impietatum.
741 2038 936 2136 Domine,
961 2045 1012 2121 ut
1030 2043 1150 2122 scuto
1169 2040 1300 2122 bonae
1318 2041 1558 2123 voluntatis
1575 2044 1678 2120 tuoe
1691 2065 1804 2121 coro-

447 2177 570 2261 nasti
597 2205 682 2262 nos.
709 2177 844 2260 Scuto
877 2179 1168 2290 protegimur:
1190 2191 1348 2263 etcum
1382 2179 1558 2290 protecti
1582 2178 1802 2276 fuerimus,

448 2341 715 2399 coronamur.

1086 2526 1164 2608 VI.

506 2830 562 2911 ln
578 2829 735 2936 finem,
762 2833 850 2938 pro
883 2832 1046 2928 octavo,
1074 2827 1278 2937 psalmus
1306 2828 1467 2912 David
1505 2825 1862 2914 lsteetunde·1s

450 2967 592 3049 cimus
633 2966 828 3076 psalmus
870 2975 877 3006 ⁴
916 2994 992 3078 pro
1032 2978 1181 3049 octava
1221 2967 1229 2995 ’
1270 2965 1593 3078 inscriptionem
1636 2963 1805 3061 habent,

452 3105 777 3189 resurrectionis
798 3118 839 3189 et
861 3104 1144 3215 paenitentiae
1163 3131 1211 3186 ac
1243 3131 1316 3215 per
1351 3104 1431 3187 hoc
1463 3103 1616 3187 salutis
1639 3113 1808 3187 nostrae

453 3243 707 3354 mysterium
729 3244 1009 3327 continentes.
1029 3245 1079 3324 ln
1096 3269 1183 3353 quo
1201 3243 1438 3326 humanum
1452 3267 1591 3353 genus
1606 3239 1806 3350 postulat,

452 3395 500 3466 ut
521 3383 789 3494 corrigamur
822 3383 998 3494 quidem
1035 3395 1077 3467 et
1109 3382 1392 3465 iudicemura
1415 3383 1521 3482 De0‚
1544 3378 1619 3464 sed
1641 3406 1727 3462 non
1764 3377 1808 3459 in

455 3525 516 3606 ira
536 3536 577 3607 et
600 3524 642 3604 in
677 3522 818 3605 lurore
838 3523 942 3607 eius,
970 3523 1171 3634 Longum
1193 3534 1259 3606 est
1293 3521 1347 3604 de
1379 3531 1646 3602 sacramento
1681 3516 1810 3600 huius
1830 3555 1866 3590 20

455 3662 621 3744 numeri
645 3661 767 3771 plura
798 3661 992 3772 exempla
1024 3688 1229 3744 revocare.
1259 3661 1369 3744 Octo
1402 3658 1572 3740 animae
1593 3657 1810 3768 ingressae

457 3803 621 3884 suntin
645 3828 785 3884 arcam
812 3801 918 3899 Noe,
941 3799 1114 3910 quaein
1138 3798 1304 3880 diluvio
1329 3797 1516 3879 salvatae
1539 3806 1651 3878 sunt.
1685 3795 1811 3877 Octa·

454 3968 536 4024 vus
573 3940 688 4024 filius
728 3941 844 4022 lesse
869 3938 1009 4020 David
1048 3937 1141 4035 luit,
1169 3935 1242 4046 qui
1278 3948 1320 4019 et
1352 3935 1646 4046 desperatura
1681 3941 1810 4041 patre,

489 4155 556 4216 3ut]
573 4163 631 4204 ante
650 4155 741 4203 iudicet
758 4169 807 4202 orn.
829 4154 859 4204 C.
961 4164 974 4214 7
992 4155 1044 4202 sr'c:
1062 4153 1177 4216 Expelle]
1197 4151 1259 4206 EC:
1293 4155 1328 4198 sr'c
1345 4149 1436 4212 expelli
1451 4147 1513 4196 AM.
1535 4147 1564 4194 ln
1581 4145 1637 4194 cod.
1658 4143 1684 4194 S.
1705 4139 1813 4191 rimandi

456 4238 539 4288 littera
551 4255 563 4286 r
574 4239 659 4286 addila
672 4245 708 4286 est
721 4253 775 4300 sup.
790 4237 834 4284 lin.
936 4236 951 4284 8
968 4252 1045 4300 quom
1062 4234 1233 4294 consecutura]
1248 4232 1291 4282 EC
1303 4249 1309 4292 ς
1343 4247 1418 4296 qoam
1435 4237 1551 4278 secutura
1562 4229 1594 4276 A.
1695 4237 1711 4286 9
1723 4225 1813 4288 Expel-

456 4321 559 4381 Iunior]
576 4321 736 4384 expellantur
753 4319 774 4366 E
793 4327 880 4382 postea
899 4335 962 4368 corr.
1067 4331 1096 4367 10
1113 4319 1136 4366 si
1151 4315 1353 4376 multitudinem]
1372 4313 1434 4370 EC;
1468 4309 1663 4360 similitudinem
1675 4309 1707 4367 Α,
1722 4306 1747 4356 in
1765 4321 1816 4370 quo

458 4411 540 4452 tamen
554 4403 733 4452 coniunctiori
743 4411 831 4466 postea
843 4402 929 4450 arlrlita
941 4411 977 4451 est
990 4418 1044 4465 sup.
1061 4402 1116 4460 lin.,
1130 4409 1156 4450 ut
1166 4401 1289 4463 legeretur
1300 4399 1324 4446 si
1334 4395 1536 4445 similitudinem.
1639 4403 1667 4439 21
1682 4390 1816 4453 ingressae]

460 4483 542 4551 EClh
576 4486 683 4548 ingressi
695 4486 725 4533 A.

502 4675 547 4715 20.
570 4655 603 4713 de
626 4662 804 4713 sacramento
827 4655 914 4712 lmr'rrs
930 4647 1058 4733 nrouen']
1073 4651 1175 4710 confer
1191 4647 1315 4707 Hieron.
1334 4645 1449 4722 Dialog.
1470 4653 1574 4700 contra
1589 4637 1714 4700 Lucifer.
1733 4657 1756 4696 n.
1778 4656 1814 4697 22

459 4736 577 4816 (Migne
594 4756 640 4814 ²3.
660 4737 737 4816 185).
