4060 5498
516 366 571 448 66
923 385 950 444 s.
984 382 1238 444 araxorum
1269 381 1536 440 sussurrant

514 582 699 663 octoginta:
713 590 744 644 et
758 581 900 664 amplius
915 605 1035 658 eorum,
1051 583 1142 646 labor
1155 592 1187 645 et
1201 582 1299 646 dolor.
1316 581 1440 646 Videte
1469 581 1549 663 quid
1578 581 1679 653 dicat,
1708 579 1858 662 Amplius

516 705 631 748 eorum
649 685 791 750 laboret
807 687 911 752 dolor.
930 688 1006 751 Hoc
1023 699 1073 751 est
1090 687 1180 770 quod
1198 687 1350 768 superius
1374 687 1535 762 diximus,
1558 686 1636 767 quia
1661 685 1716 747 ubi
1740 685 1860 746 lucrum

516 799 674 872 putamus
691 790 723 852 in
741 794 811 854 vita
834 801 957 866 nostra,
981 793 1027 854 ibi
1049 791 1212 854 damnum
1236 800 1270 853 et
1297 791 1550 853 incommodum
1578 789 1773 852 invenimus.
1800 787 1862 850 Ubi

516 903 735 976 augmentum
752 916 927 974 annorum,
943 897 987 958 ibi
1004 905 1181 959 senectus:
1197 895 1253 959 ubi
1271 904 1435 970 senectus,
1450 895 1495 957 ibi
1515 893 1643 957 morbi:
1672 893 1728 956 ubi
1755 893 1864 966 morbi,

516 997 561 1060 ibi
578 1006 769 1062 tormenta:
786 1000 841 1062 ubi
859 1008 1077 1075 tormentum,
1093 1000 1138 1062 ibi
1157 1000 1274 1062 mortis
1290 998 1505 1062 desiderium.
1881 1021 1892 1073 ς

562 1101 724 1179 Quoniam
740 1103 927 1182 supervenit
942 1104 1163 1180 mansuetudo,
1178 1113 1210 1166 et
1222 1102 1443 1184 corripiemur.
1460 1101 1557 1184 Quae
1573 1110 1623 1165 est
1641 1102 1705 1164 ista
1719 1119 1863 1165 mansue-

516 1208 608 1282 tudo,
624 1226 682 1287 per
698 1226 800 1288 quam
813 1209 1035 1290 corripimur?
1048 1213 1054 1240 ¹
1070 1209 1246 1270 Memento
1260 1207 1406 1270 Domine
1416 1206 1528 1269 David
1541 1215 1575 1270 et
1591 1206 1703 1270 omnis
1717 1224 1863 1268 mansue·

516 1311 642 1375 tudinis
668 1311 739 1373 eius
750 1311 764 1373 ’.
792 1309 889 1394 Quae
905 1320 956 1375 est
973 1313 1037 1374 ista
1054 1313 1303 1375 mansuetudo?
1319 1315 1325 1342 ‘
1342 1311 1471 1373 Discite
1487 1311 1565 1392 quia
1582 1321 1778 1374 mansuetus
1796 1327 1861 1370 sum

515 1426 548 1478 et
565 1414 701 1478 humilis
717 1417 818 1478 corde
829 1414 844 1478 ’.
858 1415 1061 1498 Supervenit
1086 1416 1321 1478 mansuetudo.
1335 1415 1411 1477 Non
1436 1415 1534 1489 dixit,
1550 1416 1642 1478 venit
1668 1425 1863 1482 mansuetus,

515 1519 574 1582 sed
602 1521 692 1582 venit
718 1519 952 1595 mansuetudo,
968 1520 1059 1602 quod
1087 1532 1138 1582 est
1156 1518 1324 1582 Dominus
1351 1527 1464 1582 noster
1493 1517 1586 1581 lesus
1612 1518 1788 1594 Christus;
1813 1517 1863 1598 qui
1881 1542 1903 1577 ιο
1946 1542 1950 1552 ·

515 1623 687 1706 quomodo
704 1623 736 1684 in
755 1623 822 1685 alio
838 1623 921 1696 loco,
939 1643 1006 1685 non
1024 1625 1169 1705 sapienS,
1184 1623 1242 1686 sed
1261 1623 1427 1704 sapientia
1443 1630 1591 1698 vocatur,
1607 1623 1653 1684 ita
1671 1623 1784 1696 ethic,
1804 1641 1862 1683 non

517 1737 721 1802 mansuetus,
737 1727 795 1788 sed
813 1727 1038 1789 mansuetudo
1054 1727 1126 1807 ipsa
1144 1727 1349 1790 nominatur.

558 1832 734 1894 Dexterarn
751 1841 842 1894 triam
858 1831 904 1892 sic
919 1842 1029 1894 notam
1038 1833 1107 1912 soc,
1123 1841 1154 1894 et
1167 1831 1356 1911 corripeditos
1371 1831 1464 1894 corde
1479 1831 1514 1894 in
1530 1831 1698 1912 sapientia.
1721 1831 1863 1895 Dextera

516 1947 582 2013 tua,
597 1956 665 2018 qua
689 1936 851 1998 mundum
878 1936 994 2012 iecisti,
1019 1937 1181 2000 mundum
1207 1936 1368 1998 illumina.
1392 1937 1597 1998 ‘Brachium
1617 1937 1708 1999 enim
1730 1934 1859 1999 Domini

515 2041 567 2104 cui
584 2039 767 2103 revelatum
785 2049 836 2103 est
848 2044 862 2102 l
874 2039 881 2064 ’
895 2039 1048 2102 Dextera
1059 2049 1125 2116 tua,
1141 2059 1208 2122 qua
1221 2039 1326 2102 iecisti
1339 2041 1522 2118 hominem,
1534 2040 1607 2122 ipsa
1619 2060 1742 2122 corpus
1752 2041 1862 2102 huma·
1880 2057 1901 2110 ις

515 2164 594 2208 num
613 2152 763 2207 assumat
781 2152 816 2207 et
832 2142 946 2207 salvet.
966 2145 1010 2206 Et
1027 2144 1240 2224 compeditos
1255 2144 1356 2206 corde
1381 2145 1413 2205 in
1438 2145 1611 2226 sapientia.
1638 2145 1692 2208 lta
1720 2143 1860 2224 intellegi

516 2259 627 2331 potest
645 2271 652 2311 τ
668 2249 725 2330 qui
741 2257 841 2310 antea
858 2247 959 2312 libere
976 2249 1195 2329 vagabantur,
1214 2247 1471 2329 compediantur
1485 2249 1651 2330 sapientia
1663 2259 1732 2313 tua.
1746 2249 1860 2311 Melius

514 2363 565 2418 est
581 2353 670 2415 enim
689 2353 773 2414 bene
789 2352 984 2433 compediri,
1000 2371 1102 2435 quam
1121 2353 1207 2414 male
1226 2353 1346 2415 liberos
1362 2353 1486 2415 babere
1512 2354 1638 2442 pedesj
1670 2354 1788 2416 melius
1815 2363 1860 2415 est

515 2460 600 2520 bene
616 2465 716 2532 stare,
730 2474 833 2536 quam
851 2456 937 2518 male
964 2476 1104 2521 currere.
1120 2454 1302 2539 Quomodo
1318 2457 1429 2538 pullus
1454 2455 1510 2520 ille
1537 2457 1569 2519 in
1598 2457 1784 2538 evangelio,
1810 2456 1861 2538 qui

514 2570 614 2625 antea
630 2560 712 2622 liber
728 2571 809 2636 erat,
825 2569 858 2622 et
875 2559 1011 2622 infrenis
1030 2581 1089 2642 per
1106 2560 1302 2642 praecipitia
1319 2561 1398 2637 ibat,
1413 2571 1532 2643 postea
1555 2581 1665 2624 sessus
1682 2583 1701 2623 a
1720 2563 1862 2626 Domino
1876 2585 1901 2622 ιο

513 2666 706 2740 refrenatur,
723 2673 756 2728 et
774 2665 858 2727 bene
874 2664 1048 2726 ambulare
1064 2664 1224 2728 docetur:
1242 2665 1287 2727 sic
1316 2677 1349 2728 te
1374 2666 1602 2746 deprecamur,
1627 2675 1664 2728 ut
1689 2668 1858 2729 dexteram

513 2782 605 2835 tuam
624 2769 752 2833 mundo
769 2778 882 2832 notam
901 2767 1013 2842 iacias,
1029 2779 1064 2832 ut
1089 2770 1164 2850 vagi
1181 2777 1214 2832 et
1241 2769 1415 2832 instabiles
1442 2770 1702 2852 compediantur
1730 2781 1788 2836 tua
1815 2793 1859 2836 sa·

514 2877 649 2958 pientia.

558 2979 747 3044 Convertere
776 2977 915 3040 Domine
942 2997 1110 3059 usquequo.
1139 2977 1343 3042 Convertere
1376 2977 1532 3056 Domine,
1547 2988 1581 3041 et
1612 2981 1655 3042 ad
1682 2982 1856 3062 imaginem

511 3095 604 3148 tuam
622 3083 768 3164 inspice:
785 3080 853 3144 noli
870 3083 967 3145 nobis
984 3085 1120 3144 dorsum
1138 3083 1325 3158 ostendere,
1341 3083 1400 3145 sed
1418 3081 1536 3146 taciem
1549 3093 1651 3147 tuam.
1663 3085 1857 3149 Convertere
1873 3103 1897 3154 25

511 3206 694 3270 usquequo.
711 3185 778 3267 Qui
795 3185 877 3249 dicit
901 3205 1084 3268 usquequo,
1112 3188 1261 3251 ostendit
1286 3207 1322 3250 se
1348 3187 1547 3264 desiderare,
1569 3199 1602 3252 et
1630 3190 1784 3254 desiderii
1812 3192 1856 3254 sui

513 3311 622 3354 moras
639 3291 802 3354 sustinere
820 3309 886 3352 non
912 3309 1022 3370 posse.

553 3394 681 3476 Repleti
694 3413 808 3455 snmus
824 3413 918 3456 inane
934 3394 1157 3457 misericordia
1174 3405 1241 3458 tua.
1259 3397 1422 3476 Mysteria
1442 3405 1520 3459 sunt
1547 3417 1634 3479 quae
1658 3397 1813 3464 dicuntur
1829 3400 1856 3462 in

512 3500 658 3585 psalmis,
675 3508 707 3562 et
725 3495 839 3578 figuris
856 3497 956 3579 plena
973 3511 1050 3561 sunt
1067 3501 1190 3564 omnia.
1209 3500 1345 3581 Moyses
1362 3521 1407 3564 ex
1424 3520 1566 3582 persona
1583 3502 1723 3565 humani
1734 3505 1857 3586 generis

511 3607 717 3686 deprecatur,
734 3611 771 3664 ut
789 3600 875 3664 filius
888 3602 951 3664 Dei
965 3603 1076 3665 venire
1089 3605 1246 3684 dignetur
1256 3606 1298 3666 ad
1312 3615 1427 3670 terras.
1442 3606 1485 3667 Et
1501 3606 1580 3688 quia
1590 3607 1737 3680 dixerat,
1748 3609 1856 3670 dexte·
1873 3621 1897 3672 30

546 3808 554 3842 ι
569 3792 700 3855 octorinto]
713 3791 741 3839 in
752 3791 874 3852 octoginta
888 3789 916 3838 li.
1016 3791 1113 3852 eornm]
1125 3798 1159 3839 est
1170 3792 1228 3841 add.
1245 3793 1272 3840 M
1284 3809 1290 3850 ;
1303 3793 1346 3842 sed
1359 3800 1384 3842 et
1398 3793 1504 3843 llieron.
1519 3809 1549 3842 ex
1561 3793 1631 3844 hebr.
1650 3795 1751 3859 legebat
1767 3803 1789 3844 et
1802 3795 1861 3860 qvod

510 3878 620 3941 amplius
631 3889 715 3924 comni
725 3879 767 3922 erl.
876 3872 968 3932 Videte]
976 3874 1032 3920 vide
1042 3874 1077 3922 M.
1179 3875 1380 3937 4ongneenlunr]
1400 3893 1480 3925 aurm.
1504 3876 1541 3925 M.
1642 3875 1858 3940 8Dirciie]MOl’

510 3961 568 4010 add.
583 3974 655 4006 arne.
758 3953 914 4014 rrransuetus]
927 3953 957 4012 L,
971 3955 1057 4003 deleto
1074 3957 1360 4015 mire·s;nn·nstv10v.
1461 3957 1854 4024 9Supernrnitlsvpernenietl'.

509 4041 587 4102 dixit]
602 4040 652 4088 LM
664 4057 671 4096 ;
684 4053 734 4087 om.
750 4037 805 4086 OV.
938 4049 965 4098 15
971 4037 1059 4100 serisii
1068 4037 1205 4098 hominem]
1216 4038 1279 4088 hom.
1288 4039 1336 4103 sec.
1353 4041 1391 4090 M.
1494 4053 1523 4102 19
1535 4041 1600 4090 male
1609 4043 1719 4104 mrrere]
1735 4043 1784 4092 LM
1796 4061 1803 4100 ς
1815 4041 1856 4092 Ol'

509 4141 560 4174 orn.
575 4121 628 4170 nial
641 4159 646 4170 .
760 4131 792 4168 2ο
804 4118 925 4184 infrenis]
939 4119 1000 4176 LM,
1013 4135 1061 4167 vox
1075 4119 1107 4168 ab
1121 4119 1278 4184 Hieronymo
1289 4129 1408 4186 usurpata
1420 4121 1462 4182 (cl.
1485 4123 1602 4182 Goelzer,
1623 4139 1646 4188 p.
1673 4123 1747 4186 165);
1766 4125 1858 4188 effrenis

509 4207 566 4257 OV.
652 4201 1222 4263 21et...riantur]LM3ut...doceaturOV.
1307 4203 1498 4266 24eilL30m.
1515 4205 1601 4257 MOV.
1685 4207 1721 4254 ad
1731 4207 1857 4270 imaginem

509 4289 591 4349 tuoni]
614 4303 671 4336 cum
695 4286 788 4348 inspice
809 4285 966 4348 coniungunt
989 4283 1059 4343 LM;
1083 4284 1131 4332 OV
1154 4300 1210 4333 cum
1236 4286 1385 4334 Convertere
1408 4287 1524 4337 Domine.
1626 4299 1656 4350 25
1669 4289 1733 4350 noli]
1751 4289 1813 4338 nolli
1829 4287 1855 4336 l'.

510 4372 540 4420 26
551 4370 584 4431 re]
598 4369 647 4418 LM
662 4385 731 4426 rom.
746 4367 802 4416 OV.
905 4378 937 4428 29
940 4365 1050 4430 figuris]
1062 4368 1091 4414 in
1101 4365 1193 4429 figuris
1207 4367 1235 4416 L.

550 4539 577 4594 8.
594 4532 665 4614 eins]
682 4537 724 4591 Ps.
746 4553 810 4608 131,
833 4551 853 4590 r.
1258 4557 1299 4594 ιι.
1318 4538 1348 4594 in
1363 4538 1423 4595 olio
1437 4533 1506 4616 loco]
1519 4537 1562 4598 Ut
1574 4547 1644 4614 puta
1661 4559 1671 4596 ι
1688 4539 1758 4599 Cor.
1777 4561 1798 4606 r,
1814 4559 1852 4608 24.

550 4637 577 4694 9.
594 4621 673 4676 corde
690 4616 796 4674 Matth.
820 4635 862 4684 ιι,
882 4635 925 4690 29.
1257 4635 1300 4694 15.
1318 4619 1475 4678 revelatum
1489 4615 1565 4698 esti]
1580 4620 1619 4678 ls.
1634 4637 1681 4696 53,
1702 4639 1725 4680 ι.
