4112 5496
814 381 1102 450 ianuarino.
1580 339 1631 450 ix

273 611 541 720 Scaeuam
563 611 710 750 primi
732 610 782 716 in
809 611 935 748 Xpo
963 609 1189 748 martyris
1221 611 1340 716 Deo
1372 633 1420 720 et
1456 634 1631 718 sancto

276 757 572 864 Maximino
599 756 891 862 habendum
919 753 1099 860 obtulit
1128 767 1138 808 ¹
1167 754 1175 785 '
1204 754 1299 886 (sol.
1333 757 1446 886 32q

351 902 437 1009 De
481 943 584 1038 quo
633 903 800 1006 Petro·
829 899 1011 1005 abbate
1060 897 1304 1005 Letaidus
1349 899 1630 1007 monachus

275 1042 610 1153 Miciacensis
645 1049 695 1152 m
732 1044 859 1151 libro
889 1044 953 1149 de
985 1042 1237 1148 miraculis
1260 1043 1313 1150 S.
1356 1044 1630 1150 Maximini

269 1188 406 1296 circa
423 1232 694 1328 annum94
702 1227 724 1323 5
742 1189 866 1296 haec
883 1187 1101 1327 scripsit:
1123 1201 1132 1236 ‘
1157 1187 1422 1327 Quoniam
1435 1189 1631 1295 nobiles

270 1357 322 1440 et
349 1334 624 1442 industrios
661 1338 835 1443 Patres
857 1332 907 1439 in
929 1332 1025 1438 hoc
1052 1332 1233 1440 eodem
1261 1331 1490 1439 floruisse
1521 1334 1632 1440 ioco

270 1479 505 1618 cognovi,
539 1481 871 1619 Haymonem
898 1477 1195 1586 videlicet...
1225 1479 1442 1586 Parnon
1464 1479 1628 1603 etiam,

270 1625 417 1731 cuius
444 1625 658 1732 eruditio
679 1648 727 1733 et
753 1623 977 1732 studium
1004 1623 1257 1763 hodieque
1278 1623 1440 1730 claret.
1488 1625 1630 1731 Nam
1689 1635 1692 1642 ’

273 1767 403 1875 inter
449 1793 642 1877 ceteros
692 1771 943 1876 bonorum
989 1810 1193 1875 suorum
1232 1769 1293 1898 (P)
1320 1767 1630 1876 diversarum

273 1913 592 2021 historiarum
632 1915 786 2020 libros
812 1913 929 2020 huic
956 1912 1067 2018 loco
1093 1913 1317 2036 eontulit,
1351 1935 1400 2019 et
1424 1913 1630 2051 proprio

272 2057 443 2164 labore
460 2084 709 2167 correctos
729 2084 778 2167 et
797 2059 1061 2165 distinctos
1081 2059 1162 2165 die
1179 2100 1366 2165 coenae
1398 2059 1629 2183 Domini,

272 2227 329 2308 ut
349 2202 444 2341 ipsi
466 2203 577 2310 libri
599 2228 856 2328 testantur,
869 2245 1023 2342 super
1038 2204 1189 2310 altare
1200 2204 1358 2309 saneti
1380 2204 1629 2343 Stephani

270 2351 652 2488 protomartyris
674 2350 854 2488 posuit.
884 2350 971 2454 De
991 2349 1068 2456 his
1094 2390 1228 2488 erg0,
1250 2349 1369 2487 quia
1393 2349 1628 2456 discretio

270 2515 557 2632 temporum
598 2535 700 2600 non
745 2495 918 2617 elucet,
961 2494 1080 2600 satis
1124 2495 1314 2601 dictum
1361 2495 1369 2526 ’
1417 2495 1629 2633 (Migne

280 2675 389 2771 137,
426 2646 613 2775 797·8).
647 2641 731 2746 Ex
758 2681 859 2777 quo
886 2639 1028 2744 facile
1053 2639 1402 2778 unusquisque
1428 2639 1628 2780 colliget

269 2783 516 2908 codicem,
534 2784 599 2890 de
619 2827 721 2923 quo
743 2826 878 2891 nunc
895 2825 1061 2890 sermo
1082 2806 1169 2907 est,
1188 2783 1388 2890 saeculo
1406 2827 1437 2890 x
1459 2785 1628 2891 medio

267 2927 594 3034 vetustiorem
626 2970 747 3035 esse.
781 2930 891 3070 Qui
917 2931 1124 3068 quidem
1146 2953 1194 3036 et
1218 2929 1327 3068 ipse
1352 2929 1626 3069 diligentis·

269 3071 412 3198 sime,
440 3074 530 3179 sed
557 3117 619 3179 ex
646 3075 917 3212 exemplari
959 3076 1023 3180 ab
1049 3075 1303 3214 archetypi
1343 3074 1625 3214 integritate

269 3216 432 3355 magis
459 3243 652 3325 remoto
669 3219 950 3358 descriptus
979 3242 1054 3326 est
1082 3263 1091 3326 :
1119 3243 1166 3325 et
1193 3220 1307 3326 ideo
1334 3220 1384 3324 in
1404 3220 1627 3358 genuina

267 3384 437 3468 textus
463 3363 623 3469 forma
652 3363 961 3471 restituenda
1005 3365 1199 3471 minore
1241 3406 1394 3503 quam
1444 3365 1624 3502 Spina-

267 3505 442 3612 liensis
460 3508 754 3615 auctoritate
768 3509 1014 3615 habetur‘
1041 3510 1298 3648 Excerpta
1315 3509 1623 3648 Hieronymi

266 3650 334 3757 de
357 3650 627 3758 Psalterio'
654 3655 799 3787 ff38·
808 3670 868 3788 58
892 3655 1223 3762 continentur.
1266 3656 1427 3760 Hunc
1453 3696 1549 3794 ego
1576 3680 1624 3760 et

264 3819 565 3934 sequentem
598 3799 786 3905 contuli
823 3800 1055 3907 Lutetiae
1098 3800 1404 3906 Parisiorum
1450 3840 1624 3905 mense

262 3939 389 4047 iulio
428 3984 469 4048 a.
509 3956 651 4080 1893.
996 4053 1000 4060 .

343 4081 474 4191 Cod.
511 4085 769 4193 Parisinus
808 4087 886 4193 lat.
945 4097 1088 4220 1863,
1124 4086 1244 4192 olim
1284 4085 1516 4192 coenobii
1565 4087 1618 4193 S.
1642 4082 1698 4186 A

258 4226 502 4336 Amandi
530 4227 581 4334 in
613 4230 809 4337 Pabula
844 4274 971 4339 saec.
1002 4273 1048 4354 x,
1089 4231 1139 4336 in
1179 4231 1419 4337 librorum
1469 4228 1623 4336 Elno·

256 4372 503 4481 nensium
531 4373 697 4482 indice
722 4376 923 4502 maiore,
951 4377 1037 4516 qui
1066 4376 1193 4482 intra
1218 4419 1381 4484 annos
1419 4413 1550 4508 1150
1576 4399 1625 4482 et

308 4667 336 4714 r.
356 4645 488 4712 Eadem
506 4647 573 4713 sere
589 4650 742 4734 leguntur
768 4652 800 4716 in
817 4652 932 4716 codice
948 4651 1102 4718 Vatican.
1129 4654 1249 4736 Regin.
1264 4667 1305 4734 95
1332 4673 1417 4716 saec.
1450 4653 1479 4715 X
1508 4651 1622 4734 (Cont.

251 4737 300 4807 A.
319 4733 755 4814 Reifferscheid,oib1.PP.
774 4739 846 4804 nat.
864 4740 890 4814 1,
907 4739 992 4822 369).

307 4843 432 4891 Audon
441 4842 600 4888 Mandalum
