4062 5504
524 413 601 515 146
995 425 1177 485 Annosu
1208 426 1402 488 nrrscoru

1118 638 1196 690 CAP.
1209 631 1267 688 111.

558 747 672 823 Nemo,
687 745 813 828 inquid,
829 745 995 809 lucernam
1011 745 1164 821 accendit,
1179 755 1211 808 et
1218 744 1315 826 ponit
1327 766 1400 808 eam
1415 744 1474 808 snb
1490 745 1594 808 modio
1609 754 1671 807 aut
1690 743 1724 808 in
1746 743 1869 806 abscon-

513 849 590 929 dito,
605 851 665 914 sed
674 861 771 932 snper
783 849 1026 927 candelabrum,
1043 859 1081 911 ut
1094 869 1203 912 ornnes
1218 849 1277 931 qui
1292 849 1526 931 ingrediuntur
1540 849 1649 912 lumen
1666 848 1810 912 uideant.

1038 983 1079 1032 IN
1084 982 1358 1034 TERPRETATIO.

559 1091 710 1155 Lucerna
728 1090 881 1156 Christus
897 1099 958 1166 est,
977 1089 1033 1171 qui
1050 1088 1139 1153 dixit
1156 1093 1163 1121 ‘
1181 1089 1257 1172 Ego
1272 1109 1347 1153 sum
1366 1089 1477 1152 lumen
1494 1089 1592 1154 huius
1617 1089 1733 1153 mundi
1750 1089 1781 1166 ';
1805 1088 1896 1156 sires

515 1194 676 1259 mandata
701 1195 781 1272 eius,
804 1214 892 1276 quae
917 1192 1109 1257 illuminant
1136 1195 1238 1258 corda
1265 1203 1387 1258 nostra.
1410 1193 1481 1258 Vas
1501 1203 1615 1256 autem
1644 1193 1790 1257 mundus
1811 1192 1870 1255 iste

513 1300 721 1381 intelligitur,
748 1299 880 1362 modius
906 1316 985 1361 vero
1009 1297 1188 1376 haereses3
1215 1297 1454 1362 candelabrum
1483 1307 1596 1361 autem
1625 1298 1755 1373 ueritas,
1782 1297 1868 1379 quod

512 1402 625 1467 lumen
642 1401 863 1466 demonstrat.
881 1401 1023 1465 Proinde
1041 1401 1127 1466 hanc
1144 1401 1324 1480 lucernam,
1339 1401 1402 1465 hoc
1419 1411 1469 1465 est
1483 1402 1643 1464 mandata
1660 1401 1796 1476 Christi,
1806 1419 1867 1462 non

512 1507 545 1570 in
571 1506 705 1570 saeculo
732 1505 990 1582 abscondamus,
1017 1507 1076 1569 sed
1102 1525 1202 1586 super
1220 1504 1460 1569 candelabrum
1484 1525 1657 1586 ponamus.
1677 1505 1726 1569 Ut
1753 1505 1868 1578 luceat,

511 1611 629 1693 inquit,
647 1610 802 1674 omnibus
820 1609 1064 1673 introeuntibus
1082 1609 1114 1672 in
1133 1610 1273 1673 domum
1288 1633 1295 1672 :
1312 1609 1375 1673 hoc
1392 1618 1453 1686 est,
1470 1609 1503 1672 in
1519 1608 1705 1674 ecclesiam.
1884 1639 1908 1674 10

1097 1742 1206 1792 CAPIT
1223 1742 1290 1794 1111.

553 1849 601 1912 Et
614 1848 759 1913 ascendit
773 1850 865 1913 lesus
882 1871 916 1912 m
934 1860 1072 1912 creontem
1083 1859 1120 1913 ut
1131 1859 1247 1914 oraret.
1264 1849 1311 1912 Et
1325 1849 1404 1913 dnm
1420 1859 1536 1925 oraret,
1543 1850 1661 1930 sactus
1671 1857 1866 1931 estaspectns

510 1953 621 2015 meltns
635 1952 705 2016 eius
721 1953 907 2016 inmutatus
917 1975 932 2027 ,·
959 1962 991 2016 et
1015 1953 1243 2017 vestimentum
1270 1953 1341 2016 eins
1356 1957 1490 2032 sactum
1505 1963 1553 2016 est
1567 1953 1687 2028 album,
1704 1953 1865 2036 refulgens

508 2056 593 2119 sient
608 2055 672 2119 nin.
689 2055 737 2119 Et
750 2077 814 2120 ecce
834 2057 906 2120 viri
920 2055 990 2140 [tol.
1011 2055 1083 2139 134]
1109 2057 1173 2119 duo
1194 2056 1465 2138 conloquebantur
1484 2077 1557 2120 cum
1582 2077 1639 2121 eo:
1664 2067 1738 2119 erat
1758 2069 1863 2121 aertem

511 2158 634 2222 Moises
656 2169 688 2222 et
711 2159 830 2222 Helias
856 2169 1045 2242 apparentes
1069 2161 1103 2223 in
1126 2159 1246 2242 gloria.
1262 2159 1310 2222 El
1334 2159 1484 2224 dicebant
1505 2181 1665 2223 excessum
1680 2161 1759 2236 eius,
1772 2181 1862 2242 quem
1879 2179 1901 2228 ις

508 2263 721 2343 completurus
735 2275 809 2327 erat
824 2264 859 2327 in
875 2263 1065 2328 Ierusalem.
1082 2265 1205 2327 Petrus
1219 2284 1303 2340 vero,
1328 2274 1361 2327 et
1382 2264 1443 2346 qui
1455 2285 1527 2328 cum
1543 2263 1600 2328 illo
1612 2275 1715 2340 erant,
1728 2265 1865 2346 gravati

507 2375 605 2428 erant
618 2387 640 2428 a
654 2386 764 2430 somno
777 2389 791 2441 ,·
806 2377 838 2429 et
853 2366 1031 2448 vigilantes
1045 2367 1203 2431 viderunt
1212 2367 1358 2448 gloriam
1373 2368 1453 2444 eius,
1473 2378 1504 2430 et
1517 2368 1598 2430 duos
1617 2367 1707 2430 oiros
1720 2369 1781 2450 qui
1793 2389 1861 2431 cum

509 2468 576 2550 msa
590 2479 694 2546 erant,
709 2479 740 2531 et
753 2468 911 2532 dixerunt
925 2469 973 2532 ad
984 2470 1094 2534 Iesum
1108 2494 1120 2535 .·
1145 2470 1321 2551 Magister,
1346 2468 1463 2533 bonum
1486 2480 1536 2534 est
1558 2470 1648 2533 nobis
1670 2469 1724 2534 iric
1746 2491 1821 2548 esse,
1834 2479 1862 2533 et

501 2571 671 2652 sacianms
694 2573 902 2637 tabernacula
926 2575 1005 2651 tria,
1021 2573 1083 2637 tibi
1105 2594 1216 2650 niuem,
1237 2583 1269 2637 et
1285 2574 1397 2654 Moysi
1421 2595 1534 2652 reticem,
1556 2585 1589 2638 et
1611 2573 1731 2640 Heliae
1754 2596 1861 2650 renum,

508 2676 678 2740 nescientes
692 2677 776 2759 qnid
785 2677 937 2743 decerent.
1876 2699 1900 2734 ro
1978 2693 1979 2736 1

1028 2785 1344 2837 INTERPRETATIO.

552 2894 675 2958 Merito
697 2893 865 2959 Dominus
893 2895 1044 2960 ascendit
1066 2895 1098 2958 in
1125 2907 1275 2959 montem
1301 2894 1416 2973 altum,
1432 2895 1496 2958 hoc
1519 2907 1579 2973 est,
1595 2898 1627 2959 in
1657 2897 1858 2962 sublimitate

508 2997 616 3061 Patris
632 2999 683 3062 sui
699 3018 706 3075 ;
732 2996 919 3062 inmutatus
936 3008 987 3063 est
1003 3000 1036 3062 in
1054 2999 1233 3081 splendore
1252 2997 1398 3072 luminis,
1414 3019 1457 3060 ne
1472 2997 1559 3062 forte
1583 3001 1730 3082 apostoli
1754 3001 1857 3065 adhuc

506 3101 632 3183 aliquid
650 3083 852 3166 dubitarent.
873 3102 944 3165 Iam
962 3103 1051 3166 enim
1069 3113 1149 3165 ante
1165 3102 1301 3165 dixerat
1318 3101 1360 3165 ad
1381 3121 1437 3165 eos
1452 3127 1459 3166 :
1474 3105 1482 3134 ⁸
1500 3101 1657 3167 Modicae
1679 3103 1766 3182 fidei,
1782 3102 1855 3186 quid

505 3202 729 3268 dubitastist'
747 3203 847 3287 Quod
865 3216 978 3270 autem
1006 3206 1098 3282 dicit,
1123 3205 1339 3269 Vestimenta
1365 3206 1436 3269 eius
1459 3205 1638 3287 splendida
1662 3207 1750 3272 iacta
1774 3217 1895 3280 sunt,23

505 3306 761 3370 inmutationem
788 3319 981 3372 sanctorum
1009 3309 1154 3372 suturam
1181 3311 1400 3372 demonstrat.
1423 3309 1523 3392 Quod
1552 3321 1664 3374 autem
1690 3313 1771 3374 dicit
1800 3313 1856 3374 tria

504 3408 728 3487 tabernacula,
744 3411 935 3475 triduanam
952 3412 1196 3476 habitationem
1215 3413 1379 3494 passionis
1396 3414 1615 3479 demonstrat.

1119 3546 1197 3597 CAP.
1214 3546 1245 3597 V.

547 3651 742 3733 Suspectans,
760 3653 887 3734 inquid,
910 3652 1001 3715 iesus
1012 3653 1080 3716 ait:
1101 3651 1209 3715 Homo
1223 3651 1359 3734 quidam
1375 3653 1581 3718 descendebat
1594 3654 1635 3718 ab
1653 3655 1856 3720 Hierusalem

502 3755 536 3817 in
554 3754 681 3831 Iericho,
696 3765 728 3817 et
742 3755 860 3818 incidit
870 3756 905 3817 in
921 3756 1071 3832 latrones,
1087 3757 1147 3838 qni
1159 3755 1421 3837 despoliaverunt
1435 3779 1518 3831 eunt,
1533 3768 1566 3820 et
1581 3759 1691 3839 plagis
1703 3761 1856 3842 impositis
1868 3785 1893 3836 n

503 3858 701 3940 reliquerant
715 3879 789 3921 eum
803 3860 1009 3936 semivivum,
1025 3870 1057 3922 et
1070 3860 1231 3924 abierunt.
1252 3859 1397 3938 Quidam
1412 3870 1521 3923 antem
1536 3861 1685 3925 sacerdos
1698 3864 1855 3928 descende·

533 4027 549 4077 6
567 4029 626 4089 Vnr]
637 4028 660 4078 G
673 4045 680 4086 ς
698 4027 790 4076 Varum
804 4045 830 4091 μ.
935 4041 965 4078 ιο
978 4030 1007 4078 in
1018 4029 1154 4090 ecclesiam]
1168 4045 1187 4092 μ
1198 4046 1205 4089 ;
1228 4030 1258 4076 in
1277 4027 1376 4077 eeclesia
1388 4027 1420 4078 G.
1525 4041 1554 4089 14
1564 4025 1629 4087 erat]
1641 4029 1663 4078 G
1668 4046 1696 4093 μ,
1710 4045 1756 4095 pro
1767 4032 1854 4080 erant?

503 4123 531 4173 17
547 4111 690 4175 vr'geilantes]
702 4109 723 4160 G
728 4128 756 4174 μ,
771 4123 816 4174 pro
828 4112 936 4174 evigili
1038 4111 1067 4161 18
1078 4111 1130 4173 hic]
1143 4129 1163 4175 μ
1175 4129 1183 4170 ;
1203 4111 1288 4176 suppl.
1302 4109 1328 4160 iu
1341 4125 1420 4175 marg.
1435 4110 1467 4161 G.
1569 4123 1601 4173 29
1612 4112 1768 4176 Suspiciens]
1776 4114 1809 4174 G,
1821 4113 1852 4162 uti

499 4194 574 4244 codd.
590 4193 689 4257 Erang.
703 4191 786 4253 multi,
800 4208 846 4258 pro
857 4194 1012 4258 suscipiens.

539 4339 566 4396 3.
583 4315 714 4399 videant]
733 4321 782 4377 Lc.
802 4335 848 4392 11,
865 4338 913 4396 33.
1203 4337 1252 4379 rea
1281 4317 1492 4378 desiderantur
1520 4317 1643 4395 reliqua,
1674 4335 1753 4394 quae
1788 4319 1851 4379 heic

540 4419 565 4476 5.
583 4398 701 4480 rnundi]
719 4403 763 4460 Io.
780 4401 807 4471 8,
828 4421 871 4459 12.
1202 4399 1330 4476 primum
1357 4417 1392 4459 ex
1406 4401 1476 4460 cod.
1493 4399 1689 4460 Gandavensi
1704 4401 1849 4478 proferun-

541 4503 586 4542 πο.
602 4480 739 4562 dicerent]
757 4485 805 4540 Le.
823 4502 851 4558 9,
869 4484 965 4559 28·33.
1201 4481 1293 4540 turin
1310 4481 1416 4539 lucem.

540 4585 585 4624 21.
602 4561 822 4644 interpretatio]
838 4564 973 4625 Omnino
998 4563 1095 4623 differt
1110 4561 1148 4622 ab
1243 4581 1287 4638 25.
1306 4561 1460 4620 dubitastis
1473 4559 1497 4641 t]
1514 4563 1570 4622 Mt.
1591 4582 1635 4635 14,
1652 4581 1701 4637 31.

496 4665 625 4722 eaquae
640 4647 722 4705 edita
737 4661 780 4705 est
796 4642 827 4704 in
844 4667 884 4720 μς
899 4645 928 4705 in
952 4664 1013 4722 quo
1036 4657 1148 4721 praete·
