4160 5500
488 389 572 496 376
873 413 904 471 s,
928 411 1180 472 nraaouvnl
1205 412 1468 476 pensaurum

491 650 640 714 pugnare
661 628 819 693 adversus
845 626 967 692 hostes.
983 627 1035 690 Tu
1052 627 1080 690 ei
1097 627 1209 692 dices:
1227 627 1369 693 Dimitte
1394 647 1496 704 arma,
1511 637 1545 693 et
1561 630 1636 693 veni
1661 631 1841 696 incubicu·

490 735 582 800 lum?
600 732 811 815 Propositum
836 729 896 796 tibi
921 739 980 808 est,
995 751 1017 794 o
1046 729 1218 807 monache,
1244 731 1328 794 sicut
1355 740 1389 795 et
1413 730 1538 812 Adam,
1553 742 1587 798 et
1614 734 1735 798 dicitur
1761 735 1843 802 tibi:

489 842 496 871 ⁴
514 838 603 903 Ecce
617 835 695 913 vita,
709 855 786 899 ecce
803 855 901 912 mors,
916 833 1001 916 elige
1017 834 1106 918 quod
1123 835 1172 898 vis
1189 832 1204 898 '.
1224 833 1340 900 Habes
1355 834 1441 898 duos
1467 846 1588 918 patres,
1603 837 1785 919 spiritaiem
1810 850 1843 904 et

490 940 677 1022 carnalem:
693 950 870 1023 utrumque
886 958 998 1004 amare
1015 958 1081 1002 non
1098 947 1213 1021 potes:
1229 938 1256 1000 si
1273 937 1431 1020 spiritalis
1446 950 1589 1019 amatur,
1602 941 1743 1006 carnalis
1764 963 1842 1007 con-

490 1047 659 1126 temnitur.
675 1051 683 1078 ‘
700 1045 777 1108 Non
803 1040 944 1126 potestis
968 1041 1100 1106 duobus
1127 1041 1273 1108 dominis
1300 1042 1421 1128 servire
1438 1042 1453 1108 ⁹.
1481 1043 1584 1128 ‘Qui
1608 1044 1726 1128 inquit,
1753 1059 1843 1114 amat
1876 1062 1890 1114 5

490 1160 619 1234 patrem
636 1157 851 1228 autmatrem
868 1165 967 1228 super
984 1166 1045 1223 me,
1062 1166 1127 1210 non
1146 1156 1196 1210 est
1213 1166 1266 1210 me
1281 1145 1403 1228 dignus
1419 1147 1434 1211 '.
1452 1144 1488 1210 Si
1501 1145 1550 1208 vis
1566 1145 1659 1229 sequi
1675 1146 1842 1212 carnalem

490 1263 629 1337 patrem,
645 1252 793 1335 relinque
809 1250 1004 1334 spiritaiem,
1019 1249 1100 1314 Sine
1125 1270 1225 1316 causa
1250 1251 1487 1332 tergiversaris,
1502 1249 1675 1328 monache,
1689 1259 1723 1315 et
1738 1250 1822 1316 dicis
1837 1277 1844 1316 :

491 1357 583 1442 Quid,
599 1357 708 1440 igitur,
724 1355 750 1419 si
776 1374 932 1441 amavero
959 1365 1087 1438 patrem
1114 1373 1225 1420 meum
1251 1362 1309 1419 aut
1335 1365 1475 1420 matrem
1502 1375 1703 1434 meam,non
1721 1356 1845 1422 idcirco

490 1461 597 1526 servio
613 1461 786 1526 Domino?
802 1460 925 1524 Nonne
949 1459 1109 1542 scriptum
1137 1468 1187 1524 est
1215 1459 1247 1522 in
1272 1459 1348 1541 lege
1363 1461 1446 1526 etin
1465 1460 1638 1543 evangelio
1653 1484 1660 1524 :
1678 1463 1686 1492 ‘
1704 1460 1845 1527 Honora

490 1577 619 1648 patrem
644 1575 739 1646 tuum
767 1573 800 1627 et
827 1573 967 1626 matrem
996 1572 1088 1626 tuam
1098 1563 1112 1636 ,’
1129 1571 1163 1635 et
1186 1561 1278 1646 ‘Qui
1304 1561 1626 1648 maledixeritpatri
1653 1573 1710 1629 aut
1738 1565 1847 1640 matri,
1865 1585 1893 1623 ιο

492 1679 598 1734 morte
611 1669 771 1733 moriatur
783 1667 789 1693 ’
802 1671 815 1730 i
829 1666 1002 1750 Numquid
1016 1674 1192 1748 propterea
1204 1666 1326 1730 servire
1339 1666 1415 1731 Deo
1427 1667 1597 1744 debemus,
1609 1677 1723 1731 utnon
1740 1666 1846 1732 hono·

492 1791 602 1835 remus
630 1775 809 1853 parentes?
836 1769 1038 1851 Respondeo
1068 1770 1129 1834 tibi
1161 1780 1194 1834 et
1221 1791 1305 1852 ego:
1330 1770 1498 1838 intantum
1524 1771 1652 1835 honora
1681 1779 1845 1854 parentes,

492 1875 690 1958 inquantum
707 1874 767 1939 tibi
784 1895 849 1938 non
867 1871 1039 1955 inpediant
1056 1871 1097 1936 ad
1115 1873 1307 1940 servitutem
1326 1875 1475 1952 Domini,
1491 1873 1554 1938 hoc
1577 1884 1637 1950 est,
1652 1874 1845 1957 imperatori

492 1987 559 2041 tuo.
576 1976 637 2042 Cui
654 1985 705 2042 est
719 1977 824 2060 gioria
841 1977 873 2041 in
890 1976 1023 2042 saecula
1039 1975 1254 2041 saeculorum.
1272 1977 1395 2043 Amen.

496 2155 748 2292 HOMILiA
780 2217 837 2291 IN
871 2216 1066 2291 LUCAM
1098 2216 1548 2308 EVANGELISTAM
1572 2213 1894 2318 [XVI,19.31]15

937 2409 988 2459 DE
1014 2408 1159 2460 LAZARO
1186 2407 1233 2458 ET
1260 2408 1402 2460 DIVITE.

536 2625 645 2690 Homo
658 2623 792 2708 quidam
808 2634 880 2688 erat
892 2624 992 2690 diues.
1008 2623 1177 2708 Quoniam
1194 2625 1328 2689 dixerat
1344 2629 1351 2658 ‘
1370 2624 1482 2688 Nemo
1497 2642 1610 2687 servus
1626 2629 1737 2705 potest
1764 2621 1848 2685 duo-

494 2731 555 2793 bus
570 2727 715 2795 dominis
731 2730 860 2806 servire,
871 2750 935 2792 non
948 2730 1087 2813 potestis
1100 2730 1173 2794 Deo
1185 2730 1306 2794 servire
1316 2737 1349 2794 et
1363 2725 1562 2792 mamonae'
1578 2735 1612 2790 et
1628 2725 1849 2808 reprehensus

494 2836 601 2901 iuerat
616 2856 636 2899 a
652 2834 846 2912 Pharisaeis,
862 2835 918 2917 qui
934 2833 1023 2898 avari
1039 2843 1154 2898 erant:
1171 2844 1346 2917 propterea
1365 2832 1460 2916 ponit
1478 2829 1681 2912 exemplum,
1698 2829 1804 2893 immo
1816 2830 1848 2893 in

494 2938 652 3021 exemplo
665 2948 697 3003 et
710 2937 869 3021 parabola
882 2938 1062 3002 veritatem.
1077 2938 1196 3020 Neque
1208 2938 1296 3000 enim
1309 2935 1469 3019 parabola
1478 2933 1630 3011 dicenda,
1640 2932 1697 2997 ubi
1711 2933 1849 2996 nomina
1868 2955 1898 2992 20

494 3053 579 3108 sunt.
597 3043 780 3107 Parabolae
807 3041 882 3105 iliae
907 3050 994 3118 sunt,
1010 3041 1064 3106 ubi
1092 3042 1286 3124 exemplum
1311 3041 1458 3123 ponitur,
1474 3048 1507 3102 et
1524 3049 1676 3102 tacentur
1702 3036 1849 3100 nomina.

496 3148 563 3213 Ubi
579 3157 691 3212 autern
708 3147 1013 3211 diciturAbraham
1030 3156 1063 3210 et
1081 3147 1226 3210 Lazarus
1238 3154 1272 3209 et
1281 3145 1469 3228 prophetae
1482 3154 1515 3208 et
1528 3143 1675 3226 Moyses,
1686 3141 1739 3204 hic
1750 3161 1850 3205 verus

496 3252 650 3316 Lazarus.
667 3249 703 3316 Si
715 3271 815 3315 verus
830 3259 882 3314 est
898 3251 1080 3326 Abraham,
1092 3271 1187 3314 verus
1197 3260 1248 3314 est
1262 3259 1296 3314 et
1309 3249 1471 3314 Lazarus.
1488 3247 1661 3312 Abraham
1673 3245 1729 3329 qui
1741 3241 1853 3324 fuerit,

531 3453 540 3490 1
554 3437 625 3499 dices]
637 3454 657 3506 χ
668 3448 693 3489 et
705 3438 779 3489 codd.
794 3439 929 3504 predicis?
1028 3439 1056 3486 in
1067 3439 1218 3502 cubiculum]
1230 3439 1258 3487 in
1269 3438 1378 3487 cubiculo
1392 3439 1411 3487 F
1415 3439 1443 3487 L.
1546 3441 1596 3482 zet
1605 3433 1710 3502 dieitur]
1724 3434 1743 3481 F
1755 3449 1808 3484 oni.
1819 3439 1849 3484 et.

495 3519 594 3588 apotcs]
608 3529 686 3587 potest
699 3521 749 3572 Ft.
850 3520 959 3571 Sarrum
1014 3520 1103 3582 ineam]
1124 3519 1185 3580 FL;
1203 3537 1253 3570 om.
1267 3536 1294 3589 χ.
1399 3517 1500 3582 13tr'bi]
1512 3533 1561 3567 nm.
1577 3533 1604 3586 χ.
1705 3515 1855 3580 imperatori

495 3605 548 3667 tuo]
561 3603 605 3654 Fi.
614 3615 624 3664 ς’
633 3602 790 3668 imperatoris
801 3604 843 3652 tui
853 3618 879 3670 χ.
984 3613 1013 3662 14
1025 3604 1117 3666 Arrun]
1128 3601 1244 3665 Explicit
1253 3601 1310 3652 ornl.
1325 3603 1353 3650 r'n
1366 3599 1472 3649 inaulita
1482 3599 1578 3662 evazrgl.
1594 3597 1632 3656 F;
1649 3613 1668 3646 e.
1682 3613 1702 3646 o.
1716 3599 1746 3646 r'n
1757 3597 1855 3646 rnatlm'

495 3689 572 3753 euglr'o
594 3689 632 3746 1.;
651 3704 671 3736 e.
685 3703 705 3737 o.
721 3687 750 3734 in
770 3685 865 3734 nratheo
883 3685 1033 3746 evangelum
1044 3683 1075 3734 O.
1180 3694 1209 3749 13
1221 3685 1323 3734 Contuli
1343 3700 1400 3735 cum
1413 3699 1432 3751 χ
1445 3692 1462 3734 t.
1478 3682 1505 3732 11
1525 3681 1742 3744 soi.275',1·'iol.
1759 3693 1816 3740 120,
1832 3681 1854 3730 L

496 3770 538 3819 iol.
554 3769 594 3828 82,
608 3769 631 3819 0
644 3768 686 3818 iol.
700 3778 731 3832 97
745 3767 787 3826 (de
799 3765 837 3816 his
849 3767 915 3816 notis
926 3765 957 3816 ci.
972 3781 1046 3830 supra
1058 3782 1081 3830 p.
1098 3764 1155 3830 318)
1175 3775 1199 3816 et
1220 3781 1276 3816 cum
1294 3767 1350 3818 cod.
1367 3768 1446 3820 Paris.
1459 3767 1503 3816 lat.
1521 3775 1595 3826 12141
1610 3763 1659 3824 (Ν)
1670 3779 1735 3813 saec.
1749 3763 1782 3822 X,
1806 3763 1851 3812 iol.

500 3866 551 3902 102.
622 3851 716 3915 Incipit
726 3849 814 3898 uiridia
826 3847 945 3898 iohannis
956 3849 1104 3896 crissostomr'
1114 3850 1142 3896 z'n
1154 3848 1210 3896 luca
1221 3851 1371 3912 evartgelr'sta
1382 3851 1411 3900 de
1422 3852 1505 3921 lauare
1514 3859 1538 3902 et
1548 3851 1653 3900 divitiae
1662 3849 1746 3914 Oritn
1759 3850 1811 3900 iere
1822 3851 1851 3900 F.

500 3933 528 3982 18
540 3921 709 3996 reprehensus]
722 3929 895 3994 reprehensum
909 3931 938 3978 L.
1043 3943 1071 3992 19
1084 3931 1112 3980 in
1123 3932 1241 3996 exemplo]
1253 3933 1282 3981 ἐκ
1294 3936 1432 3998 exemplum
1442 3951 1462 4003 χ
1465 3937 1497 3984 N.
1598 3945 1630 3982 20
1641 3939 1664 3982 et
1671 3932 1801 3998 parabola]
1816 3933 1836 3981 F
1846 3950 1854 3990 ς

496 4015 658 4080 etpurnbolae
670 4013 692 4062 L
702 4029 709 4071 ;
721 4040 744 4060 r.
751 4012 895 4075 paraboloie
906 4011 964 4060 add.
976 4027 1031 4076 sup.
1042 4011 1098 4072 iin.)
1113 4011 1137 4060 N
1147 4030 1155 4071 ;
1161 4013 1294 4075 parabolae
1305 4029 1333 4081 χ.
1435 4015 1575 4077 vcrr'tatem]
1588 4031 1608 4083 χ
1618 4031 1626 4073 3
1637 4015 1783 4063 variantem
1797 4013 1818 4061 F
1821 4014 1852 4072 L,

498 4098 597 4147 Ncorr.
695 4092 824 4157 parabola]
844 4094 873 4141 r'n
887 4093 1005 4157 paralnla
1018 4109 1045 4162 χ.
1146 4093 1314 4154 ubi]F;orn.
1330 4114 1357 4164 χ.
1460 4111 1488 4150 21
1504 4096 1854 4160 Parabolaeillae1paraboia

498 4179 542 4227 illu
557 4179 586 4227 F.
685 4175 718 4237 et]
729 4191 792 4226 eras.
806 4174 831 4224 in
844 4176 873 4226 F.
974 4187 1006 4239 23
1017 4175 1050 4236 et]
1061 4191 1111 4226 om.
1125 4191 1153 4243 χ.

540 4365 565 4422 3.
581 4341 724 4424 quodvis]
741 4342 832 4403 Eecli.
854 4360 897 4420 15,
917 4345 961 4402 18.
1199 4341 1269 4404 ibid.

541 4444 566 4503 5.
581 4428 688 4486 serru're
718 4425 823 4484 Matth.
841 4427 868 4496 6,
886 4443 932 4496 24.
1242 4443 1285 4502 15.
1303 4423 1459 4507 nomam]
1473 4424 1586 4486 Habita
1598 4422 1780 4501 ingrediente
1792 4422 1853 4483 iam

540 4511 566 4568 6.
582 4509 686 4584 dignm
716 4507 823 4566 Matth.
842 4525 888 4578 ro,
904 4523 950 4580 37.
1200 4507 1436 4584 Quadragesima
1451 4507 1538 4586 (inira
1554 4527 1581 4583 p.
1598 4509 1666 4582 383,
1679 4507 1695 4564 i.
1711 4503 1770 4578 21),
1782 4517 1853 4581 post

544 4609 587 4648 ιο.
603 4589 698 4667 tuane]
709 4587 804 4652 Exod.
817 4608 863 4658 20,
880 4607 912 4644 12
922 4607 930 4659 ;
940 4587 1047 4647 Mutth.
1062 4603 1106 4662 15,
1119 4607 1146 4658 4·
1200 4588 1354 4648 recitatum
1370 4591 1515 4664 psalmum
1530 4605 1586 4648 ctu
1602 4587 1687 4666 (ibid.
1704 4585 1722 4645 Ι.
1742 4585 1799 4662 17).

544 4691 588 4729 rr.
605 4666 761 4748 moriatur]
785 4669 879 4728 Exod.
904 4687 952 4741 αι,
970 4669 1147 4742 173M²1¹h·
1244 4672 1289 4729 18.
1305 4667 1465 4750 murenae]
1489 4671 1560 4730 Luc.
1581 4673 1625 4741 16,
1647 4687 1688 4743 ¹³·
