4160 5500
461 402 715 462 cancarrus
733 402 792 470 ru,
809 401 938 461 nnnc.
964 401 1055 473 x111,
1079 401 1336 478 32:33.erx1111,
1354 405 1410 480 3-c.
1438 453 1442 460 .
1531 382 1615 488 369

260 629 483 684 trecentorum
509 617 697 692 cubitorum
722 616 875 690 habuerit
903 615 1156 699 longitudinem,
1172 626 1205 682 et
1232 619 1477 704 quinquaginta
1503 622 1613 688 latitu-

260 725 356 802 dinis,
371 734 405 787 et
431 722 568 805 triginta
585 723 618 786 in
636 721 750 785 altum.
777 719 900 784 Videte
917 731 1126 786 sacramenta
1142 740 1367 788 numerorum.
1385 723 1424 788 In
1450 726 1613 809 quinqua·

260 828 395 911 genario
412 841 552 898 numero
576 823 780 908 paenitentia
797 823 1064 897 demonstratur:
1092 824 1256 907 siquidem
1273 824 1306 888 in
1335 826 1614 910 quinquagesimo

261 929 390 1014 psalmo
404 930 517 997 David
536 929 621 1012 regis
646 927 713 1011 egit
739 927 987 1009 paenitentiam.
1006 928 1045 994 In
1063 929 1219 992 trecentis
1247 948 1325 993 vero
1346 931 1492 994 numeris
1509 933 1613 996 crucis

229 1053 242 1104 5
262 1035 455 1119 mysterium
472 1035 729 1106 demonstratur.
739 1030 858 1104 ,Litera
874 1030 903 1094 T
918 1031 1024 1102 index
1040 1040 1091 1096 est
1107 1040 1301 1096 trecentum.
1319 1034 1420 1098 Unde
1435 1036 1556 1100 dicitur
1580 1047 1613 1100 et

262 1141 294 1203 in
323 1136 526 1203 Iezechiele:
551 1137 622 1199 ‘Et
645 1133 778 1210 scribes,
804 1135 919 1218 inquit,
947 1136 980 1198 in
1003 1135 1166 1206 frontibus
1193 1138 1399 1219 gementium
1425 1153 1530 1206 THAU
1550 1162 1557 1218 ;
1581 1151 1614 1205 et

261 1243 462 1327 quicumque
487 1240 569 1305 illud
597 1237 749 1304 habuerit
771 1239 1041 1322 superscriptum,
1057 1259 1123 1303 non
1151 1239 1396 1308 interficietur'.
1425 1242 1514 1308 Nam
1542 1245 1613 1327 qui·

261 1365 403 1428 eumque
419 1345 524 1408 crucis
552 1343 712 1409 vexillum
741 1341 866 1406 habet
858 1362 889 1406 rn
907 1342 1016 1406 fronte
1039 1364 1109 1422 sua,
1124 1344 1212 1408 hiea
1239 1345 1375 1410 diabolo
1395 1348 1522 1430 percuti
1546 1369 1612 1412 non

263 1457 379 1532 potest.
398 1447 474 1511 Hoc
490 1446 651 1511 vexillum
668 1467 734 1510 non
751 1454 864 1527 potest
877 1444 997 1524 delere,
1012 1447 1075 1511 nist
1067 1447 1199 1512 solum
1217 1459 1436 1532 peccatum.

214 1577 244 1613 ιο
305 1551 465 1616 Diximus
480 1552 524 1624 de
549 1571 634 1628 arca,
651 1549 710 1614 de
719 1549 1015 1632 quinquagenario,
1030 1549 1073 1614 de
1095 1553 1253 1617 trecentis
1280 1555 1447 1620 numeris:
1462 1556 1613 1620 dicamus

261 1657 303 1720 de
319 1656 466 1737 triginta,
481 1655 639 1737 quoniam
665 1653 737 1736 ipsa
753 1672 829 1717 arca
855 1650 1001 1716 habebat
1017 1652 1218 1718 altitudinis
1212 1657 1358 1740 triginta
1374 1659 1513 1736 cubitos,
1530 1670 1564 1724 et
1578 1660 1612 1723 in

263 1779 363 1823 unum
381 1755 684 1823 consummabatur
701 1756 824 1821 Videte
849 1757 930 1840 quid
958 1757 1087 1823 dicitur
1106 1760 1254 1825 Primum
1282 1764 1412 1860 agimus
1441 1741 1612 1847 paeniten-

262 1863 341 1928 tiam
360 1864 392 1926 in
405 1859 681 1968 quinquaginta:
675 1855 829 1925 i'deinde
841 1881 898 1943 per
915 1847 1155 1943 paenitentiam
1172 1863 1324 1942 venImus
1340 1863 1382 1926 ad
1408 1863 1514 1927 crucis
1542 1884 1614 1947 my·

262 1969 420 2032 sterium:
432 1968 474 2031 ad
486 1963 590 2030 crucis
602 1965 796 2048 mysterium
809 1964 959 2027 venimus
973 1985 1031 2046 per
1043 1965 1232 2048 perlectum
1240 1965 1375 2030 verbum
1379 1966 1455 2047 ,qui
1473 1965 1614 2048 Xpistus

215 2096 243 2150 ις
262 2081 320 2135 est.
337 2070 484 2156 Quando
500 2091 577 2133 vero
594 2071 687 2133 Iesus
703 2068 831 2150 accepit
854 2068 1030 2151 baptisma,
1046 2070 1232 2134 secundum
1251 2069 1405 2134 Lucam‘
1421 2079 1492 2134 erat
1510 2089 1615 2135 anno-

263 2197 334 2240 rum
351 2173 522 2258 triginta’.
540 2174 584 2238 Et
611 2173 664 2238 isti
680 2173 743 2258 ipsi
768 2172 904 2255 triginta
920 2172 1048 2237 cubiti
1039 2193 1071 2237 m
1089 2193 1192 2238 unum
1223 2175 1552 2262 consummabantur.
1571 2173 1616 2248 Et

261 2277 512 2364 quinquaginta
530 2286 565 2340 et
580 2277 726 2354 trecenti,
742 2285 776 2340 et
796 2275 932 2358 triginta
948 2276 980 2340 in
997 2297 1101 2340 unum
1118 2247 1268 2343 cubitum
1284 2280 1616 2344 consummabantur·

264 2385 326 2448 hoc
336 2393 396 2461 est
408 2383 440 2445 in
457 2400 559 2445 unam
572 2378 671 2445 fidem
683 2380 846 2446 Dei.an
863 2389 970 2445 totum
988 2402 1090 2465 quare
1102 2383 1268 2448 diximus?
1285 2383 1374 2467 Quia
1387 2384 1616 2448 nuncdicitur:

264 2485 378 2551 Potuit
389 2484 535 2549 trecentis
545 2484 691 2548 naamis
706 2485 908 2550 venumdari.
922 2486 1054 2550 Deinde
1080 2497 1113 2550 et
1131 2487 1296 2552 Dominus
1310 2485 1465 2553 Salvator
1480 2488 1617 2572 triginta

212 2623 246 2658 4ο
263 2589 429 2674 argenteis
444 2590 599 2655 venditus
615 2600 672 2655 est.
685 2590 807 2653 Mirum
825 2609 890 2653 non
905 2591 1053 2674 potuisse
1069 2593 1224 2656 trecentis
1240 2592 1384 2656 denariis
1401 2593 1500 2657 vendi
1516 2616 1522 2656 :
1536 2611 1613 2656 nam

263 2694 417 2760 venditus
433 2705 482 2759 est
499 2694 643 2777 triginta.
672 2694 842 2778 Scriptum
858 2705 909 2758 est
926 2696 958 2758 in
988 2695 1148 2773 Levitico,
1163 2697 1326 2779 scriptum
1353 2706 1403 2762 est
1421 2698 1454 2760 in
1484 2697 1616 2774 Exodo,

263 2799 353 2883 quod
378 2799 566 2863 sacerdotes
582 2797 748 2880 atriginta
775 2799 870 2862 annis
887 2820 958 2863 esse
974 2799 1142 2884 incipiant.
1160 2799 1253 2864 Ante
1269 2800 1407 2883 triginta
1423 2820 1529 2866 annos
1549 2820 1616 2865 non

265 2904 340 2967 lieet
355 2901 582 2966 sacerdotibus
595 2901 723 2984 ingredi
739 2902 902 2986 templum
920 2902 984 2968 Dei
999 2928 1006 2967 :
1022 2904 1193 2986 quomodo
1209 2904 1294 2967 etin
1311 2904 1470 2968 iumentis
1495 2915 1529 2969 et
1544 2907 1615 2968 ani·

266 3007 407 3072 malibus
432 3007 548 3070 tertius
564 3025 672 3070 annus
697 3003 843 3089 perlecta
870 3015 961 3070 aetas
988 3015 1047 3070 est.
1064 3006 1219 3089 Denique
1235 3006 1357 3070 dicitur
1372 3008 1404 3070 in
1422 3007 1555 3085 Genesi,
1578 3029 1618 3072 eo

214 3141 247 3194 25
265 3122 415 3196 tempore
432 3131 498 3196 quo
515 3109 591 3174 feeit
608 3108 781 3172 Abraham
809 3107 1054 3201 διχοτομήματα,
1069 3109 1228 3192 quoniam
1253 3111 1394 3175 vitulum
1413 3121 1447 3177 et
1472 3111 1617 3176 haedum

265 3235 298 3287 et
314 3242 439 3306 agnum
465 3220 618 3286 habuerit
633 3219 732 3282 trium
761 3237 934 3294 annorum,
950 3227 987 3281 ut
1003 3217 1150 3300 perfecta
1167 3229 1259 3285 aetas
1284 3221 1568 3287 demonstraretur
1584 3223 1618 3287 in

266 3327 442 3392 iumentis:
458 3327 504 3391 sic
520 3337 553 3390 et
573 3324 764 3388 hominibus
789 3323 933 3405 perfecta
961 3334 1053 3388 aetas
1070 3326 1208 3408 triginta
1235 3328 1314 3390 amri
1340 3338 1426 3392 sunt.
1443 3329 1618 3411 Numquid

268 3431 432 3495 Dominus
450 3441 636 3495 nosternon
650 3429 759 3511 potuit
775 3427 886 3490 venire
895 3426 938 3490 ad
954 3427 1124 3512 baptisma
1141 3429 1260 3510 viginti
1277 3431 1425 3513 quinque
1441 3437 1622 3494 annorum?

268 3537 426 3619 numquid
445 3535 562 3617 viginti
587 3553 647 3597 sex
677 3533 772 3596 annis
789 3550 854 3595 non
884 3531 1002 3613 potuit,
1017 3541 1076 3596 aut
1099 3533 1215 3615 viginti
1233 3539 1333 3596 octo?
1351 3533 1418 3598 Sed
1436 3533 1617 3616 perfectam

217 3661 251 3711 30
267 3639 412 3703 hominis
426 3639 629 3723 expectabat
655 3645 810 3710 aetatem,
825 3645 862 3698 ut
887 3635 983 3698 nobis
1009 3636 1169 3700 tribueret
1195 3636 1400 3719 exemplum.
1419 3637 1501 3700 Ideo
1529 3646 1563 3701 et
1586 3639 1618 3700 in

270 3740 448 3808 Iezechiele
464 3743 623 3824 scriptum
640 3750 690 3804 est
706 3740 738 3803 in
764 3738 946 3821 principio:
963 3744 970 3771 ‘
988 3740 1033 3804 Et
1049 3739 1176 3806 lactum
1194 3749 1253 3816 est,
1270 3741 1391 3824 inquit,
1406 3741 1439 3803 in
1457 3759 1546 3804 anno
1562 3741 1619 3804 tri·

267 3847 400 3924 cesimo,
425 3866 500 3909 cum
528 3865 634 3909 essem
661 3845 695 3906 in
718 3841 944 3924 captivitate'
963 3842 1038 3906 Hoc
1070 3852 1177 3908 toturn
1206 3844 1365 3924 diximuS,
1391 3856 1427 3910 ut
1455 3845 1620 3909 tricenarii

308 4022 335 4076 4
351 4003 409 4078 egit
420 4001 643 4080 paenitenitiam]
668 3997 824 4060 Hieron'
817 4017 846 4057 m
873 3999 911 4057 Is.
1010 4019 1021 4058 r
1027 4017 1052 4077 5
1069 4020 1214 4060 annornm
1236 4001 1371 4078 triginta]
1398 4001 1470 4059 Luc.
1488 4018 1515 4075 3,
1533 4019 1548 4057 4
1553 4019 1579 4076 3

269 4105 296 4161 3,
312 4105 329 4160 3
356 4081 648 4160 ‘quinquagenarius
673 4098 814 4141 numerus
839 4099 913 4139 sem·
1008 4101 1052 4140 21
1077 4083 1107 4140 in
1127 4083 1260 4154 Lenr'tico,
1283 4101 1304 4141 s.
1320 4102 1341 4141 e.
1369 4082 1401 4139 in
1422 4076 1541 4160 Exodo]
1564 4081 1622 4140 Irn-

268 4184 319 4243 per
344 4164 466 4224 retertur
490 4165 528 4222 ad
544 4161 793 4240 paenitentiam
821 4149 914 4222 Unde
968 4160 1249 4235 moinNumera
1268 4182 1294 4239 3.

267 4258 296 4308 et
326 4244 461 4305 David
453 4264 483 4305 m
509 4242 756 4321 quinquagesimo
790 4261 915 4302 numero
1010 4260 1055 4318 ²·5
1070 4247 1290 4322 urynropqpcre]
1305 4246 1381 4304 Gen
1402 4261 1448 4320 15,
1468 4263 1512 4302 11.
1528 4263 1569 4320 gr.

268 4327 413 4407 psalmum
429 4325 531 4386 scribit
546 4326 772 4402 paenitentiae
1009 4343 1054 4400 34.
1082 4327 1114 4384 in
1134 4326 1312 4416 captivitate]
1345 4325 1451 4385 Ezecn.
1486 4345 1510 4397 1,
1531 4345 1542 4382 1
1571 4325 1622 4384 ubi

311 4426 419 4483 7.nnn
439 4402 660 4498 interficietur]
662 4406 767 4466 Erech.
792 4426 862 4481 9,.4
887 4407 913 4464 6.
971 4405 1205 4483 Hieronymus
1197 4424 1228 4464 1n
1243 4418 1404 4466 comment.
1423 4370 1620 4467 ‘Secbndum

267 4426 415 4550 -7Notat
431 4485 660 4566 Hieronymus
653 4507 682 4545 m
698 4488 868 4577 Commeat.
887 4486 914 4544 n.
967 4505 1121 4564 anagogen
1136 4505 1206 4546 vero
1230 4488 1442 4579 praefiguratur
1471 4487 1621 4547 Dominus

267 4575 415 4632 l.‘··1}1au
439 4570 567 4631 litteram
583 4570 678 4628 crucis
703 4568 812 4628 habere
838 4566 916 4627 simi-
968 4579 1057 4660 atque
1072 4569 1214 4639 Salvator,
1229 4587 1281 4644 qrn
1292 4567 1410 4645 triginta
1423 4587 1519 4629 annos
1535 4581 1623 4629 natus

268 4653 456 4714 litudinem’.
968 4649 1101 4709 venitad
1126 4613 1316 4725 baptismum,
1337 4669 1415 4725 quae
1444 4649 1474 4710 in
1500 4649 1623 4711 bomine

322 4783 435 4822 Anemlota
444 4780 596 4822 ‚llaredsolaua
608 4777 651 4830 lll,
663 4794 683 4820 4.
1552 4795 1575 4831 47
