4202 5492
579 413 834 476 TRACTATUS
858 415 915 476 DE
938 414 1107 475 PSALMO
1129 414 1354 476 LXXXVIIII.
1567 415 1644 500 109

292 629 601 696 adulescentulum:
629 629 708 693 nihil
726 629 783 694 illo
799 629 976 712 pulchrius,
992 627 1057 693 huc
1073 627 1217 712 illucque
1232 631 1392 696 currebat.
1410 631 1446 696 Si
1462 650 1538 695 eum
1555 651 1643 696 nunc

289 736 605 817 aspexeris,videtur
620 735 652 799 in
669 741 840 798 senectute
855 735 950 817 quasi
965 743 1123 799 mortuus.
1141 734 1235 799 Licet
1246 736 1335 800 vivat
1350 744 1642 814 senectute,tamcu

289 838 516 903 adulescentia
541 839 633 921 perit.
655 838 760 902 Mane
774 839 858 902 sicut
872 839 971 902 herba
989 848 1142 916 transeat,
1160 840 1223 903 hoc
1254 851 1314 916 est,
1332 841 1484 904 iuventus
1511 850 1645 905 nostra:

290 943 398 1024 ipsum
414 953 465 1007 est
481 943 568 1007 enim
587 963 692 1009 mane.
710 943 806 1008 Sicut
820 943 918 1007 herba
938 954 1092 1021 transeut,
1110 943 1328 1028 manestoreat
1343 953 1375 1008 et
1388 954 1542 1008 transeut.
1568 943 1644 1007 Flo·

258 1065 272 1118 5
291 1066 400 1111 remus
415 1047 448 1111 in
465 1047 700 1124 adulescentia,
715 1049 894 1112 arescimus
911 1049 943 1110 in
961 1057 1139 1112 senectute.
1166 1047 1297 1129 Vespere
1311 1047 1446 1125 decidat,
1463 1047 1595 1112 induret
1615 1057 1647 1110 et

289 1149 514 1229 arescatQuia
527 1151 703 1232 deficimus
718 1151 752 1214 in
769 1151 821 1215 ira
833 1162 900 1228 tua,
918 1161 950 1214 et
966 1151 1001 1214 in
1009 1152 1130 1231 surm
1138 1160 1194 1214 tuo
1209 1149 1336 1215 turbati
1345 1171 1467 1216 sumus.
1485 1151 1644 1232 Nongeu·

291 1255 332 1317 tis
355 1254 492 1335 triginta
516 1256 612 1318 annis
638 1266 716 1319 ante
741 1255 945 1332 vivebamus,
962 1275 1066 1339 usque
1090 1256 1133 1318 ad
1163 1255 1252 1318 mille
1278 1275 1494 1320 veneramus:
1518 1274 1594 1320 ecce
1610 1255 1643 1318 in

291 1359 388 1422 breve
404 1359 472 1422 vita
488 1371 602 1422 nostra
627 1368 799 1423 contracta
815 1371 873 1424 est.
889 1360 1041 1424 Posuisti
1066 1360 1255 1443 iniquitates
1274 1368 1403 1423 nostras
1423 1361 1458 1422 in
1484 1367 1644 1440 conspectu

289 1471 351 1526 tuo.
368 1461 459 1526 Nihil
478 1473 511 1527 te
531 1463 639 1528 celat:
655 1464 718 1527 hoc
735 1474 795 1540 est,
811 1475 949 1546 peccata
966 1474 1079 1529 nostra
1096 1486 1157 1528 nec
1183 1485 1251 1528 nox
1274 1463 1368 1541 celat,
1385 1483 1444 1527 uec
1472 1462 1646 1526 involvunt

244 1589 273 1625 ro
290 1567 466 1631 tenebrae:
482 1569 595 1631 omnia
611 1569 701 1651 apud
718 1579 751 1630 te
767 1568 886 1633 lucent.
905 1570 1080 1635 Saeculum
1095 1577 1240 1632 nostmm
1258 1568 1293 1630 in
1310 1565 1559 1631 inluminatione
1573 1565 1644 1628 uril-

291 1679 344 1733 tus
359 1672 416 1734 tui.
435 1671 557 1734 Melius
572 1673 673 1735 habet
692 1673 722 1734 in
743 1670 900 1736 hebraico
918 1698 924 1738 :
940 1678 947 1705 ‘
965 1674 1057 1737 Vitia
1075 1683 1188 1738 nostra
1203 1673 1235 1736 in
1258 1672 1511 1737 inluminatione
1534 1670 1645 1734 vultus

290 1774 337 1835 tui
349 1773 365 1837 ’.
382 1773 548 1857 Quicquid
575 1776 715 1857 agimus,
741 1777 899 1860 quicquid
916 1777 948 1840 in
966 1787 1093 1841 secreto
1110 1797 1170 1840 nos
1191 1775 1297 1838 iacere
1313 1785 1478 1858 putamus,
1494 1783 1587 1857 patet
1611 1775 1643 1836 in

290 1876 394 1944 oculis
406 1877 480 1942 tuis.
499 1877 662 1955 Qrtorriam
677 1899 785 1942 omnes
800 1880 871 1942 dies
894 1880 999 1942 nostri
1012 1879 1205 1959 defecerunt.
1223 1879 1375 1944 Cucurrit
1390 1890 1482 1943 aetas
1497 1888 1547 1944 :et
1563 1879 1642 1942 dum

291 1982 491 2063 ignoramus,
500 1981 651 2060 elabitur,
668 1984 812 2065 perimus
827 2005 834 2062 ;
850 1994 883 2046 et
895 1984 958 2046 hoc
974 1985 1093 2066 ipsum,
1109 1983 1199 2064 quod
1213 1983 1389 2065 loquimur,
1404 1984 1447 2047 de
1463 1994 1570 2046 morte
1586 1990 1645 2056 est,

244 2111 272 2163 ις
295 2095 328 2149 et
344 2105 411 2149 non
426 2085 661 2167 intellegimus.
675 2086 774 2150 Anni
788 2088 893 2150 nostri
913 2088 998 2150 sicut
1010 2106 1135 2150 aranea
1151 2085 1403 2154 meditabuntur.
1418 2087 1542 2152 Videte
1564 2086 1644 2168 quid

291 2189 389 2254 dicat.
399 2189 581 2274 Quomodo
597 2210 719 2254 aranea
735 2191 829 2272 quasi
848 2191 951 2254 mittit
967 2189 1031 2267 tila,
1042 2200 1075 2254 et
1091 2190 1155 2254 huc
1173 2190 1317 2273 illucque
1333 2191 1495 2267 discurrit,
1510 2200 1543 2253 et
1559 2189 1646 2253 texit

296 2301 368 2356 tota
390 2293 453 2372 die,
468 2303 502 2358 et
518 2292 611 2357 labor
626 2294 761 2376 quidem
776 2295 911 2375 grandis
926 2304 986 2370 est,
1001 2295 1059 2356 sed
1077 2293 1215 2359 effectus
1238 2294 1348 2358 nullus
1364 2304 1414 2358 est
1429 2320 1436 2358 :
1452 2294 1499 2359 sic
1521 2302 1555 2357 et
1578 2293 1646 2356 vita

293 2395 548 2460 hominumhuc
561 2397 705 2479 illucque
720 2399 882 2461 discurrit.
900 2399 1129 2462 Possessiones
1145 2399 1345 2482 quaerimus,
1356 2399 1489 2462 divitias
1505 2415 1644 2480 appara·

292 2518 372 2575 mus,
384 2520 594 2582 procreamus
612 2501 705 2579 filios,
716 2501 914 2578 laboramus,
924 2502 956 2566 in
968 2522 1071 2585 regna
1083 2504 1295 2579 sustollimur,
1305 2513 1338 2566 et
1353 2504 1465 2566 omnia
1483 2501 1645 2566 iacimus:

242 2639 273 2674 20
291 2608 324 2662 ct
340 2620 407 2663 non
424 2601 735 2684 intellegimus,quia
751 2623 893 2667 araneae
909 2603 1010 2666 telam
1028 2604 1269 2669 teximusDies
1283 2627 1444 2670 asinorum
1460 2615 1644 2669 nostromm

292 2703 326 2766 iu
343 2705 421 2787 ipsis
431 2706 639 2787 septuaginta
648 2706 737 2769 anni.
756 2706 824 2770 Ubi
841 2715 919 2770 suut
936 2706 1025 2769 mille
1041 2709 1144 2771 anni?
1162 2708 1201 2771 ln
1216 2711 1429 2792 septuaginta
1445 2709 1541 2773 annis
1564 2728 1642 2772 con·
1696 2719 1703 2736 ·

293 2811 387 2872 tracti
403 2829 538 2874 sumus:
555 2812 581 2872 si
600 2821 711 2874 autem
729 2811 881 2884 multum,
896 2811 1077 2892 octoginta.
1094 2811 1130 2876 Si
1147 2822 1259 2876 autem
1277 2811 1351 2894 plus
1372 2813 1563 2888 vixerimus,
1578 2811 1644 2873 iam

291 2932 360 2976 non
386 2926 436 2977 est
461 2917 539 2991 vita,
554 2917 612 2978 sed
640 2934 736 2979 mors.
755 2914 798 2979 Si
820 2925 927 2978 auteur
944 2915 979 2977 in
992 2917 1222 2997 potentatibus,
1244 2918 1403 3000 octoginta
1425 2917 1516 2980 antri.
1535 2915 1645 2998 Quem

291 3018 379 3081 enim
398 3019 550 3083 invenies
566 3021 816 3102 octogenarium
834 3039 906 3082 esse
922 3029 954 3082 et
971 3040 1088 3084 sanum
1105 3029 1200 3085 esse?
1218 3022 1310 3085 Dicit
1325 3031 1358 3085 et
1374 3039 1492 3103 graeca
1515 3028 1644 3083 senten-

324 3207 423 3256 2ur'vat
440 3209 570 3270 senectute]
590 3208 612 3258 C
631 3209 744 3258 interser.
758 3209 787 3256 in
800 3223 854 3272 sup.
868 3207 912 3257 lin.
1015 3209 1117 3272 3perr't]
1129 3211 1211 3274 periit
1222 3210 1252 3260 C.
1360 3217 1373 3270 7
1386 3208 1465 3271 nrille]
1485 3205 1500 3275 β
1513 3207 1570 3256 add.
1578 3207 1643 3271 sere.

292 3287 320 3335 iu
332 3288 411 3350 lucae]
426 3289 470 3350 H3
492 3291 521 3339 in
532 3291 675 3348 hrenum&
696 3291 724 3340 iu
743 3290 814 3339 brevi
832 3290 874 3348 ῦς
892 3290 921 3340 in
941 3291 1037 3339 hevam
1056 3291 1135 3340 vitum
1148 3289 1197 3359 βΑ.
1299 3298 1349 3354 911
1359 3291 1431 3352 celat]
1452 3296 1474 3339 tc
1493 3292 1572 3339 celant
1585 3289 1643 3339 ΗΡ.

296 3381 321 3418 11
342 3371 410 3420 Vitia
421 3374 517 3436 nostro]
528 3374 630 3438 scripsi:
643 3375 696 3423 nita
709 3381 793 3422 nostru
806 3371 936 3440 pAssPSG
948 3389 955 3432 3
967 3374 1047 3422 vitam
1059 3380 1169 3422 nostram
1182 3373 1211 3424 C.
1227 3371 1264 3422 Cl.
1280 3373 1366 3424 adnot.
1380 3373 1452 3423 inira.
1533 3385 1561 3422 12
1567 3373 1647 3436 putet]

288 3459 376 3516 putent
387 3453 440 3504 SG.
540 3457 569 3504 in
581 3455 666 3516 ortilis]
679 3455 701 3504 G
714 3471 764 3504 om.
779 3457 815 3504 in.
920 3466 949 3518 13
963 3454 1097 3517 Cucurrit]
1117 3453 1219 3522 βΗΒΟ,
1235 3457 1254 3504 P
1266 3455 1346 3520 prima
1357 3457 1454 3520 syllaba
1465 3467 1552 3519 postea
1564 3456 1648 3506 deleta

293 3543 329 3583 est
341 3553 349 3594 ;
367 3537 450 3585 currit
461 3537 511 3587 CS.
583 3550 612 3599 14
622 3537 740 3598 clabitur]
757 3537 838 3595 CPS;
858 3538 994 3587 attrabitur
1006 3539 1042 3596 B;
1061 3537 1187 3587 elabimur
1198 3539 1221 3588 G
1233 3557 1240 3598 ;
1257 3540 1374 3600 grauiter
1386 3534 1439 3606 βΗ.
1508 3538 1648 3603 loquimur]

290 3617 407 3681 quur'tm
417 3621 448 3668 G.
553 3619 581 3669 18
592 3620 754 3685 apparamus]
773 3620 838 3668 codd
851 3637 858 3678 ;
869 3620 1009 3684 appetimus
1022 3618 1047 3688 β.
1150 3633 1179 3684 19
1189 3623 1356 3685 sustollimur]
1371 3624 1533 3673 subtolliumr
1544 3625 1564 3673 P
1575 3639 1631 3674 corr
1642 3641 1649 3684 ;

291 3700 459 3750 sutrutttmur
468 3701 500 3752 G.
602 3714 633 3750 22
644 3697 774 3766 mtogintu]
784 3704 927 3764 octuaginta
947 3703 980 3753 G.
1081 3713 1112 3766 23
1128 3705 1266 3766 octmgirrta
1284 3706 1309 3755 S.
1412 3706 1648 3770 240ctogeuarr'um]

292 3785 494 3846 octuaginariunt
506 3784 541 3834 G.
636 3784 735 3848 gracan
744 3801 818 3848 grego
831 3785 882 3834 SG.

339 3946 943 4031 rr.interimebant-Vtutnostrane]
996 3969 1051 4010 nos
1076 3949 1157 4010 iuxta
1182 3952 1353 4013 hebraicum
1379 3966 1408 4014 et
1433 3955 1645 4032 Symmachum

296 4034 382 4092 Psalt.
410 4033 491 4092 iuxta
515 4033 596 4093 hebr.
626 4031 802 4109 Hieronymi
825 4034 946 4108 ‘negle-
996 4031 1150 4108 posuimus
1175 4036 1497 4110 neglegentrhsnostrus,
1520 4055 1650 4113 proquo

294 4113 407 4190 gentias
422 4126 537 4174 nostras
552 4114 580 4172 in
607 4117 673 4173 luce
698 4116 795 4174 vultus
810 4113 853 4173 tui
867 4115 883 4171 ³.
901 4115 945 4171 Ex
997 4111 1190 4190 Septuaginta
1210 4119 1353 4174 saeculum
1375 4126 1503 4176 nostnrm
1526 4129 1650 4176 transtu·

295 4214 356 4271 quo
371 4194 443 4254 mihi
458 4194 581 4271 sumpsi,
593 4209 625 4256 ut
635 4196 794 4256 lectionem
805 4193 945 4253 codicum
997 4195 1132 4252 lerunt...
1147 4196 1254 4255 Aliena
1265 4197 1344 4256 enim
1357 4196 1443 4258 nobis
1455 4210 1524 4257 sunt
1535 4199 1645 4258 vr‘tr'cr...

295 4277 357 4336 uita
371 4295 433 4334 urea
448 4275 477 4334 in
494 4277 566 4335 vc'tr‘a
587 4295 649 4335 urea
675 4277 874 4336 emendarem.
892 4276 946 4334 Ce·
1000 4275 1095 4335 Miror
1108 4287 1208 4336 autem
1225 4297 1278 4336 cur
1292 4279 1483 4356 Septuaginta
1503 4279 1649 4339 voluerint

296 4369 391 4417 terum
408 4355 516 4434 passim
529 4357 745 4417 conlundiduo
758 4356 948 4417 istavocabu·
999 4375 1053 4432 pro
1074 4358 1286 4432 adolescentia,
1303 4358 1504 4437 neglegentiis,
1520 4373 1550 4420 et
1575 4379 1650 4421 erro·

296 4439 323 4497 la
340 4439 396 4497 ianr
423 4439 493 4499 olim
518 4451 657 4498 notarunt
682 4437 889 4516 lexicographi,
917 4450 946 4497 et
999 4438 1087 4510 ribus,
1103 4437 1165 4498 sive
1180 4438 1423 4516 ignorationibus,
1440 4443 1592 4502 saeculum
1607 4441 1649 4502 di·

296 4520 359 4597 ipse
385 4519 590 4596 Hieronymus
615 4519 645 4580 in
665 4520 749 4597 epist.
769 4540 834 4595 140,
850 4541 877 4580 n.
899 4540 943 4592 11,
996 4537 1063 4579 cere
1078 4540 1083 4578 :
1100 4519 1154 4578 nisi
1172 4522 1246 4582 torte
1260 4523 1343 4598 quod
1368 4521 1398 4581 in
1424 4524 1545 4583 saeculo
1567 4534 1596 4583 et
1618 4522 1648 4583 in

297 4600 346 4661 ubi
375 4601 456 4662 hunc
484 4620 601 4660 versum
627 4601 770 4675 edisserit,
793 4603 886 4662 semel
914 4613 943 4660 et
995 4599 1073 4661 vitae
1095 4601 1183 4662 huius
1208 4615 1342 4681 tempore
1365 4605 1438 4664 nitr'a
1461 4605 1648 4665 committan-

296 4681 402 4744 iterum
417 4682 540 4744 verbum
563 4683 636 4743 nr'trtr
660 4681 841 4760 interponit:
858 4681 942 4743 ‘Ubi
994 4691 1047 4740 tur.
1065 4684 1072 4710 '
