4154 5494
700 402 962 496 'Tnucrnvns
985 433 1042 492 ns
1066 383 1291 496 asrtuo'c.
1592 438 1603 492 r
1613 434 1665 517 57

354 652 630 719 Perambulabam
646 651 681 716 in
699 650 880 715 innocentia
894 649 999 714 cardis
1014 649 1079 714 mei
1093 649 1127 714 in
1144 649 1248 712 medio
1262 650 1377 714 damus
1392 671 1488 714 meae.
1513 650 1605 714 Nihil
1622 651 1668 716 sic

312 760 420 844 placet
436 759 520 838 Deo,
536 769 573 822 ut
589 756 786 840 simplicitas
800 763 834 819 et
850 754 1049 819 innocentia.
1065 755 1219 838 Denique
1237 753 1380 837 Spiritus
1396 765 1530 819 sanctus
1547 756 1579 820 in
1595 756 1669 819 aliis

312 863 501 929 volatilibus
524 881 590 925 non
612 860 804 943 conplacuit
824 861 885 924 nisi
910 861 943 923 in
963 860 1119 925 columba
1138 869 1273 942 propter
1295 860 1554 943 simplicitatem,
1577 872 1610 926 et
1634 863 1666 925 in

311 967 583 1050 quadrupedibus
598 965 632 1029 in
649 985 711 1029 ove
728 975 863 1047 propter
880 964 1179 1029 mansuetudinem.

280 1091 294 1144 5
355 1071 432 1135 Non
441 1068 655 1151 proponebam
669 1077 745 1132 arcte
759 1069 862 1133 oculos
876 1090 959 1133 nuos
974 1089 1042 1132 rem
1059 1069 1225 1132 iniustam.
1249 1069 1325 1132 Non
1348 1069 1593 1150 anteponebant
1611 1070 1669 1133 ali·

312 1175 391 1258 quid
410 1176 567 1251 Domino,
582 1193 691 1256 neque
709 1173 959 1238 consentiebam
980 1173 1165 1257 iniquitati;
1186 1174 1244 1238 sed
1265 1183 1357 1237 totus
1372 1173 1415 1237 ad
1438 1173 1548 1238 Deum
1570 1194 1670 1240 eram.

310 1279 478 1348 ‚Face'entes
495 1277 793 1361 praevaricationes
816 1276 915 1342 odivi.
939 1276 1018 1343 Sive
1045 1286 1139 1360 pater
1159 1297 1251 1342 meus
1270 1285 1349 1354 erat,
1372 1277 1441 1340 sive
1463 1288 1577 1355 instes,
1600 1280 1669 1342 sive

312 1383 421 1458 irater,
435 1393 494 1446 aut
509 1392 611 1458 soror,
626 1382 695 1446 sive
707 1381 848 1446 amicus:
861 1393 984 1460 tamen,
996 1382 1023 1445 si
1039 1380 1238 1446 declinasset
1254 1382 1405 1447 atimore
1422 1375 1569 1462 Domini,
1581 1383 1669 1448 hunc

309 1487 391 1550 odio
418 1485 592 1562 habebam,
617 1495 650 1550 et
677 1486 815 1550 omnino
837 1487 879 1549 ad
903 1506 979 1549 eum
1006 1505 1072 1548 non
1093 1485 1302 1550 accedebam.
1323 1485 1399 1550 Non
1421 1489 1669 1570 anteponebam

268 1615 296 1652 ιο
313 1591 596 1673 propinquitatem
614 1599 673 1654 aut
688 1589 871 1655 amicitiam
889 1590 1005 1672 pietati
1024 1590 1097 1654 Dei.

355 1694 432 1756 Non
448 1693 599 1758 adhaesit
610 1693 698 1757 milei
709 1715 764 1758 cor
773 1704 924 1775 pravum.
942 1694 1018 1758 Non
1035 1694 1150 1757 eratin
1169 1714 1223 1758 me
1239 1693 1363 1778 aliquid
1377 1691 1511 1759 difficile
1524 1707 1581 1760 atrt
1598 1687 1670 1780 per'·

312 1817 443 1863 versum
471 1791 606 1880 ahquid,
635 1797 694 1868 sed
725 1799 876 1881 aequitas
892 1807 925 1862 et
947 1798 1080 1862 iustitia
1096 1797 1288 1862 Declinnnte
1313 1819 1334 1861 a
1364 1819 1414 1862 me
1441 1800 1584 1884 maligno
1609 1821 1671 1866 nor:

312 1902 549 1984 cognoscebam:
569 1901 633 1966 hoc
657 1910 717 1978 est,
739 1903 767 1965 si
785 1911 857 1966 erat
879 1901 958 1966 mihi
979 1903 1106 1966 amicus
1128 1911 1185 1966 aut
1207 1901 1390 1984 proximus,
1408 1904 1477 1969 sive
1495 1907 1671 1988 episcopus

313 2015 371 2071 aut
386 2006 568 2090 presbyter,
583 2005 698 2070 sivein
715 2026 925 2089 quacumque
940 2005 1106 2087 dignitate
1121 2006 1341 2072 constitutus:
1357 2017 1480 2088 tamen,
1495 2011 1522 2073 si
1541 2003 1671 2092 perver'-

266 2135 294 2189 ις
315 2108 406 2174 tebat
421 2109 492 2174 vias
507 2129 594 2187 suas,
606 2111 653 2174 sic
669 2128 745 2173 eum
758 2109 938 2192 fugiebam,
949 2119 984 2173 ut
997 2110 1129 2192 penitus
1146 2111 1214 2173 eius
1229 2112 1424 2178 memoriam
1439 2133 1505 2178 non
1519 2113 1671 2182 iacerem.

356 2214 589 2280 Detrobcntem
618 2225 733 2279 secreta
755 2214 906 2298 proximo
934 2235 1000 2292 suo,
1030 2214 1115 2278 bunc
1135 2216 1352 2297 persequebar.
1378 2217 1416 2281 ln
1444 2211 1575 2284 tanturn
1604 2240 1670 2284 non

314 2327 446 2400 oportet
457 2319 643 2384 consentire
655 2318 854 2396 detrahenti,
866 2328 902 2382 ut
914 2318 1025 2396 etiam,
1037 2319 1245 2402 quantumin
1257 2323 1354 2387 nobis
1364 2330 1672 2407 est,persequamur

315 2422 425 2502 talem,
441 2424 654 2506 providentes
673 2423 706 2487 in
730 2433 871 2506 utroque
894 2423 1088 2488 utilitatem:
1110 2434 1146 2489 ut
1167 2444 1228 2488 nec
1250 2425 1390 2492 libenter
1405 2426 1591 2507 audiamus,
1611 2447 1672 2492 nec

315 2526 407 2591 illum
424 2529 656 2611 permittamus
672 2546 818 2612 peccare.
833 2527 944 2592 Tanta
960 2528 1048 2592 enim
1064 2529 1226 2593 distantia
1240 2540 1292 2596 est
1307 2530 1393 2596 inter
1408 2530 1626 2596 fornicantem
1639 2541 1673 2595 et

264 2659 297 2696 20
314 2629 561 2696 detrahentem:
591 2641 627 2696 ut
653 2631 709 2696 ille
735 2633 791 2714 qui
817 2631 998 2696 fornicatur
1027 2651 1063 2696 se
1086 2641 1216 2697 tantum
1234 2635 1373 2712 occidat,
1399 2633 1452 2699 ille
1479 2644 1590 2699 autem
1617 2633 1672 2716 qui

315 2735 459 2800 detrahit
476 2746 509 2801 et
525 2756 560 2799 se
576 2744 609 2800 et
625 2736 717 2800 illum
735 2737 791 2820 qui
807 2737 900 2802 audit
916 2737 1088 2820 demergit.

361 2840 505 2923 Superbo
532 2841 618 2906 oculo
641 2851 673 2905 ct
697 2841 882 2905 insatiabili
903 2841 1003 2918 corde,
1016 2862 1089 2905 cnm
1111 2840 1168 2905 leoc
1187 2865 1249 2906 non
1269 2841 1407 2906 edebam.
1437 2842 1473 2908 Si
1500 2842 1575 2926 quis
1601 2851 1672 2906 erat

314 2946 478 3029 superbus
492 2957 550 3012 aut
565 2966 692 3024 avarus,
708 2966 784 3009 cum
801 2947 864 3009 hoc
881 2947 1012 3029 penitus
1028 2967 1094 3010 non
1111 2947 1262 3012 edebam.

362 3047 458 3115 Oculi
471 3047 537 3112 mei
548 3059 646 3132 snper
649 3047 766 3132 fideles
781 3059 894 3128 terrae,
910 3060 948 3114 ut
960 3049 1107 3114 sederent
1120 3072 1249 3114 meacm.
1267 3051 1343 3114 Non
1361 3051 1450 3116 dixit
1466 3050 1595 3126 divites,
1615 3059 1672 3114 aut

266 3179 297 3232 ²5
318 3157 542 3236 imperatores,
572 3162 629 3217 aut
656 3155 840 3237 episcopos,
856 3165 914 3218 aut
938 3155 1158 3238 presbyteros.
1183 3167 1240 3221 aut
1264 3159 1432 3236 diaconos,
1453 3158 1511 3221 sed
1538 3155 1673 3220 fideles:

317 3277 391 3322 curn
409 3258 481 3322 istis
497 3258 665 3324 sedebam.
682 3258 796 3322 Potest
818 3259 880 3322 hoc
899 3258 1009 3322 dicere
1027 3270 1060 3323 et
1076 3261 1251 3342 episcopus
1273 3272 1408 3326 sanctus
1430 3262 1494 3324 vir:
1513 3259 1671 3343 quoniam

221 3419 223 3424 .
317 3383 383 3427 non
394 3365 590 3429 ordinabam
603 3365 833 3448 presbyterum
845 3365 937 3429 illum
950 3365 1007 3449 qui
1021 3365 1101 3430 mihi
1114 3365 1368 3448 obsequebatur,
1377 3377 1434 3430 aut
1448 3366 1672 3448 propinquum

318 3488 439 3547 meum,
466 3471 522 3532 sed
549 3489 625 3534 eum
646 3489 746 3552 quem
763 3469 907 3532 sciebam
928 3467 1070 3532 fidelem.
1088 3469 1133 3533 Et
1153 3470 1272 3533 iterum
1296 3469 1386 3534 idem
1411 3477 1522 3552 potest
1543 3467 1674 3531 dicere:

317 3572 476 3657 quoniam
502 3593 619 3636 omnes
642 3572 780 3636 clericos
804 3593 896 3637 meos
923 3582 958 3636 et
982 3571 1083 3636 laicos
1110 3570 1223 3636 fideles
1249 3573 1423 3636 habebam.
1440 3572 1554 3634 Potest
1574 3579 1608 3633 et
1629 3590 1673 3633 ex

267 3703 301 3754 3⁰
318 3696 461 3760 persona
477 3677 614 3740 Domini
630 3677 695 3741 dici
713 3677 774 3741 iste
785 3677 971 3741 versiculus.
982 3677 1167 3740 Ambulans
1182 3676 1217 3740 in
1233 3678 1289 3740 :nb
1305 3676 1515 3752 inmaculata,
1525 3674 1578 3738 lric
1592 3673 1678 3737 milei

319 3779 536 3844 urinistrabat.
554 3778 723 3862 Quoniam
741 3799 807 3846 non
828 3779 1025 3844 ordinabam
1041 3782 1168 3864 eosqui
1191 3780 1271 3844 mihi
1294 3779 1469 3862 propinqui
1491 3786 1594 3854 erant,
1616 3777 1674 3840 sed

319 3886 424 3948 iustos
439 3893 473 3948 et
490 3883 611 3948 fideles.

352 4085 367 4136 3
379 4074 526 4138 conplacuit]
534 4073 633 4137 placuit
644 4073 674 4125 C.
776 4074 1038 4138 ypraevaricatiorres]
1055 4075 1099 4126 CP
1111 4077 1157 4140 (gr.
1171 4069 1344 4142 παραβάσεις)
1356 4091 1363 4132 ;
1374 4071 1612 4134 praevaricationem
1626 4067 1673 4137 βΒ.

322 4167 351 4204 te
363 4156 511 4205 Declinante
522 4171 538 4205 a
550 4171 587 4204 nce
604 4156 724 4221 malr'gm]
737 4155 786 4207 'SG
806 4159 853 4220 (gr.
868 4151 1034 4214 ἐκκλίνοντος
1055 4151 1100 4208 ἀπ’
1113 4151 1179 4222 ἐμοῦ
1199 4158 1248 4208 τοῦ
1268 4157 1397 4224 πονηροῦ)
1409 4172 1416 4214 ;
1435 4155 1598 4202 dcclr'nantcm
1610 4169 1626 4201 a
1638 4169 1675 4202 nee

320 4239 461 4302 malumne
475 4237 499 4305 β.
603 4251 632 4300 14
642 4255 680 4304 sq.
695 4240 814 4288 tamensi
867 4240 1043 4304 reonsacerern]
1056 4241 1105 4290 Pro
1115 4239 1164 4290 hoc
1176 4239 1201 4289 in
1215 4240 1232 4288 S
1244 4239 1333 4304 legitur
1345 4255 1351 4287 :
1372 4243 1396 4286 et
1413 4237 1541 4299 malignus
1559 4237 1611 4284 sive
1618 4243 1675 4300 per·

320 4321 739 4385 verrunbuncnanagnoseebanc:
817 4319 847 4370 ¹6
857 4320 954 4382 secreto]
965 4337 1014 4371 om.
1031 4321 1055 4389 β.
1141 4322 1285 4384 aooccidrt]
1293 4321 1380 4371 occidit
1390 4320 1420 4370 C.
1506 4330 1534 4367 et
1547 4317 1677 4380 demergit]

323 4403 406 4462 ech
426 4403 516 4467 mergit
531 4404 575 4462 G:
592 4403 711 4467 dimergit
729 4405 758 4452 in
777 4401 908 4467 infernum
921 4403 959 4464 S;
978 4405 1104 4469 densergat
1124 4403 1148 4472 β.
1250 4417 1282 4464 24
1298 4403 1417 4464 sederent]
1437 4401 1520 4461 codd:
1539 4400 1639 4449 sedeant
1650 4395 1674 4466 β.

322 4497 354 4547 29
363 4481 517 4550 expcrsona]
527 4485 572 4534 sub
579 4492 685 4550 persona
697 4484 726 4534 B.

366 4655 390 4696 ι.
407 4635 499 4695 Niln'l
508 4635 549 4693 sic
558 4636 653 4712 placet
667 4635 730 4693 Deo
744 4630 788 4714 at]
805 4634 852 4693 Ab
867 4632 971 4694 iisdem
1024 4635 1215 4697 oboedientia
1236 4635 1275 4714 (v.
1300 4634 1422 4710 iniral:‘
1439 4635 1529 4695 Nilu'l
1549 4635 1590 4693 sr'c
1613 4635 1676 4693 Deo

324 4715 532 4793 verbisincipit
547 4727 687 4776 tractatus
698 4717 726 4776 S.
742 4715 918 4794 Hieronymi
934 4717 972 4776 de
1019 4719 1113 4794 placet
1124 4717 1261 4795 quarrada
1269 4717 1442 4777 oboedientia
1448 4717 1462 4776 ’.
1516 4715 1518 4721 ’
