4060 5498
517 432 570 514 42
894 431 923 489 S.
954 430 1208 490 HIERONYMI
1238 429 1505 488 PRESBYTERI

519 621 732 686 Adveniente
747 623 872 707 quippe
888 626 1039 690 Domino
1056 627 1240 704 Salvatore‚
1256 647 1374 690 omnes
1390 627 1489 690 uobis
1504 629 1701 711 iniquitates
1727 629 1759 690 in
1783 629 1862 710 bap-

517 729 618 790 tismo
633 727 768 808 penitus
783 731 1007 795 remittuntur.
1024 731 1172 814 Quando
1189 731 1279 794 enim
1296 732 1368 793 sine
1384 732 1459 812 lege
1474 731 1680 808 vivebamus,
1702 733 1772 794 sine
1794 730 1865 812 lege

516 835 748 914 peccabamus,
766 835 879 923 inpia
901 856 1020 918 graece
1035 838 1166 912 dicitur,
1183 838 1247 901 hoc
1264 848 1314 899 est
1330 836 1403 898 sine
1419 837 1502 918 lege,
1519 846 1695 916 peccatum
1711 857 1718 912 ;
1734 835 1866 917 quando

516 953 629 1006 autern
661 945 828 1026 baptisma
857 949 1057 1026 accepimus,
1083 967 1296 1030 nequaquam
1323 945 1446 1010 dicitur
1468 945 1667 1032 &unguinsed
1696 955 1865 1025 peccatum

516 1053 637 1115 dicitur
654 1063 837 1133 peccatum.
863 1055 1042 1118 Peccatum
1071 1055 1161 1118 enirn
1190 1074 1256 1118 non
1285 1054 1481 1136 imputatur,
1506 1055 1569 1116 nisi
1593 1056 1623 1117 ei
1646 1055 1703 1135 qui
1720 1054 1781 1116 scit
1796 1072 1896 1123 esses

516 1168 710 1240 peccatum:
730 1157 784 1220 ubi
803 1159 953 1220 mandati
971 1160 1200 1241 transgressio,
1226 1159 1271 1220 ibi
1299 1177 1412 1220 verum
1441 1165 1626 1239 peccatum.
1649 1157 1762 1221 Vultis
1785 1157 1866 1218 scire

513 1262 687 1345 quomodo
713 1263 906 1343 operiantur
930 1273 1068 1342 peccata
1095 1263 1299 1325 virtutibus?
1324 1261 1406 1324 Heri
1431 1263 1623 1325 luxuriosus
1646 1281 1747 1334 eram,
1769 1261 1865 1322 hodie

516 1368 677 1448 pudicus:
695 1366 856 1447 pudicitia
873 1369 981 1447 operit
999 1369 1176 1433 luxuriam.
1192 1369 1275 1431 Heri
1294 1369 1476 1448 inprudens
1488 1389 1590 1442 eram,
1602 1367 1702 1430 hodie
1713 1367 1864 1450 prudens,

514 1471 673 1553 paeniteo
688 1490 832 1533 errorem
848 1496 854 1534 :
872 1473 1048 1552 prudentia
1065 1474 1173 1555 operit
1191 1474 1450 1554 inprudentiam.
1471 1471 1552 1534 Heri
1565 1471 1674 1533 aliena
1688 1469 1864 1550 rapiebam,

514 1574 614 1637 hodie
632 1594 706 1636 mea
725 1575 890 1638 distribuo
905 1599 911 1637 :
928 1576 1109 1640 elemosina
1126 1578 1234 1659 operit
1250 1577 1434 1639 avaritiam.
1448 1575 1574 1638 Beatus
1595 1575 1648 1638 cui
1673 1573 1862 1654 iniquitates
1883 1593 1908 1628 ιο

513 1678 546 1740 in
572 1679 777 1760 baptismate
804 1679 1038 1742 remittuntur:
1073 1682 1257 1743 secundum
1294 1691 1406 1742 autern
1434 1688 1487 1742 est
1513 1679 1611 1759 quasi
1639 1677 1753 1740 tabula
1789 1686 1863 1756 post

514 1781 724 1863 naufragium
754 1784 966 1864 paenitentia.
998 1783 1088 1864 Ergo
1121 1793 1155 1846 et
1191 1783 1245 1846 ille
1281 1784 1399 1846 beatus
1426 1782 1491 1845 dici
1520 1791 1650 1862 potest:
1685 1780 1762 1842 licet
1789 1797 1860 1840 curn

513 1887 660 1968 periculo
687 1887 853 1964 liberetur,
869 1888 925 1950 sed
944 1889 1022 1968 quia
1047 1888 1207 1951 liberatur
1233 1888 1265 1950 in
1294 1887 1510 1969 paenitentia,
1534 1887 1653 1948 beatus
1677 1892 1728 1944 est
1752 1879 1862 1963 appel-

513 1990 643 2054 landus.

555 2092 729 2176 Mitigosti
742 2114 867 2158 ornnem
884 2095 970 2157 iram
986 2105 1089 2172 tuom,
1102 2095 1256 2158 avertisti
1268 2095 1309 2156 ab
1325 2094 1378 2158 ira
1395 2091 1636 2175 indignationis
1645 2103 1730 2155 tuae.
1742 2091 1861 2153 Videte
1882 2111 1904 2162 15

512 2200 592 2281 quid
610 2199 720 2262 valeat
738 2199 965 2278 paenitentia:
988 2199 1219 2262 imminentem
1244 2201 1326 2261 iram
1352 2198 1507 2279 prohibet
1534 2197 1607 2259 Dei.
1632 2193 1785 2260 Converte
1807 2214 1860 2255 nos

514 2301 762 2364 Deussalutum
778 2310 975 2365 nostrarum.
1003 2301 1079 2364 Non
1108 2303 1207 2377 dixit,
1233 2301 1349 2365 salutis
1377 2311 1529 2364 nostrae:
1552 2302 1633 2381 quia
1659 2301 1764 2362 multa
1786 2319 1857 2380 pec·

510 2406 672 2480 cavimus,
696 2405 810 2466 multis
834 2405 999 2468 salutibus
1024 2405 1224 2488 indigemus.
1256 2403 1434 2486 Numquid
1455 2405 1489 2466 in
1514 2415 1681 2468 oeternum
1715 2403 1860 2466 irascen's

511 2508 634 2573 nobis?
656 2517 716 2571 aut
735 2508 880 2570 extendes
902 2508 989 2572 iram
1014 2519 1105 2573 tuom
1127 2532 1148 2573 a
1162 2510 1371 2591 generatione
1393 2511 1428 2573 in
1445 2510 1720 2592 generationem?
1738 2511 1789 2572 Ira
1805 2520 1858 2571 tua

512 2611 652 2694 proiecit
670 2613 703 2675 in
721 2611 885 2676 salutem:
911 2623 1087 2695 propterea
1105 2615 1205 2695 priori
1223 2614 1350 2694 populo
1374 2614 1477 2677 iratus
1500 2635 1545 2691 es,
1569 2625 1604 2677 ut
1629 2625 1745 2677 nostro
1768 2613 1858 2675 mise·
1874 2632 1900 2667 20

512 2717 621 2779 rearis.
645 2715 675 2778 T
672 2738 692 2778 u
708 2737 879 2780 conversus
895 2717 1077 2800 vivificabis
1093 2739 1157 2794 nos,
1172 2728 1204 2780 et
1211 2716 1303 2799 plebs
1325 2726 1384 2779 tua
1405 2717 1584 2781 laetabitur
1605 2717 1640 2778 in
1663 2727 1699 2780 te.
1727 2713 1860 2782 Ostende

512 2821 601 2884 nobis
625 2821 765 2882 Domine
788 2821 1046 2885 misericordiam
1068 2833 1170 2896 tuam,
1185 2832 1216 2885 et
1229 2822 1377 2886 salutare
1391 2833 1485 2884 tuum
1512 2822 1557 2886 do
1580 2821 1677 2884 nobis.
1703 2821 1804 2904 Quod
1828 2823 1858 2882 in

546 2985 554 3020 ι
569 2970 649 3031 nobis]
672 2970 743 3030 Lll3
766 2986 810 3020 nos
832 2971 887 3021 OV.
990 2987 1031 3035 3.4
1054 2969 1160 3036 iuopia]
1182 2975 1241 3032 LM,
1258 2974 1279 3023 L
1294 2989 1302 3024 ι
1317 2975 1374 3024 loco
1386 2975 1444 3024 add.
1458 2976 1566 3039 quippe3
1580 2974 1793 3024 nuouncodd.
1805 2972 1857 3023 OV.

509 3053 682 3116 4accepiruur]
691 3055 766 3117 accip.
780 3054 840 3102 LM.
926 3067 940 3118 5
953 3057 1106 3118 imputatur]
1119 3059 1293 3121 imputabatur
1302 3057 1332 3106 L.
1416 3069 1429 3119 7
1439 3059 1590 3121 operiantur
1595 3056 1706 3122 peccata]
1716 3057 1743 3106 M
1754 3061 1859 3119 mercata

508 3134 983 3199 operr'unturL;operiaturpercotum
1004 3137 1061 3187 OV.
1162 3137 1271 3198 Seram,
1292 3139 1363 3187 bodie
1377 3139 1501 3202 prudens]
1520 3155 1571 3188 om.
1592 3139 1621 3187 L.
1723 3139 1860 3202 9paenitro

508 3216 629 3277 errorem]
643 3217 663 3266 L
675 3234 681 3274 ;
691 3219 775 3280 ponito
785 3233 893 3268 errorem
906 3220 942 3278 M,
957 3229 1046 3284 postea
1057 3237 1120 3270 corr.
1130 3223 1213 3284 perito
1224 3239 1322 3282 errore;
1342 3223 1456 3286 paenitet
1470 3225 1563 3271 erroris
1578 3223 1634 3273 OV.
1739 3235 1769 3272 to
1777 3223 1858 3270 distri·

509 3298 566 3360 buo]
577 3299 652 3346 destr.
668 3298 697 3346 V.
801 3311 826 3348 ιι
841 3302 1035 3363 retundendus
1048 3303 1077 3362 L,
1091 3319 1145 3366 sup.
1161 3303 1205 3353 lin.
1219 3321 1283 3354 corr.
1297 3304 1403 3354 secunda
1414 3323 1421 3354 ι
1433 3304 1465 3354 cs.
1481 3305 1535 3353 111²
1547 3317 1603 3369 223,
1624 3318 1639 3353 2
1657 3305 1775 3369 ‘Aliquis
1785 3305 1856 3360 dicat,

511 3380 847 3430 Ethnciacercsccundum
871 3385 928 3432 est?
948 3385 1005 3448 Ego
1022 3385 1088 3446 dico,
1110 3387 1402 3446 secundum’;secunda
1421 3387 1482 3437 item
1498 3386 1584 3437 MOV.
1687 3399 1716 3449 13
1736 3383 1858 3443 liberetur]

509 3463 649 3512 liberentur
663 3463 691 3514 V.
794 3477 822 3526 17
834 3467 946 3514 salutum
959 3467 1114 3528 nostrarum]
1135 3469 1233 3532 scripsi,
1255 3481 1281 3518 ut
1293 3469 1319 3519 in
1339 3468 1416 3534 priori
1437 3477 1545 3518 tractatu
1565 3469 1599 3517 de
1617 3468 1666 3518 hoc
1685 3469 1791 3532 psalma
1811 3467 1858 3515 ill:

510 3563 534 3612 p.
549 3559 590 3610 93,
603 3557 634 3610 25
646 3565 654 3607 ς
665 3549 771 3596 salutern
783 3555 927 3596 nostrarum
942 3549 971 3607 L,
985 3565 1048 3599 corr.
1071 3566 1101 3598 ex
1120 3567 1139 3600 s.
1153 3559 1279 3612 nostram
1298 3552 1454 3600 salutarium
1475 3559 1621 3600 nostrarum
1644 3551 1670 3599 M
1683 3568 1690 3610 ;
1708 3551 1857 3599 salutarium

509 3639 651 3680 nostrorum
675 3629 731 3680 OV.
839 3628 867 3678 18
886 3631 1020 3692 salutibus]
1040 3632 1107 3692 OV;
1127 3633 1219 3682 solutis
1239 3635 1269 3694 L,
1291 3636 1318 3683 M
1339 3650 1404 3684 corr.
1425 3635 1589 3683 salutaribus.
1693 3645 1723 3695 19
1741 3631 1858 3692 extendet}

508 3712 620 3762 extendis
640 3712 696 3762 OV.
797 3724 829 3760 20
846 3712 948 3774 profecit
967 3713 1007 3774 in]
1029 3714 1067 3772 1.;
1084 3714 1184 3778 proficit
1201 3716 1236 3762 ad
1254 3715 1340 3765 MOV.
1449 3717 1534 3764 iratus
1552 3715 1587 3776 es]
1607 3715 1646 3774 L;
1663 3731 1688 3763 es
1705 3731 1756 3764 om.
1778 3713 1857 3772 ceteri]

509 3796 704 3857 nostr01mutet.
720 3795 745 3844 in
758 3798 839 3845 nostri
851 3795 887 3844 M.

552 3932 578 3991 5.
604 3915 712 3973 dicitur
728 3908 886 3989 peccatum]
910 3911 994 3970 Hier.
1011 3912 1039 3970 in
1064 3913 1114 3972 Os.
1132 3917 1159 3981 8,
1212 3915 1354 3991 scriptum
1370 3915 1858 3991 estBeatiquorumremissaesunt

513 4016 548 4072 13
559 4015 600 4072 sq.
618 4005 624 4028 ‘
639 3997 721 4054 Inter
733 3996 851 4064 inopiis,
864 3995 893 4051 ld
905 4006 949 4052 est
960 3993 1159 4070 iniquitatem,
1211 3998 1385 4072 iniquitates,
1401 4005 1429 4054 et
1440 4015 1563 4071 quorum
1572 4005 1643 4055 tecta
1653 3996 1853 4074 suntpeccata'.

510 4093 538 4138 et
556 4089 711 4154 peccatum
728 4075 785 4134 hoc
801 4077 932 4144 interest,
950 4076 1033 4152 quod
1055 4075 1161 4151 iniqui·
1255 4097 1278 4152 7.
1311 4079 1448 4154 quomodo
1476 4079 1649 4154 operientur
1662 4087 1778 4154 peccota
1805 4079 1854 4135 oe'r-

510 4174 554 4220 tas
576 4174 646 4219 ante
667 4161 772 4235 legem,
796 4169 952 4232 peccatum
976 4169 1042 4232 post
1064 4158 1158 4232 legem
1212 4156 1332 4238 tutibus]
1363 4160 1408 4220 Ci.
1440 4160 1568 4234 priorem
1599 4158 1637 4219 de
1668 4160 1726 4220 hoc
1749 4160 1854 4237 psalmo

509 4255 591 4302 est...
609 4241 782 4301 Secundum
804 4250 905 4298 autem
928 4257 1082 4314 anagogen
1108 4237 1160 4296 ini·
1213 4253 1371 4300 tractatum
1388 4241 1453 4299 1112
1469 4261 1495 4314 p.
1514 4261 1561 4316 93,
1584 4259 1626 4316 ¹9·

511 4324 649 4401 quitates,
667 4323 696 4382 id
713 4334 756 4382 est
773 4324 877 4392 ἀνομίαι
891 4331 921 4379 et
942 4321 1039 4376 ἀδικίαι
1055 4338 1160 4379 vocan-
1256 4323 1493 4398 rr.quau'tobula
1502 4318 1774 4402 posinousragimu]
1784 4323 1853 4396 Lege

510 4419 568 4478 tur,
577 4424 651 4480 quas
662 4415 732 4464 ante
747 4403 928 4476 baptismum
944 4401 1158 4474 commisimus,
1211 4402 1250 4462 sis
1265 4417 1326 4463 not.
1339 4404 1377 4463 ad
1389 4417 1473 4462 tract.
1487 4406 1526 4463 de
1537 4424 1578 4481 ps.
1591 4421 1639 4480 95,
1650 4405 1716 4463 111²
1731 4424 1742 4462 ι
1748 4423 1793 4479 34,
1813 4421 1849 4460 ro.

510 4498 540 4547 et
555 4505 632 4562 quae
647 4486 732 4546 nobis
744 4483 774 4544 in
786 4483 963 4560 baptismate
978 4496 1046 4542 sunt
1061 4481 1161 4543 dimis-
1211 4486 1256 4547 Ci.
1281 4485 1371 4546 etiam
1389 4485 1515 4544 Hieron.
1531 4505 1576 4562 ep.
1595 4489 1642 4558 84,
1658 4487 1676 4544 6
1700 4483 1851 4544 ‘Secunda

510 4587 581 4630 sne:
597 4579 718 4644 peccata
731 4577 842 4637 autem,
864 4584 941 4641 quae
963 4576 1030 4642 post
1052 4564 1159 4640 baptis·
1211 4579 1278 4642 post
1294 4567 1477 4644 naufragium
1493 4567 1593 4626 tabula
1607 4579 1690 4626 est...
1704 4569 1711 4594 '

510 4669 593 4710 mum
611 4648 736 4727 egimus,
750 4649 789 4708 de
810 4647 919 4724 quibus
940 4659 968 4705 et
990 4646 1020 4706 in
1045 4649 1159 4722 psalmo
