4160 5500
622 425 668 484 IN
692 425 766 485 DIE
789 423 1009 488 DOMINICA
1032 425 1234 487 PASCHAE.
1523 429 1605 514 415

253 643 390 708 Domini
406 645 421 707 '.
439 643 484 707 Et
501 642 619 706 iterum
635 665 641 706 :
669 647 676 674 ‘
694 643 793 707 Viam
817 644 966 708 veritatis
981 643 1066 726 elegi
1084 644 1090 670 ’
1117 653 1150 708 et
1175 649 1182 675 ‘
1210 645 1307 710 Viam
1336 645 1605 712 iustificationum

251 757 382 812 tuarum
399 747 483 811 doce
501 767 553 810 me
569 745 585 812 ’.
613 746 664 810 Illi
682 748 724 812 de
739 748 843 831 spinis
861 748 1045 813 Dominum
1062 757 1322 813 coronaverunt:
1349 755 1553 828 nos'autem,
1565 750 1604 814 ‘si

252 851 410 916 fuerimus
426 850 556 934 lapides
573 852 883 934 pretiosi,'nostrum
908 853 1092 916 Dominum
1109 852 1351 917 coronabimus.
1368 853 1479 936 Caput
1501 851 1605 936 impe-

251 965 397 1020 ratorum
415 956 508 1019 istius
525 955 646 1019 saeculi
664 967 761 1020 ornat
787 956 962 1020 diadema:
987 976 1048 1021 nos
1064 957 1139 1020 ideo
1155 955 1187 1020 in
1210 956 1318 1038 capite
1335 957 1438 1020 nostri
1455 958 1541 1040 regis
1559 958 1604 1022 in-

217 1060 414 1144 sponimur,
431 1069 466 1125 ut
482 1081 638 1124 ornemur
653 1083 673 1124 a
699 1061 816 1143 capite.
845 1061 898 1124 Illi
921 1079 987 1124 non
1013 1069 1229 1142 susceperunt
1253 1059 1422 1142 Xpistum,
1446 1069 1480 1124 et
1495 1081 1605 1126 susce·

249 1165 337 1247 pturi
354 1173 431 1227 sunt
442 1163 700 1246 Antixpistum:
718 1184 778 1228 nos
791 1164 975 1246 recepimus
985 1163 1145 1227 humilem
1159 1163 1278 1227 Filium
1293 1164 1365 1240 Dei,
1376 1173 1411 1227 ut
1422 1163 1604 1230 habeamus

250 1278 366 1350 postea
382 1267 655 1350 triumphantem.
673 1267 728 1332 Ad
745 1279 935 1333 extremum
953 1279 1065 1332 noster
1080 1268 1190 1330 hircus
1203 1276 1280 1331 ante
1298 1267 1436 1331 Domini
1453 1268 1604 1332 immola-

249 1383 303 1437 tur
318 1372 442 1436 altare:
458 1372 589 1436 illorum
606 1373 715 1437 hircus
734 1373 952 1455 Antixpistus
976 1382 1159 1455 consputus
1178 1381 1211 1434 et
1229 1369 1424 1434 maledictus
1447 1371 1606 1454 proicitur

250 1476 282 1537 in
299 1473 522 1539 solitudinem.
542 1475 663 1540 Noster
679 1478 765 1541 latro
780 1498 856 1541 cum
875 1477 1024 1542 Domino
1041 1477 1226 1559 ingreditur
1241 1475 1432 1558 paradisum
1448 1495 1455 1540 :
1472 1476 1603 1542 illorum

200 1604 234 1641 10
249 1577 334 1640 latro
350 1576 518 1642 homicida
533 1589 634 1662 atque
651 1580 866 1663 blasphemus
884 1581 1022 1644 moritur
1042 1579 1073 1643 in
1095 1589 1233 1662 peccato
1254 1599 1324 1644 suo.
1348 1579 1417 1643 Illis
1435 1579 1605 1645 Barabbas

249 1682 447 1750 dimittitur:
465 1683 560 1748 nobis
577 1685 719 1767 Xpistus
731 1686 902 1750 occiditur.

295 1789 359 1851 Pro
374 1789 494 1872 quibus
512 1790 671 1853 universis
697 1811 846 1854 consona
871 1791 994 1873 pariter
1011 1809 1092 1852 voce
1107 1798 1283 1852 cantemus
1299 1813 1306 1852 :
1322 1793 1329 1820 ⁸
1348 1789 1444 1852 Haec
1459 1798 1510 1853 est
1533 1792 1606 1855 dies

248 1911 349 1975 quam
368 1893 444 1956 iecit
461 1893 648 1958 Dominus:
665 1895 872 1959 exsultemus
885 1905 918 1957 et
935 1893 1096 1958 laetemur
1113 1893 1144 1956 in
1162 1913 1201 1956 ea
1213 1891 1228 1956 '.
1247 1891 1392 1974 Ignltam
1411 1893 1501 1959 illam
1519 1917 1604 1961 rom·

248 1997 390 2078 phaeam
403 2006 437 2061 et
453 1995 597 2080 paradisi
615 2000 760 2077 ianuam,
776 2019 876 2081 quam
895 1997 1003 2062 nullus
1025 1999 1135 2081 potuit
1151 1995 1334 2078 effringere,
1350 1997 1450 2062 hodie
1463 1999 1604 2083 Xpistus

198 2124 231 2178 15
249 2120 324 2164 cum
352 2101 480 2166 latrone
506 2104 682 2168 reseravit:
709 2103 809 2167 hodie
835 2102 976 2185 Xpistus
1003 2103 1091 2166 dixit
1118 2101 1161 2164 ad
1187 2099 1324 2182 angelos
1343 2103 1350 2132 ‘
1368 2100 1506 2183 Aperite
1524 2103 1604 2167 mihi

249 2215 362 2288 portas
381 2205 534 2284 iustitiae,
563 2208 729 2290 ingressus
755 2208 788 2270 in
812 2227 867 2270 eas
891 2203 1075 2269 confitebor
1092 2203 1258 2267 Domino'
1277 2225 1382 2288 :quae
1408 2225 1484 2270 cum
1501 2208 1604 2271 semel

248 2319 361 2390 aperta
377 2321 437 2388 est,
454 2331 637 2394 numquam
664 2311 876 2375 credentibus
898 2309 1071 2372 clauditur.
1098 2307 1153 2370 Ex
1179 2328 1219 2371 eo
1235 2317 1386 2390 tempore
1403 2328 1470 2392 quo
1486 2329 1604 2392 passus

248 2423 297 2475 est
313 2414 478 2478 Dominus
491 2436 595 2499 usque
611 2417 653 2480 ad
667 2425 874 2498 praesentem
892 2415 990 2492 diem,
1003 2433 1134 2493 semper
1145 2411 1227 2475 haec
1239 2423 1334 2495 porta
1350 2412 1462 2477 clausa
1474 2424 1506 2477 et
1520 2435 1605 2478 rese-

248 2526 320 2580 rata
335 2527 399 2582 est:
415 2518 528 2582 clausa
541 2531 590 2584 est
608 2520 840 2602 peccatoribus
867 2527 899 2581 et
925 2515 1111 2592 incredulis,
1133 2525 1278 2579 reserata
1294 2525 1345 2579 est
1374 2514 1469 2578 iustis
1486 2525 1518 2581 et
1535 2536 1603 2579 cre·

194 2649 230 2686 ιο
246 2620 411 2687 dentibus.
429 2624 490 2686 Per
505 2623 591 2687 hanc
603 2624 769 2706 ingressus
784 2634 835 2688 est
853 2625 978 2700 Petrus,
989 2641 1047 2703 per
1062 2620 1148 2683 hanc
1159 2621 1327 2702 ingressus
1340 2628 1391 2682 est
1404 2619 1535 2697 Paulus,
1545 2640 1603 2701 per

247 2725 333 2790 hanc
344 2747 461 2792 omnes
473 2731 578 2793 sancti
590 2739 623 2794 et
634 2742 797 2814 martyres
807 2731 1022 2806 intraverunt,
1032 2749 1090 2811 per
1102 2728 1188 2790 hanc
1200 2725 1323 2791 cotidie
1338 2727 1381 2790 de
1391 2735 1464 2791 toto
1477 2725 1603 2789 mundo

249 2830 409 2894 iustorum
426 2833 558 2896 animae
574 2833 811 2916 ingrediuntur.
827 2835 923 2897 Duae
936 2843 1052 2916 portae
1073 2841 1151 2895 sunt
1165 2855 1173 2895 ι
1189 2841 1285 2913 porta
1303 2830 1446 2913 paradisi
1459 2840 1493 2894 et
1506 2840 1603 2914 porta

249 2935 414 3000 ecclesiae.
444 2938 505 3000 Per
524 2949 655 3020 portam
682 2937 841 3001 ecclesiae
858 2938 1021 2999 intramus
1047 2947 1176 3018 portam
1194 2933 1347 3015 paradisi.
1366 2933 1419 2996 lta
1442 2931 1603 2997 debemus

248 3039 365 3119 vivere,
382 3061 423 3103 ne
433 3041 591 3106 eiciamur
606 3044 648 3106 de
663 3043 766 3104 domo
782 3040 846 3116 illa,
862 3050 895 3104 et
911 3039 1006 3102 eiecti
1025 3038 1111 3103 toras
1127 3060 1147 3102 a
1163 3039 1276 3102 bestiis
1289 3040 1495 3116 devoremur,
1519 3060 1602 3123 quas

194 3167 227 3222 ²5
248 3143 279 3206 in
294 3143 359 3209 alio
375 3145 448 3209 loco
465 3147 626 3229 propheta
641 3147 822 3212 formidans
842 3149 907 3212 ait:
924 3151 930 3179 ‘
949 3149 1001 3212 Ne
1017 3147 1130 3211 tradas
1145 3147 1260 3211 bestiis
1277 3147 1424 3211 animam
1441 3145 1603 3212 confiten-

247 3258 314 3312 tem
331 3250 391 3313 tibi
407 3251 424 3314 ¹.
438 3250 525 3314 Ecce
546 3272 634 3315 nunc
652 3253 817 3316 Dominus
834 3263 925 3316 stans
943 3253 975 3316 in
997 3251 1143 3334 paradisi
1172 3252 1271 3315 ianua
1300 3251 1448 3334 loquitur
1464 3252 1506 3315 ad
1533 3272 1604 3329 nos,

246 3352 302 3434 qui
319 3372 433 3417 sumus
449 3355 481 3416 in
498 3356 600 3419 domo
616 3355 718 3436 ipsius
735 3357 938 3438 congregati,
958 3366 991 3420 et
1011 3355 1115 3419 dicit:
1133 3355 1228 3420 Haec
1253 3365 1304 3419 est
1329 3365 1425 3438 porta
1451 3355 1605 3432 Domini,

280 3513 365 3570 yonis
375 3507 484 3554 Dnrrrini
493 3508 586 3558 immol.
600 3509 692 3572 rillarc]
710 3517 770 3559 aute
789 3511 927 3559 Dominum
948 3511 1098 3558 inmolatur
1118 3511 1147 3557 in
1165 3511 1245 3559 altari
1257 3513 1322 3574 Aug.
1429 3523 1456 3558 12
1469 3509 1605 3570 arriversis]

248 3589 320 3638 editt.
333 3599 357 3636 et
369 3588 443 3636 codd.
457 3588 531 3638 inser.
539 3589 637 3651 fratres
655 3593 790 3640 carissimi.
895 3601 922 3654 15
936 3589 1014 3649 linlr'r]
1035 3593 1087 3639 idco
1101 3591 1121 3638 V
1134 3611 1140 3650 ;
1162 3593 1214 3640 idco
1231 3591 1301 3639 tune
1313 3591 1385 3641 editt.
1488 3592 1605 3654 Xpistus]

251 3673 421 3736 Snonrepet.
506 3685 534 3720 2!
549 3669 902 3736 saru'lr'ctmarlyrcsiVom.
916 3681 946 3722 cl.
1041 3687 1071 3736 23
1084 3674 1226 3734 intramus]
1241 3675 1256 3721 S
1271 3674 1344 3721 inser.
1360 3674 1397 3720 in.
1485 3673 1605 3734 usuras]

243 3755 312 3819 siris
323 3757 349 3806 S.
451 3765 481 3818 25
493 3756 590 3816 tracias]
604 3756 624 3803 V
636 3755 710 3804 inser.
726 3757 841 3805 Dourim.
942 3755 1056 3804 animam
1070 3756 1231 3819 confitentem]
1251 3761 1316 3818 Aug.
1332 3755 1348 3803 S
1367 3751 1467 3820 (ψυχὴν
1481 3748 1606 3817 ἐξομολο-

251 3831 382 3906 γουμένην
395 3837 494 3896 Lxx),
512 3839 614 3886 arciacas
631 3838 802 3902 confitentium
816 3839 887 3888 Hier.
1012 3838 1044 3886 26
1064 3838 1143 3899 nunc]
1163 3854 1213 3888 om.
1231 3838 1260 3887 V.
1373 3847 1402 3897 27
1421 3839 1561 3900 cougregati
1576 3866 1605 3874 -

247 3920 369 3983 peream]
380 3919 446 3983 Aug.
461 3919 478 3968 S
490 3935 497 3976 ;
510 3919 605 3982 reliqua
617 3934 667 3967 om.
683 3921 749 3981 Aug.

296 4057 318 4095 1.
338 4032 472 4114 Domini]
492 4039 535 4094 Ps.
554 4041 617 4108 118,
636 4057 657 4095 1.
1001 4059 1042 4095 12.
1058 4039 1118 4094 Pro
1132 4038 1234 4112 qartus
1246 4031 1399 4115 mu'zursr's]
1416 4033 1542 4096 Hieron.
1559 4055 1606 4095 su·

334 4115 503 4197 elegi]lb1d.
521 4138 567 4194 30.
955 4139 1006 4194 pra
1018 4139 1044 4195 p.
1061 4139 1130 4192 412,
1143 4121 1160 4176 1.
1181 4139 1216 4176 10
1235 4121 1241 4146 ‘
1260 4120 1316 4174 Pro
1330 4115 1441 4192 quibus
1463 4115 1605 4178 universis

293 4219 318 4259 2.
333 4196 460 4279 docente]
477 4199 554 4258 lbid.
569 4219 614 4276 ²7·
952 4219 1022 4259 cum
1038 4199 1094 4259 illis
1108 4201 1248 4259 diabolus
1258 4200 1264 4224 ’
1275 4211 1329 4257 etc.

291 4298 318 4358 5.
332 4283 492 4357 suscepturi
501 4290 572 4340 sunt
590 4278 807 4362 Anlr'xpr'stum]
827 4279 898 4342 Hie·
996 4302 1039 4358 13.
1055 4282 1187 4358 Lg’nr‘lam
1202 4283 1285 4341 illam
1297 4275 1492 4358 romphaeam]
1509 4279 1545 4338 cl.
1557 4297 1606 4338 su-

250 4382 312 4422 ron.
325 4362 355 4422 in
371 4363 409 4423 Is.
426 4383 470 4439 23,
488 4366 522 4420 18
540 4363 759 4424 ‘Iudaeicassa
776 4365 804 4422 in
820 4365 897 4422 iutu-
951 4382 1002 4439 pra
1017 4367 1084 4439 3111,
1110 4383 1145 4420 22
1170 4363 1364 4438 ‘anphaeu
1393 4359 1443 4417 illa
1469 4360 1606 4419 flammea

250 4464 315 4503 rum
331 4459 399 4503 vota
413 4445 591 4504 differunt...
606 4446 672 4505 Nec
687 4446 794 4504 mirum
810 4447 833 4503 si
844 4447 900 4504 ista
951 4461 980 4504 et
995 4446 1106 4519 vertigo
1117 4445 1331 4501 illaclandehat
1349 4441 1539 4518 paradisum'.

251 4527 431 4602 contingant,
456 4525 508 4602 qui
532 4539 630 4603 spreta
653 4527 775 4587 veritate
790 4525 900 4588 Christi
996 4530 1039 4584 16.
1058 4522 1198 4605 Durm'nu]
1214 4529 1259 4584 Ps.
1278 4542 1404 4598 117,19.

251 4627 395 4716 orgapum
404 4606 517 4667 diaboli
527 4607 743 4667 Antichristum
755 4609 900 4684 recepturi
994 4611 1038 4666 26.
1056 4609 1112 4666 tibi
1120 4604 1133 4688 ]
1145 4609 1189 4665 Ps.
1208 4625 1254 4682 73,
1276 4625 1321 4681 ¹9·

251 4700 345 4749 sunt.
