4202 5492
641 395 896 458 ranchinus
919 397 977 456 nn
1001 399 1168 462 Psuuno
1191 403 1311 462 cxxx.
1595 401 1648 485 73

298 611 399 674 Deus.
415 610 572 693 Rogavit,
587 619 621 675 et
637 631 703 674 non
720 622 771 677 est
784 615 918 678 auditus
933 638 939 678 :
956 615 1050 697 quasi
1078 618 1181 682 iratus
1197 619 1337 685 dimittit
1354 617 1457 682 filium
1474 617 1646 682 lascivien-

296 725 372 780 tem.
397 715 521 779 lterum
538 714 629 779 videt
644 717 760 798 perire,
775 729 808 781 et
824 719 916 782 dolet
932 721 1010 801 quia
1026 732 1148 803 pereat.
1167 723 1211 785 Et
1232 724 1311 804 quid
1336 721 1443 785 dicit?
1461 719 1505 784 Si
1511 721 1649 802 populus

296 839 383 882 rueres
402 818 548 882 audisset
572 839 630 897 inc,
656 819 786 884 lsralrcl
797 820 830 884 si
843 821 878 883 iu
893 821 958 884 viis
985 825 1064 887 circis
1087 825 1291 904 ambulasset,
1312 837 1373 907 pro
1389 823 1491 888 rrthc'lc
1498 824 1648 903 forsitan

296 923 442 987 inimicos
463 944 573 986 earnm
599 923 831 988 lcurniliassem.
850 927 1022 1010 Numquid
1049 929 1175 1010 grande
1203 931 1282 993 mihi
1308 939 1379 992 erat
1404 927 1541 990 liberare
1558 927 1649 990 tede

265 1055 277 1108 5
296 1026 535 1092 tribulatione?
552 1029 713 1112 numquid
725 1049 792 1093 non
809 1041 959 1112 poteram
977 1032 1186 1096 maiestatem
1205 1055 1313 1098 meam
1331 1035 1470 1108 mittere,
1486 1042 1519 1095 et
1536 1051 1649 1094 eruere

297 1131 392 1196 tede
420 1129 592 1213 periculo?
610 1131 676 1197 Sed
703 1133 863 1216 quoniam
890 1134 1000 1197 dimisi
1026 1145 1059 1198 te
1084 1135 1187 1198 libero
1203 1137 1348 1215 arbitrio,
1365 1145 1398 1200 et
1414 1135 1561 1199 stadium
1588 1134 1648 1198 tibi

296 1235 463 1318 proposui,
486 1245 519 1298 et
547 1254 613 1298 non
641 1255 764 1300 corono
789 1236 851 1300 nisi
879 1237 936 1320 qui
964 1241 1169 1322 pugnaverit,
1186 1250 1361 1323 propterea
1392 1238 1564 1304 victoriam
1589 1247 1648 1303 tuo

297 1337 432 1402 arbitrio
443 1337 647 1422 derelinquo.
744 1351 746 1356 ’

337 1441 473 1507 Inimici
485 1443 624 1510 Domini
638 1447 769 1512 mentiti
782 1456 859 1511 srmt
873 1446 910 1511 ci.
930 1447 967 1510 ln
992 1447 1148 1514 hebraico
1166 1447 1282 1514 melius
1298 1447 1400 1511 habet
1415 1451 1422 1478 ‘
1440 1444 1563 1510 inimici
1582 1444 1648 1508 Do-

249 1581 278 1620 10
296 1548 375 1611 mini
398 1546 570 1628 negabunt
589 1570 665 1616 cum
680 1551 685 1576 '
702 1551 765 1614 hoc
794 1562 853 1627 est,
872 1551 987 1614 ludaei
1013 1551 1136 1614 inimici
1154 1550 1256 1635 ipsius
1274 1551 1445 1634 negabunt
1471 1566 1556 1613 eum.
1582 1547 1648 1613 Sed

295 1651 346 1716 isti
360 1649 485 1714 inimici
497 1652 554 1734 qui
569 1655 720 1737 negaturi
730 1663 808 1718 sunt
821 1673 906 1731 eum,
917 1675 997 1737 ergo
1010 1656 1161 1738 perient?
1178 1676 1257 1739 ergo
1274 1655 1431 1738 reliquiae
1448 1654 1649 1718 nonerunt?

297 1759 339 1821 Et
354 1758 527 1840 quomodo
552 1759 666 1824 iurasti
694 1759 860 1836 Abrahae,
887 1760 990 1836 isaac,
1005 1770 1039 1822 et
1057 1759 1168 1836 Iacob,
1182 1759 1344 1841 quoniam
1370 1779 1483 1822 semen
1501 1758 1647 1839 ipsorum

295 1861 336 1925 sit
353 1863 446 1944 quasi
463 1861 579 1926 stellae
594 1865 676 1928 caeli
699 1876 732 1929 et
748 1867 832 1928 sicut
849 1882 950 1928 arena
967 1865 1089 1926 maris?
1107 1864 1220 1948 Quare
1236 1864 1416 1948 promisisti
1433 1863 1592 1946 patribus,
1616 1872 1650 1925 et

295 1985 360 2028 non
379 1965 489 2029 reddis
506 1964 603 2029 filiis?
619 1968 755 2030 Inimici
775 1967 916 2030 Domini
930 1968 1091 2049 negabam
1110 1989 1192 2032 euru.
1210 1968 1276 2032 Sed
1295 1967 1374 2052 quid
1391 1969 1499 2032 dicit?
1516 1965 1562 2029 Et
1587 1967 1651 2028 erit

249 2106 258 2141 r
264 2104 277 2156 5
295 2079 417 2152 tempus
431 2091 541 2134 eorum
559 2071 593 2134 in
608 2069 797 2136 sacculum!
811 2071 896 2135 Cum
915 2071 1075 2135 introierit
1088 2071 1263 2155 plenitudo
1272 2073 1434 2154 gentium,
1447 2077 1529 2135 'tunc
1540 2070 1649 2132 omnis

297 2174 420 2237 Israhel
437 2173 548 2238 salvus
562 2175 617 2239 het
628 2176 643 2239 '.
657 2177 695 2239 ln
714 2175 824 2238 futuro
839 2175 985 2251 credent,
996 2175 1097 2238 modo
1114 2196 1179 2239 non
1191 2177 1411 2242 crediderunt.
1424 2177 1523 2240 Nunc
1537 2176 1646 2238 dicam

295 2278 335 2340 ad
357 2278 507 2343 ludaeos.
525 2278 644 2345 Solent
659 2279 748 2344 enim
764 2278 827 2341 sibi
844 2277 1047 2360 adplaudere
1057 2289 1090 2342 et
1101 2279 1210 2344 dicere
1225 2304 1233 2344 z
1249 2280 1295 2343 Et
1307 2282 1369 2343 erit
1385 2290 1519 2361 tempus
1532 2298 1647 2340 eorum

295 2385 328 2444 in
345 2393 526 2446 aeternum.
544 2384 617 2447 Nos
643 2383 817 2448 dicamus:
843 2381 968 2444 Verum
986 2393 1045 2460 est,
1061 2383 1216 2447 credituri
1233 2387 1322 2449 enim
1340 2393 1418 2448 sunt
1444 2384 1486 2446 de
1506 2381 1648 2448 ludaeis.

298 2486 450 2569 Denique
466 2485 608 2570 legimus
623 2496 656 2551 et
678 2488 713 2552 in
729 2486 937 2570 Apocalypsi
956 2487 1124 2565 Iohannis,
1140 2489 1317 2554 duodecim
1343 2488 1433 2552 milia
1449 2489 1491 2551 de
1507 2486 1647 2569 singulis

247 2619 280 2656 ιο
296 2587 456 2669 tribubus,
471 2590 536 2655 hoc
555 2600 614 2668 est,
634 2601 768 2656 centum
785 2590 1007 2673 quadraginta
1034 2601 1192 2673 quattuor
1209 2593 1300 2658 milia
1321 2593 1507 2658 creditura:
1524 2601 1557 2654 et
1584 2591 1647 2655 hoc

296 2693 416 2758 dicitur
431 2695 597 2778 virginum
613 2715 693 2759 esse.
712 2695 780 2760 Ubi
797 2704 909 2758 autem
927 2695 1089 2778 virginum
1107 2706 1221 2762 tantus
1237 2718 1395 2762 numerus
1411 2698 1481 2772 erit,
1498 2716 1563 2760 non
1586 2696 1649 2758 vir-

297 2799 412 2880 ginum
428 2808 574 2881 quantus
589 2800 676 2863 erit?
694 2799 786 2881 Ergo
801 2807 835 2862 et
851 2819 911 2861 nos
927 2799 1078 2862 dicamus
1092 2799 1244 2866 Iudaeis:
1263 2803 1335 2867 Erit
1351 2813 1483 2886 tempus
1500 2809 1645 2864 vestrum

298 2901 330 2964 in
347 2904 528 2980 aeternum,
544 2904 607 2967 hoc
623 2913 683 2982 est,
710 2905 744 2967 in
761 2903 871 2967 iuturo
894 2902 1036 2968 saeculo.
1054 2905 1121 2969 Sed
1139 2906 1181 2968 ad
1199 2915 1241 2983 te,
1262 2907 1318 2988 qui
1336 2905 1435 2971 hodie
1452 2925 1518 2968 non
1536 2906 1652 2979 credis,

297 3008 376 3090 quid
394 3009 563 3090 pertinet?
579 3009 627 3072 Et
640 3009 705 3071 crit
726 3019 850 3090 tenpus
863 3029 973 3071 corum
990 3008 1024 3070 in
1044 3011 1216 3076 sacculum.
1235 3011 1451 3074 inimicorum
1472 3010 1534 3072 Dei
1551 3008 1650 3092 quale

248 3141 279 3195 ²5
298 3122 357 3189 est,
372 3123 505 3196 tempus
522 3113 592 3178 erit.

341 3217 388 3281 Et
401 3218 523 3281 cibavit
535 3239 587 3281 cos
599 3219 638 3282 de
649 3220 743 3301 adipe
749 3219 926 3299 frumenti.
944 3219 1085 3282 induxit
1101 3239 1158 3282 eos
1176 3220 1207 3282 in
1225 3229 1345 3284 terram
1365 3219 1627 3303 repromissionis
1644 3243 1650 3280 ι

299 3323 420 3386 cibavit
437 3342 503 3385 non
522 3341 654 3400 manna,
670 3335 706 3388 ut
723 3326 755 3388 in
772 3325 913 3399 deserto,
929 3323 986 3386 sed
1001 3321 1168 3387 frumento
1189 3325 1279 3406 quod
1294 3324 1422 3402 cecidit,
1439 3322 1532 3406 quod
1546 3341 1651 3386 resur·

300 3429 395 3494 rexit.
408 3427 455 3491 Et
468 3425 590 3490 cn'bavit
601 3428 673 3491 illas
687 3450 725 3491 er
739 3429 834 3510 adipe
848 3428 1026 3508 frumenti.
1043 3427 1165 3492 Videte
1190 3429 1385 3512 mysterium
1402 3427 1650 3510 scripturarum.

300 3533 355 3598 Ex
375 3531 469 3613 adipe
485 3531 662 3612 frumenti.
691 3533 908 3597 Frumentum
937 3534 1052 3616 adipes
1079 3532 1204 3596 habet?
1237 3531 1398 3617 numquid
1431 3541 1463 3594 et
1495 3531 1653 3594 intestina

249 3669 282 3718 3⁰
300 3637 424 3702 habet?
442 3637 510 3702 Sed
530 3635 637 3700 voluit
661 3636 853 3720 largitatem
879 3649 913 3702 et
937 3637 1183 3722 pinguedinem
1203 3639 1331 3720 gratiae
1356 3635 1514 3719 spiritalis
1541 3643 1653 3697 osten-

301 3745 388 3820 dere,
403 3751 436 3805 et
452 3741 529 3805 ideo
544 3741 660 3824 adipes
677 3741 871 3807 nominavit.
888 3737 935 3806 Et
959 3743 997 3805 dc
1009 3753 1105 3824 petra
1124 3743 1214 3805 melle
1229 3740 1396 3805 saturavit
1410 3760 1467 3802 ecs.
1487 3739 1499 3802 l
1505 3759 1564 3820 pse
1588 3736 1653 3800 iru-

301 3856 452 3912 mentum
479 3846 640 3928 estzipse
666 3856 699 3910 et
726 3859 820 3929 petra
841 3855 900 3924 est,
915 3849 971 3929 qui
999 3848 1161 3931 populum
1190 3846 1314 3910 Israhel
1343 3843 1477 3908 satiavit
1505 3862 1593 3924 aqua
1620 3843 1652 3904 in

300 3953 441 4016 deserto.
467 3948 678 4033 Spiritaliter,
705 3950 803 4014 melle
831 3960 864 4013 et
892 3970 958 4014 nou
986 3971 1074 4034 aqua
1098 3951 1258 4015 saturavit
1284 3968 1359 4013 eum
1374 3972 1381 4011 :
1399 3958 1434 4011 ut
1454 3947 1654 4027 quicumque

300 4055 501 4122 crediderint
521 4063 564 4118 et·
579 4053 768 4137 acceperint
782 4052 903 4130 cibum,
920 4053 984 4116 mel
1012 4054 1158 4118 sentiant
1184 4055 1217 4118 in
1234 4074 1291 4119 ore
1308 4058 1396 4118 suo.‘
1414 4051 1525 4134 Quam
1543 4048 1654 4114 dulcia

334 4226 622 4294 apertatlpcri'cratL3
636 4225 704 4290 perit
717 4221 766 4292 βΑ.
838 4233 868 4270 10
879 4220 994 4282 inimici]
1007 4217 1047 4288 βῦ
1060 4221 1120 4270 add.
1133 4221 1209 4271 enim.
1288 4219 1423 4284 negabunt]
1435 4223 1589 4283 negancmnt
1602 4213 1651 4283 βῦ.

304 4313 333 4363 16
343 4309 451 4372 credent]
462 4309 539 4358 creda
552 4307 625 4359 BSG.
728 4321 777 4355 ncn
797 4302 965 4364 crcdidernut]
982 4318 1033 4352 ncm
1052 4303 1202 4364 credunt&
1220 4319 1271 4354 non
1290 4303 1367 4352 credit
1385 4303 1413 4353 B.
1514 4311 1546 4364 25
1557 4299 1603 4360 cst]
1617 4299 1653 4359 B;

300 4413 350 4448 om.
366 4394 381 4463 β
392 4403 417 4446 et
428 4393 513 4446 ceteri.
614 4404 646 4453 29
657 4389 738 4451 habet]
749 4404 800 4437 non
811 4388 881 4436 hahet
891 4386 943 4436 SG.

345 4551 388 4591 ro.
405 4530 549 4607 negabunt
568 4523 646 4608 enni]
666 4527 751 4585 Psalt.
770 4523 850 4584 iuxta
871 4523 951 4583 hebr.
1009 4541 1013 4550 ’
1051 4526 1093 4580 16.
1098 4518 1166 4599 sict]
1183 4522 1270 4579 Rom.
1292 4539 1335 4590 11,
1354 4520 1450 4594 25226.

302 4615 427 4674 Hieron.
445 4610 518 4688 ‘qui
540 4611 669 4672 oderunt
686 4605 851 4667 Dominum
868 4623 953 4682 nega·
1049 4624 1092 4680 19.
1109 4604 1140 4663 in
1151 4602 1325 4679 Apocalypsi
1350 4619 1375 4676 7,
1393 4603 1449 4673 4-8.

301 4697 376 4759 bunt
390 4713 460 4762 oum
474 4696 490 4753 '.
1048 4705 1093 4745 21.
1111 4686 1321 4761 ar'rginumcssc
1347 4683 1440 4759 Apoc.
1457 4701 1499 4754 14,
1518 4701 1542 4752 4.

352 4825 464 4870 Anedota
473 4823 626 4866 Maredsolaaa
636 4821 680 4870 111.
691 4835 708 4861 r.
