4062 5504
509 432 986 494 EXP081T10NCULAE1N
1010 430 1308 490 EVANGELIUM.
1509 439 1586 522 139

238 630 377 696 Venient
390 639 500 695 autem
526 631 596 696 dies
619 651 691 694 cum
715 633 885 713 auferetur
897 629 939 695 ab
952 631 1000 694 eis
1013 642 1155 713 sponsus,
1169 641 1201 694 et
1214 641 1292 696 tune
1305 629 1498 696 ieiunabunt
1520 631 1587 694 illis

224 734 343 800 diebus
358 735 429 820 [iol.
449 735 533 820 131].
549 736 654 800 Nemo
668 745 778 799 nutem
795 735 937 800 inmittit
949 736 1185 802 conniissurnm
1201 738 1310 818 panni
1332 737 1426 802 rudis
1442 737 1476 800 in
1492 736 1586 800 vesti-

228 850 376 905 mentum
392 851 484 905 vetus
497 865 508 905 :
525 841 610 904 tollit
618 841 706 904 enim
709 840 951 923 plenitudinem
959 841 1029 906 eius
1037 862 1059 904 a
1068 841 1263 919 vestimento,
1276 851 1310 905 et
1323 843 1431 907 maier
1445 841 1587 906 scissura

217 948 281 1030 fit.
299 947 408 1030 Neque
423 946 560 1012 mittunt
576 946 690 1012 ninum
706 967 825 1010 novum
845 948 880 1010 in
905 958 995 1012 utres
1019 956 1147 1025 veteres,
1162 947 1307 1029 nleitqnin
1331 945 1456 1029 rumpit
1470 945 1586 1009 uinum

180 1077 199 1130 5
225 1063 329 1129 utres,
344 1062 376 1115 et
390 1052 506 1116 vinum
517 1053 604 1134 penit
618 1062 649 1115 et
665 1062 752 1116 utres
766 1073 782 1126 ,·
807 1053 866 1116 sed
878 1054 1018 1117 mittunt
1031 1053 1147 1118 vinum
1169 1072 1287 1116 nonum
1311 1051 1346 1116 in
1371 1061 1460 1115 utres
1482 1071 1587 1127 novos,

223 1167 261 1219 et
276 1165 412 1238 utraque
426 1165 610 1220 servantur.

752 1271 1066 1324 1NTERPRETATIO.

277 1383 428 1466 Sponsus
447 1382 599 1448 Christus
616 1392 691 1460 est;
718 1380 775 1444 filii
791 1392 903 1445 autem
921 1384 1036 1464 sponsi
1053 1403 1113 1448 nos
1139 1402 1263 1448 sumus.
1288 1381 1432 1446 Proinde
1459 1382 1486 1444 si
1512 1381 1586 1464 quis

225 1491 366 1555 lectioni
383 1491 516 1568 insistit,
534 1509 601 1554 non
625 1489 774 1555 ieiunat:
801 1489 880 1572 qnia
894 1508 1038 1572 sponsus
1054 1509 1131 1553 cum
1148 1488 1206 1553 illo
1229 1497 1288 1566 est,
1304 1487 1360 1570 qui
1377 1486 1466 1550 dixit
1484 1491 1490 1518 ‘
1511 1485 1586 1568 Ego

159 1619 200 1654 10
225 1616 305 1659 sum
321 1596 418 1678 panis
435 1597 532 1661 vitae.
549 1594 556 1621 ¹
575 1595 619 1658 Et
634 1604 713 1660 tunc
726 1594 888 1678 incipient
901 1595 1056 1660 ieiunare.
1074 1595 1314 1660 Indumentum
1331 1599 1445 1658 autem
1463 1611 1586 1658 novum

225 1698 402 1764 hominem
420 1719 543 1763 novum
561 1698 769 1763 demonstrat
785 1719 792 1776 ;
818 1707 914 1763 vetus
929 1707 1042 1764 autem
1060 1699 1294 1762 indumentum
1311 1705 1457 1762 veterem
1479 1695 1584 1760 homi·

225 1825 307 1867 nem
335 1802 511 1885 significat.
532 1803 569 1868 Si
596 1805 670 1886 quis
689 1825 773 1887 ergo
799 1805 969 1869 hominem
999 1803 1200 1880 interiorem,
1226 1803 1287 1865 hoc
1314 1813 1365 1867 est
1389 1801 1582 1884 spiritalem,

224 1908 442 1974 coniunxerit
454 1927 530 1971 cum
543 1909 719 1984 exteriore,
730 1909 762 1971 id
774 1918 824 1973 est
839 1909 974 1986 carnali,
985 1910 1145 1972 maiorem
1162 1909 1340 1972 scissuram
1359 1907 1445 1972 facit.
1457 1907 1582 1972 Vinum

224 2013 355 2078 scilicet
372 2032 506 2088 novum,
522 2020 768 2077 sacramentum
781 2023 841 2077 est.
855 2012 958 2077 Utres
970 2021 1083 2078 autem
1094 2021 1231 2088 veteres,
1245 2011 1362 2076 Iudaei
1378 2022 1456 2076 sunt
1471 2034 1478 2092 ;
1495 2021 1585 2076 utres

161 2143 170 2177 ι
180 2140 197 2192 3
225 2139 309 2184 veto
325 2119 402 2182 novi
420 2138 481 2183 nos
498 2135 623 2194 sumus,
639 2119 695 2199 qui
712 2118 777 2181 hoc
793 2128 905 2183 musto
920 2128 1087 2201 potamur.

867 2253 946 2302 x111.

274 2361 353 2426 Ecce
377 2359 496 2424 mulier
518 2359 692 2442 sanguinis
714 2359 914 2444 profluvium
942 2357 1063 2424 habens
1080 2371 1141 2443 per
1154 2381 1257 2424 annos
1275 2359 1440 2425 duodecim
1455 2359 1587 2426 accessit

229 2476 325 2543 retro,
335 2476 366 2529 et
376 2463 486 2548 tete'gt't
494 2466 723 2530 vestimentum
734 2467 812 2530 eius.
826 2465 962 2530 Dicebat
972 2467 1059 2531 enim
1073 2467 1163 2530 intra
1177 2489 1234 2531 se:
1252 2467 1296 2531 Si
1309 2467 1442 2552 tetigero
1457 2475 1585 2530 tautum

228 2573 459 2636 vestimentum
475 2571 554 2649 eius,
568 2572 665 2634 salva
679 2593 739 2635 ero.
756 2571 819 2635 Ille
832 2583 943 2637 nutem
959 2573 1046 2636 deecit
1060 2573 1109 2638 nd
1120 2573 1294 2656 discipules
1315 2593 1390 2636 suos
1403 2595 1415 2635 .·
1433 2571 1517 2652 Quis
1538 2592 1588 2634 me

164 2709 205 2744 :0
230 2675 369 2759 tetigit?
393 2675 483 2739 sensi
504 2678 591 2739 enim
616 2697 638 2740 a
662 2696 711 2739 me
735 2676 837 2740 exisse
864 2675 1030 2742 virtutem.
1046 2677 1168 2741 Atubi
1181 2677 1270 2742 vidit
1284 2677 1404 2740 mulier
1424 2675 1493 2753 illa,
1506 2696 1589 2758 qune

228 2780 383 2862 tetigerat
397 2780 624 2844 vestimentum
640 2781 718 2858 eius,
734 2801 796 2844 non
803 2792 901 2863 poste
914 2783 1021 2852 celari.
1030 2781 1175 2862 procidit
1189 2781 1237 2844 nd
1248 2779 1347 2863 pedes
1363 2780 1433 2843 eius
1458 2779 1586 2843 dicens:

227 2885 302 2964 Ego
318 2884 458 2947 Domine
478 2883 580 2966 tetigi,
601 2884 679 2966 quin
688 2884 852 2968 profluvio
867 2883 1041 2968 sanguinis
1056 2883 1206 2948 vexabar.
1224 2883 1284 2947 Ille
1298 2893 1405 2948 autem
1429 2881 1518 2946 dixit
1533 2883 1586 2946 ei:

228 2989 332 3065 Filia,
339 2989 427 3071 fides
438 2999 498 3052 tun
514 2998 544 3051 te
557 2989 685 3052 salvam
691 2989 785 3069 seeit.

752 3123 792 3174 IN
796 3123 1067 3175 TERPRETATIO.

275 3231 381 3295 Facta
398 3241 475 3295 sunt
492 3231 557 3295 ista
572 3231 696 3308 omnia,
712 3231 770 3296 sed
788 3231 914 3296 habent
931 3232 1113 3316 spiritalem
1130 3233 1347 3298 intellectum.
1361 3233 1449 3295 Nam
1470 3231 1588 3296 mulier

228 3339 263 3402 in
281 3335 445 3419 profluvio
454 3336 628 3418 sanguinis
644 3354 815 3413 conversa,
827 3335 968 3399 ecclesia
983 3345 1035 3399 est
1051 3356 1058 3412 ;
1075 3336 1108 3400 in
1122 3336 1214 3420 cuins
1227 3336 1409 3418 imaginem
1428 3335 1496 3399 iam
1507 3346 1587 3401 tunc

231 3441 439 3507 Machabaea
465 3439 688 3522 iugulabatur,
705 3439 798 3502 cuius
823 3440 960 3522 sanguis
983 3440 1016 3503 in
1042 3441 1190 3522 imagine
1217 3438 1375 3503 ecclesiae
1392 3439 1587 3520 profluebat.

229 3546 399 3612 Veniente
414 3554 527 3609 autem
551 3543 696 3620 Christo,
711 3544 848 3626 sanguis
860 3545 932 3608 eius
948 3545 1015 3609 iam
1032 3565 1100 3608 non
1119 3546 1151 3607 in
1169 3541 1369 3629 profluvium
1387 3543 1513 3616 mortis.
1526 3543 1584 3607 sed

228 3653 262 3714 in
288 3647 485 3732 martyrium
511 3646 640 3729 gloriae
666 3647 848 3712 translatus
875 3658 934 3712 est.
963 3648 1214 3712 Vestimentum
1246 3657 1359 3711 autem
1391 3647 1462 3710 eius
1495 3647 1585 3730 qnod

169 3783 208 3833 30
228 3756 350 3838 tetigit,
365 3771 485 3836 corpus
502 3751 627 3817 Christi
639 3759 690 3816 est
703 3772 711 3830 ;
727 3751 817 3835 quod
828 3761 863 3816 et
876 3771 936 3816 nos
948 3751 1201 3834 attingimus,et
1214 3770 1380 3816 sanamur.
1394 3750 1583 3816 Duodecim

228 3868 341 3924 autem
355 3856 444 3932 anni,
459 3853 688 3938 apostolorum
707 3874 881 3920 numerum
898 3856 1117 3920 demonstrat.

168 3271 204 3322 ²5

263 4163 274 4198 t
287 4151 339 4198 dies
350 4149 418 4212 cum]
431 4151 472 4210 G;
486 4166 505 4212 μ
516 4165 566 4198 om.
582 4165 646 4200 cum.
749 4163 764 4211 9
777 4148 885 4210 insistit]
899 4151 922 4199 G
934 4167 941 4207 ;
949 4150 1065 4216 persistit
1077 4167 1104 4214 μ.
1204 4165 1261 4199 eum
1281 4151 1324 4199 ille
1341 4151 1386 4212 est]
1405 4167 1424 4213 μ
1445 4149 1520 4200 inser.
1540 4152 1588 4214 qui

225 4242 261 4284 est
284 4231 410 4282 Christus.
514 4243 542 4294 15
561 4232 614 4293 inc]
635 4232 674 4291 G3
694 4233 724 4281 de
743 4233 786 4281 hoc
805 4249 832 4295 μ.
934 4245 964 4280 22
976 4233 1225 4297 quin]n;queaG.
1328 4245 1359 4294 29
1377 4234 1406 4280 in
1430 4233 1585 4295 martyrium

222 4311 333 4381 gloriae]
347 4329 383 4378 μ;
398 4315 427 4362 in
440 4319 584 4375 neartyuuen
600 4315 685 4378 gloria
698 4315 790 4378 (gloria
812 4314 873 4364 add.
892 4329 949 4379 sup.
972 4313 1030 4374 lin.)
1050 4313 1082 4364 G.
1184 4326 1212 4377 31
1226 4315 1301 4376 anni]
1313 4315 1334 4364 G
1348 4330 1447 4374 ;nnnos
1458 4331 1486 4378 μ.

269 4583 295 4640 6.
312 4577 483 4660 servantur]
499 4582 555 4640 Mt.
573 4601 601 4655 9,
621 4601 633 4638 1
639 4597 716 4657 5·17.
976 4599 1022 4654 23.
1038 4577 1242 4660 selvamsecit]
1259 4582 1315 4641 Mt.
1333 4601 1359 4657 9,
1378 4600 1415 4639 20
1430 4599 1486 4658 sq;
1508 4582 1582 4641 Luc.

272 4683 316 4722 10.
333 4659 422 4744 nitas]
440 4663 484 4722 Io.
502 4666 529 4735 6,
547 4680 594 4740 35.
934 4664 960 4732 8,
978 4681 1017 4738 43
1033 4680 1076 4738 sq.
