4158 5492
637 421 894 484 TRACTATUS
918 421 974 480 DE
997 419 1166 480 Psnl.Mo
1188 419 1259 478 VII.
1568 422 1623 505 23

262 636 394 702 iustam.
424 635 501 700 Non
530 641 642 718 potest
668 651 743 699 mea
768 630 894 696 iustitia
920 627 1028 712 dirigi,
1054 627 1116 692 nisi
1146 627 1278 692 illorum
1304 628 1462 713 iniquitas
1492 631 1619 716 inpleta

263 741 371 819 luerit,
386 740 542 807 videlicet
560 738 769 804 ludaeorum.

181 840 185 846 ’
310 843 395 908 Nisi
406 841 554 908 conveni
557 841 708 924 fueritis,
717 837 871 924 gladium
891 855 990 900 saum
1000 834 1151 901 vibrabit.
1170 837 1237 903 lste
1252 838 1344 904 locus
1359 840 1526 924 duplicem
1543 845 1622 908 reci-

264 947 314 1030 pit
335 945 610 1030 intellegentiam.
626 943 726 1009 Multi
751 943 839 1008 eninr
866 950 987 1026 putant
1013 942 1056 1005 de
1084 941 1160 1006 Deo
1183 943 1320 1022 dictum,
1345 954 1383 1010 ut
1406 947 1497 1012 verbi
1520 969 1620 1014 causa

234 1070 248 1124 5
263 1050 394 1114 dicatur
409 1050 452 1114 ad
465 1057 667 1133 peccatores.
685 1050 728 1112 Et
744 1046 824 1130 quid
835 1045 941 1111 dicit?
957 1043 1347 1128 Niriconversisueritis,
1357 1049 1512 1132 gladium
1524 1073 1620 1116 suurn

265 1153 430 1220 vibrabit:
444 1154 509 1219 hoc
520 1162 580 1231 est,
593 1152 655 1217 nisi
671 1149 805 1234 egeritis
821 1147 1072 1232 paenitentiam,
1088 1147 1255 1214 Dominus
1270 1173 1330 1216 vos
1345 1153 1460 1236 gladio
1471 1175 1532 1219 suo
1548 1176 1619 1237 per·

265 1259 378 1325 cutiet.
394 1258 464 1327 Sed
488 1257 672 1332 videamus,
687 1256 714 1318 si
733 1253 973 1336 consequentia
996 1251 1104 1334 aptari
1121 1262 1262 1336 possunt
1288 1273 1451 1338 personae
1474 1257 1622 1322 Domini.

265 1363 392 1428 Arcam
408 1384 507 1428 saum
523 1360 665 1438 tetendit,
687 1369 719 1424 et
730 1357 871 1440 paravit
890 1355 993 1422 illurn.
1016 1355 1092 1420 Hoc
1116 1366 1228 1440 potest
1254 1357 1320 1423 dici
1342 1359 1385 1424 de
1406 1359 1489 1424 Deo.
1517 1361 1567 1425 Et
1587 1361 1622 1425 in

266 1467 322 1532 illo
333 1467 475 1551 paravit
496 1487 579 1532 vasa
594 1464 715 1530 mones.
737 1463 814 1527 Hoc
829 1459 963 1526 difficile
978 1470 1038 1537 est,
1059 1459 1227 1525 Dominus
1239 1462 1328 1526 enim
1342 1481 1408 1526 non
1425 1461 1527 1528 babet
1543 1485 1624 1528 vasa

220 1594 250 1632 ιο
266 1572 391 1650 mortis,
403 1571 463 1637 sed
479 1591 559 1636 vasa
574 1569 663 1634 vitae
676 1591 683 1648 ;
699 1570 757 1634 sed
775 1577 808 1632 et
824 1566 887 1632 hoc
903 1574 1015 1650 potest
1028 1567 1345 1651 quomodocumque
1360 1569 1507 1653 intellegi
1525 1591 1624 1654 super

266 1694 407 1760 persona
425 1674 618 1742 Salvatoris.
635 1673 712 1738 Hoc
738 1690 818 1738 vero
832 1670 923 1760 quod
951 1672 1109 1755 sequitur,
1131 1672 1210 1736 Ecce
1222 1673 1391 1755 parturiit
1413 1673 1625 1753 iniustitiam,

265 1789 300 1844 et
324 1779 461 1862 concepit
480 1779 621 1844 dolorem
640 1788 672 1842 et
685 1777 809 1860 peperit
828 1774 1046 1860 iniquitatem,
1071 1775 1179 1840 lacurn
1199 1775 1329 1860 aperuit
1353 1787 1386 1842 et
1405 1779 1518 1862 effodit
1540 1800 1623 1858 earn,

263 1883 399 1967 penitus
415 1883 448 1948 in
475 1883 551 1948 Deo
566 1882 672 1965 accipi
689 1901 756 1947 non
772 1890 892 1965 potest.
910 1881 1118 1946 Necessitate
1141 1901 1221 1965 ergo
1243 1883 1473 1967 conpellimur,
1488 1895 1624 1968 propter

266 1987 505 2071 consequentia
531 2005 618 2070 quae
644 1986 779 2050 duriora
801 1995 929 2050 suntet
953 1985 1154 2069 superbiora,
1179 2006 1246 2051 non
1270 1987 1463 2073 intellegere
1479 1991 1511 2054 in
1540 1991 1623 2070 Deo,

222 2112 250 2167 ις
269 2089 340 2154 Νἱεί
357 2089 508 2155 conversi
524 2089 661 2170 fueritis,
676 2088 825 2172 gladium
843 2108 940 2154 suurn
956 2089 1112 2155 vibrabit.

311 2192 437 2257 Dicunt
454 2193 568 2277 itaque
590 2193 697 2270 multi,
722 2195 811 2278 quod
828 2194 892 2258 hoc
915 2193 958 2257 de
972 2191 1110 2258 diabolo
1131 2193 1281 2271 dicatur;
1297 2192 1360 2258 hoc
1377 2203 1437 2273 est,
1462 2196 1526 2260 nisi
1541 2215 1619 2263 con·

268 2298 351 2361 versi
368 2297 505 2376 fueritis,
521 2297 583 2362 nisi
610 2298 744 2381 egeritis
771 2297 1022 2382 paenitentiam,
1045 2296 1136 2362 eritis
1153 2297 1186 2360 in
1213 2304 1380 2378 potestate
1396 2299 1476 2366 eius.
1501 2306 1623 2366 Arcam
1745 2296 1748 2301 ’

268 2421 364 2465 mam
391 2401 533 2479 tetendit,
561 2413 594 2468 et
607 2402 746 2485 paravit
760 2401 864 2468 r'llaa
880 2401 1021 2484 Semper
1036 2399 1190 2466 diabolus
1212 2409 1366 2482 paratum
1381 2401 1484 2468 babet
1499 2423 1624 2484 arcum,

270 2504 393 2570 emittit
409 2505 551 2588 sagittas
565 2505 687 2589 quibus
711 2525 773 2570 nos
788 2506 961 2588 percutiat.
975 2509 1024 2568 Et
1048 2503 1083 2567 in
1098 2523 1134 2568 ec
1141 2503 1281 2586 paravit
1294 2525 1376 2569 vasa
1398 2507 1519 2574 mortis.
1536 2508 1623 2575 Con-

222 2621 254 2658 ω
271 2608 407 2673 veniunt
423 2627 586 2692 personae
612 2610 746 2675 diaboli.
773 2609 925 2693 Sagittas
938 2628 1018 2672 suas
1042 2606 1232 2672 ardentibus
1245 2607 1356 2690 effecit
1375 2610 1513 2675 Pulchre
1527 2613 1625 2689 dixit,

270 2709 485 2776 ardentibus:
500 2731 642 2794 quorum
659 2712 748 2776 enim
776 2713 877 2778 corda
893 2712 1012 2777 ardent
1028 2710 1165 2776 libidine
1181 2720 1214 2775 et
1241 2711 1461 2793 passionibus,
1477 2716 1530 2779 isti
1548 2715 1625 2781 vieti

270 2825 346 2880 sunt
361 2834 382 2879 a
397 2815 542 2880 diabolo.
560 2815 713 2898 Sagittae
725 2837 806 2881 suas
819 2816 1011 2881 ardentibus
1024 2815 1135 2898 efflat.
1149 2814 1289 2880 Pulchre
1304 2816 1402 2894 dixit,
1414 2820 1625 2899 ardentibus;

271 2936 335 2981 non
351 2917 452 2996 dixit,
465 2919 595 2994 arsuris,
607 2918 671 2983 hoc
683 2931 743 2998 est,
754 2921 811 3003 qui
827 2921 930 2986 arsuri
942 2929 1022 2986 sunt
1036 2919 1168 3003 sagittis
1178 2919 1282 3003 ipsius
1297 2921 1375 2998 ,sed
1392 2939 1626 3005 quorumcum-

270 3035 333 3103 que
348 3021 450 3085 corda
461 3021 577 3086 ardere
592 3021 720 3100 viderit,
736 3023 811 3088 illos
826 3023 978 3107 percutit.
995 3023 1087 3089 Dicit
1096 3032 1130 3088 et
1145 3023 1318 3106 apostolus
1335 3024 1490 3089 ardentes
1505 3026 1628 3092 habere

226 3140 256 3194 25
271 3124 442 3190 diabolum
458 3125 608 3208 sagittas.
622 3125 702 3190 Ecce
720 3127 886 3210 partun'it
900 3127 1101 3193 iniustitiam
1114 3149 1127 3192 .·
1141 3129 1278 3210 concepit
1290 3129 1439 3208 dolorem,
1454 3141 1486 3195 et
1503 3131 1629 3214 peperit

233 3315 240 3324 ἱ
272 3225 484 3313 iniquitatem.
498 3225 591 3292 Talis
608 3239 723 3308 mater,
732 3230 808 3295 talis
821 3242 915 3315 pater
930 3247 979 3296 εει
995 3230 1171 3297 diabolus:
1187 3231 1233 3295 sic
1250 3233 1404 3317 concipit,
1416 3234 1463 3298 sic
1479 3235 1629 3318 parturit,

272 3333 317 3394 sic
333 3332 447 3410 nutrit,
462 3332 509 3395 sic
529 3331 669 3398 exaltat.
692 3333 817 3399 Lacum
832 3335 960 3417 aperuit
972 3343 1006 3398 et
1029 3333 1142 3419 effodit
1154 3355 1237 3411 earn,
1261 3342 1293 3396 et
1308 3333 1426 3398 incidit
1450 3334 1485 3398 in
1492 3336 1629 3418 foveam

271 3453 369 3516 qaam
383 3433 477 3516 serit.
503 3435 638 3499 Diaboli
666 3437 736 3520 ipse
752 3447 803 3502 est
828 3437 928 3516 lacus,
943 3457 1029 3522 quae
1059 3447 1093 3502 et
1110 3437 1217 3502 lovea.
1242 3435 1367 3499 Laaem
1392 3437 1539 3518 aperuit:
1570 3439 1628 3502 sed

272 3538 430 3621 quoniam
447 3556 514 3603 non
540 3547 651 3621 potest
674 3559 797 3623 aquam
818 3539 989 3605 continere
1004 3540 1188 3604 secundum
1219 3539 1436 3617 Hieremiam,
1452 3550 1629 3625 propterea

229 3661 259 3714 ro
273 3641 363 3707 lacus
379 3642 468 3707 illius
492 3662 607 3707 versus
631 3652 681 3708 est
698 3645 731 3707 in
757 3643 898 3709 foveam.
921 3642 1047 3708 Lacum
1072 3643 1208 3727 apemit,
1222 3642 1380 3727 eteffcdit
1404 3665 1485 3710 eum.
1503 3643 1628 3710 Omnia

273 3746 492 3811 conciliabula
508 3746 749 3814 haereticorum
765 3748 883 3814 foveae
898 3747 1024 3815 diaboli
1040 3757 1125 3813 sunt.

307 3947 337 3987 10
347 3935 429 3986 Sedet
439 3935 493 3999 irc]
504 3935 548 3985 sed
556 3931 591 3983 ad
600 3934 644 3984 dec
652 3933 681 3986 C.
765 3934 849 4000 cuper]
860 3935 905 3984 sui
916 3935 943 3986 S.
1030 3946 1059 3984 12
1070 3928 1102 3991 et]
1114 3939 1173 3983 ante
1187 3933 1295 3996 concepit
1305 3949 1355 3985 om.
1370 3934 1396 3984 S.
1484 3947 1512 3997 13
1525 3936 1553 3984 in
1566 3934 1630 3996 Dea]

273 4017 301 4066 in
310 4017 394 4067 Deam
407 4015 433 4067 S.
531 4015 562 4065 16
570 4015 683 4078 dautur]
692 4015 791 4066 tuane
800 4017 821 4066 C
829 4031 860 4066 ex
868 4017 977 4068 dicatur.
1036 4051 1038 4055 .
1073 4026 1103 4076 19
1109 4014 1247 4078 percutiat]
1254 4017 1379 4080 percutiet
1389 4015 1418 4068 C.
1514 4029 1543 4066 21
1557 4016 1631 4078 vate]

274 4103 354 4153 vincti
362 4103 389 4154 S.
490 4101 522 4151 28
532 4101 677 4166 quemfecit
687 4099 806 4150 diabolus.
820 4099 871 4164 ipse
881 4104 917 4148 est
926 4099 1030 4161 laqueus
1040 4097 1089 4161 peri
1098 4095 1201 4161 etsouea
1214 4096 1244 4148 B.

318 4289 363 4348 ²3·
380 4289 437 4329 non
450 4269 538 4342 dead,
553 4261 680 4345 arsuris]
696 4267 807 4341 Aperte
822 4259 871 4320 hic
885 4279 928 4322 re·
1021 4275 1067 4334 27.
1083 4260 1124 4320 sic
1139 4259 1266 4339 exaltat)
1280 4259 1297 4321 i.
1321 4279 1345 4322 c.
1362 4261 1479 4334 educat,
1496 4269 1528 4320 ut
1549 4260 1632 4338 apud

276 4352 354 4430 spuit
366 4350 570 4428 Hieronymus
582 4348 741 4409 lectionem
751 4341 858 4405 veteris
868 4361 928 4403 ver·
980 4342 1019 4401 Is.
1038 4359 1063 4414 1,
1081 4339 1162 4420 algr.
1181 4339 1274 4431 ὑψοῑ).

277 4431 368 4494 sionis
390 4432 507 4506 latinae,
522 4449 615 4509 quam
631 4428 661 4490 in
676 4425 736 4489 suis
751 4424 823 4487 olim
839 4425 927 4486 Com·
1022 4450 1068 4508 29·
1091 4433 1242 4492 secandam
1268 4431 1462 4508 Hieremiam)
1478 4451 1504 4504 a,
1525 4451 1569 4508 13.

278 4513 458 4576 mentatiolis
472 4523 593 4574 amotus
613 4527 675 4573 erat
688 4532 696 4571 a
711 4509 842 4585 Sagara
860 4524 930 4566 suas
1023 4530 1069 4589 31·
1080 4511 1633 4590 eona'lrbbatalrarreticarametc.)Hie

277 4596 392 4657 arsuris
405 4601 540 4674 operatus
552 4601 600 4654 est.
981 4611 1045 4654 ron.
1055 4593 1086 4654 in
1103 4595 1210 4656 Ezecb.
1228 4615 1276 4672 32,
1296 4611 1388 4672 17sq.
1405 4593 1462 4674 (M.
1481 4611 1528 4672 25,
1545 4593 1632 4676 330):

321 4706 335 4744 2
339 4702 366 4763 5.
382 4679 517 4764 sagittas]
534 4683 643 4762 pres
661 4684 689 4756 6,
709 4682 753 4741 16.
975 4678 991 4722 -‘
1005 4687 1038 4735 ut
1052 4693 1070 4736 e
1083 4677 1231 4738 contrario
1257 4674 1474 4738 haereticorum
1495 4675 1634 4738 concilia·
