4158 5492
439 409 494 516 36
814 435 843 497 s,
869 437 1122 501 arenosum
1145 441 1413 503 pressurum

438 658 587 726 bandum
604 665 647 728 de
662 665 825 747 apostolo,
854 663 1081 747 Diligentibus
1097 670 1209 727 autern
1228 662 1413 727 Dominum
1440 664 1554 728 omnia
1570 674 1792 749 cooperantur

439 767 470 830 in
492 769 627 835 bonum.
643 771 691 834 Et
705 771 843 836 timeant
866 792 939 835 eum
954 792 1062 834 omnes
1078 770 1167 852 fines
1193 777 1306 832 terrae.
1322 767 1545 854 Nequaquam
1570 773 1642 838 sola
1659 773 1794 852 iudaea,

439 877 495 938 sed
512 896 630 941 omnes
646 877 729 942 tines
744 888 860 943 terrae.
877 877 1070 944 Secundum
1088 870 1291 966 τροπολογίαν
1305 887 1429 956 autem,
1445 897 1562 944 omnes
1578 877 1661 944 fines
1677 889 1794 956 terrae,

439 1003 504 1046 uon
522 1004 638 1048 omnes
656 984 853 1050 medietates
869 995 984 1062 terrae,
1005 1004 1071 1048 non
1090 983 1137 1047 illi
1154 985 1209 1067 qui
1227 985 1259 1046 in
1277 993 1364 1047 terra
1380 992 1457 1048 sunt
1474 985 1594 1060 media,
1610 987 1667 1050 sed
1686 985 1741 1067 qui
1759 985 1791 1049 in

438 1085 502 1150 fine
519 1096 625 1158 terrae
649 1099 737 1165 sunt,
752 1079 808 1171 qui
836 1089 1026 1172 relinquunt
1050 1099 1182 1166 terram,
1197 1097 1230 1152 et
1251 1088 1293 1150 ad
1310 1088 1438 1151 caelum
1457 1087 1503 1152 ire
1530 1087 1695 1156 festinant.
1718 1089 1793 1153 Hoc
1829 1097 1844 1151 5

438 1191 546 1269 igitur,
571 1193 659 1275 quod
686 1193 830 1276 apostoli
846 1195 1004 1258 dixerunt
1032 1194 1064 1257 in
1093 1193 1265 1276 principio,
1289 1213 1350 1256 nos
1375 1192 1526 1256 dicamus
1553 1193 1585 1257 in
1613 1194 1686 1259 fine.
1703 1195 1794 1258 Deris

436 1297 631 1360 misereatur
652 1297 757 1361 nostri
776 1307 808 1360 et
821 1297 984 1362 benedicat
1005 1319 1085 1364 nos:
1110 1297 1284 1362 inluminet
1307 1297 1436 1368 vultum
1450 1317 1547 1362 suum
1567 1310 1665 1382 super
1684 1319 1748 1375 nos,
1763 1308 1795 1363 et

436 1401 632 1465 rursereatur
646 1401 755 1466 nostri.

844 1559 918 1634 DE
960 1557 1183 1634 PSALMO
1219 1556 1387 1632 LXVII.

480 1777 651 1861 Exsurget
674 1778 772 1856 Deus,
787 1788 819 1842 et
837 1777 1037 1862 dissipentur
1059 1777 1188 1844 inimici
1207 1798 1286 1844 erus.
1314 1778 1358 1843 Et
1374 1778 1561 1862 specialiter
1587 1776 1790 1862 intellegitur
1815 1786 1845 1825 ¹⁰

437 1881 498 1946 iste
515 1882 671 1966 psalmus,
687 1892 720 1947 et
736 1882 941 1965 generaliter.
959 1881 1155 1966 Specialiter
1171 1883 1203 1967 in
1221 1883 1329 1965 ipsum
1348 1883 1543 1962 Dominum,
1559 1893 1597 1950 ut
1611 1893 1792 1966 resurgata

437 1988 585 2062 mortuis,
600 1997 633 2051 et
649 1988 818 2070 dispergat
840 1987 991 2052 inimicos
1008 2008 1095 2065 suos,
1111 1987 1174 2051 hoe
1191 1999 1241 2080 est
1257 1987 1428 2051 diabolum
1451 1997 1484 2052 et
1510 1989 1695 2053 exercitum
1713 1989 1791 2064 eius,

436 2101 492 2156 aut
512 2093 661 2158 ludaeos.
676 2091 882 2157 Generaliter
893 2102 1016 2170 autem,
1028 2078 1167 2175 quando
1177 2092 1209 2155 in
1223 2089 1438 2156 tribulatione
1449 2111 1563 2156 sumus
1580 2102 1613 2156 et
1629 2093 1792 2175 angustia,

436 2209 469 2262 et
484 2199 625 2264 dicimus
650 2203 658 2232 ‘
676 2201 839 2280 Exsurge,
856 2208 892 2263 ut
907 2199 987 2280 quid
1014 2199 1175 2263 dormitas
1200 2197 1372 2261 Domine?
1393 2207 1426 2260 et
1447 2196 1568 2260 adiuva
1585 2197 1685 2275 nos';
1710 2218 1792 2281 quo·

437 2305 586 2368 modoet
603 2304 745 2388 apostoli
763 2305 795 2367 in
813 2302 966 2367 navicula
993 2304 1143 2366 excitant
1162 2302 1348 2366 Dominum
1374 2300 1606 2378 dormientem,
1621 2303 1792 2366 dicentes:
1813 2308 1843 2365 ¹5

436 2411 443 2438 ‘
461 2407 630 2489 Magister,
645 2406 737 2472 salva
755 2428 824 2486 nos,
845 2407 992 2491 perimus
1003 2407 1018 2470 ¹.
1036 2407 1082 2470 Et
1096 2397 1241 2490 fugiant
1254 2404 1313 2488 qui
1327 2405 1465 2468 oderunt
1481 2426 1554 2468 euru
1578 2407 1700 2486 afacie
1713 2407 1792 2471 eius.

438 2511 514 2574 Non
531 2511 628 2588 dixit,
645 2521 791 2595 pereant,
807 2512 876 2590 sed,
899 2509 1046 2595 fugiant:
1062 2512 1140 2594 quia
1168 2522 1358 2593 peccatores
1375 2510 1407 2572 in
1425 2519 1605 2593 conspectu
1623 2511 1688 2574 Dei
1705 2521 1793 2575 stare

436 2634 503 2678 non
519 2626 667 2697 possunt.
682 2616 777 2680 Sicut
786 2615 894 2698 deficit
898 2616 1030 2695 fumus,
1041 2615 1194 2698 deficiant
1203 2638 1214 2679 .·
1238 2634 1305 2677 non
1323 2623 1359 2678 ut
1374 2614 1417 2677 ad
1434 2613 1574 2677 nihilum
1591 2614 1792 2697 redigantur,

436 2720 493 2782 sed
511 2728 547 2784 ut
562 2721 735 2803 quiescant
751 2741 771 2785 a
787 2721 932 2804 peccatis
948 2719 1025 2786 suis
1050 2719 1145 2786 Sicut
1157 2718 1250 2800 fluit
1262 2739 1334 2782 cera
1348 2739 1370 2781 a
1386 2717 1478 2797 facie
1494 2715 1588 2799 ignis.
1607 2717 1701 2783 Sicut
1716 2737 1791 2782 cera

436 2823 583 2902 solvitur,
599 2835 631 2888 et
655 2845 720 2890 non
738 2827 848 2908 perdit
875 2833 1028 2889 naturam
1045 2844 1151 2902 suam,
1165 2823 1223 2888 sed
1242 2821 1425 2886 mollescit:
1452 2822 1498 2887 sic
1515 2832 1548 2888 et
1564 2823 1619 2888 isti
1635 2843 1700 2888 non
1719 2843 1790 2905 per·
1811 2835 1844 2873 20

435 2936 522 3005 eant,
538 2928 595 2992 sed
612 2929 784 3012 deponant
800 2931 958 2995 duritiam
984 2949 1089 3007 suam,
1104 2939 1138 2993 et
1154 2929 1202 2993 sic
1216 2935 1454 2993 convertantur
1472 2927 1515 2991 ad
1541 2928 1791 3010 paenitentiam,

435 3037 468 3094 et
483 3029 662 3098 salventur.
680 3034 739 3100 Sic
750 3046 888 3118 pereant
898 3043 1074 3116 peccatores
1088 3031 1209 3115 asacie
1223 3031 1312 3095 Dei:
1327 3031 1405 3112 quia
1422 3040 1613 3112 peccatores
1629 3051 1695 3094 non
1713 3041 1791 3095 sunt

435 3133 528 3215 digni
548 3135 660 3201 videre
676 3139 796 3202 Deum.
811 3139 857 3202 Et
872 3138 954 3202 iusti
967 3137 1142 3220 operientur.
1160 3136 1226 3220 Qui
1245 3143 1440 3218 permanent
1458 3133 1490 3196 in
1508 3155 1568 3198 sua
1584 3136 1718 3212 iustitia,
1733 3135 1790 3218 qui

437 3239 516 3302 uitia
533 3260 598 3303 non
628 3241 761 3318 habent,
787 3243 996 3307 delectentur
1012 3243 1044 3305 in
1072 3241 1229 3305 Domin0.
1255 3238 1412 3302 Exultent
1434 3235 1469 3299 iu
1488 3247 1648 3325 conspectu
1664 3237 1739 3315 Dei,
1761 3248 1792 3301 et

435 3341 628 3408 delectentur
642 3345 677 3409 in
693 3346 829 3412 laetitia.
846 3346 991 3411 Grandis
1008 3343 1129 3410 fiducia
1144 3353 1204 3421 est,
1220 3343 1373 3407 exultare
1389 3341 1420 3404 in
1444 3351 1625 3423 conspectu
1643 3340 1789 3404 Domini.
1809 3358 1840 3412 25

437 3443 531 3509 Sicut
547 3448 760 3529 dispensator
775 3450 935 3513 creditam
947 3437 1010 3540 sibi
1028 3450 1196 3514 adomino
1211 3444 1433 3513 substantiam
1451 3444 1537 3508 male
1552 3446 1743 3509 tractaverit
1757 3455 1789 3508 et

436 3549 624 3629 perdiderit,
655 3553 753 3616 timet
783 3553 912 3616 domini
943 3554 1189 3636 praesentiam;
1214 3553 1259 3615 ita
1285 3549 1399 3632 etqui
1431 3549 1515 3612 bene
1540 3549 1791 3630 dispensaverit,

468 3751 482 3786 2
495 3739 611 3800 linerent]
624 3747 737 3788 metumrt
750 3740 775 3790 S.
824 3753 838 3804 3
849 3735 1038 3809 τροπολογίαν]
1051 3743 1071 3790 Β
1082 3759 1088 3800 ;
1101 3741 1259 3805 tropologiam
1273 3736 1347 3806 βΑὸς
1360 3736 1536 3800 troplrologianr
1549 3735 1579 3786 C.
1621 3749 1636 3795 4
1649 3751 1698 3784 rrorr
1709 3751 1792 3783 onrrres

435 3819 583 3882 medietates]
596 3836 644 3869 non
657 3837 739 3870 omnes
751 3821 886 3870 mediantes
896 3822 916 3870 u
926 3839 933 3882 ;
946 3838 996 3871 non
1007 3823 1124 3872 medietas
1136 3819 1160 3889 β.
1197 3819 1296 3886 influe]
1309 3817 1410 3883 insistes
1422 3818 1439 3867 S
1450 3836 1456 3876 ;
1470 3817 1570 3882 infinie
1581 3817 1612 3865 G.
1649 3815 1665 3865 6
1677 3817 1790 3866 miseren·

433 3907 479 3950 tur·
489 3903 557 3950 nohr's
568 3902 609 3952 hic
621 3902 729 3952 retinent
740 3903 792 3962 SG,
802 3904 845 3952 sed
859 3903 902 3953 lin.
912 3920 964 3968 seq.
976 3920 1032 3953 cum
1042 3904 1144 3969 reliquis
1156 3905 1305 3952 misereatur
1314 3903 1401 3950 nostri.
1470 3914 1486 3962 9
1499 3907 1542 3946 DE
1551 3907 1681 3948 PSALMO
1690 3908 1792 3956 ιΧΗΙ]

434 3985 545 4033 Insertus
560 3993 596 4034 est
611 3985 739 4035 Brevinrio
751 3988 799 4036 col.
822 3998 884 4050 1073
896 4003 950 4050 sqq.
965 3987 1008 4036 sed
1019 3988 1098 4036 multa
1110 3987 1144 4036 ibi
1156 3987 1196 4036 vel
1208 3993 1339 4050 supersunt
1352 3984 1391 4034 vel
1404 3983 1507 4032 omnino
1519 3983 1699 4034 desiderantur.
1715 3985 1788 4034 Coni.

434 4067 459 4115 S.
477 4066 558 4117 llilnr.
574 4067 599 4116 in
613 4084 649 4132 ps.
665 4069 704 4118 ed.
720 4069 831 4118 Vindob.
846 4086 870 4134 p.
886 4068 942 4129 878.
1015 4081 1040 4117 tt
1056 4069 1083 4117 irr
1096 4071 1178 4133 ipsum
1191 4067 1342 4127 llorrrirrum]
1353 4065 1418 4114 codd
1431 4083 1438 4122 ;
1449 4065 1478 4112 ‹le
1490 4066 1540 4128 ipso
1551 4065 1650 4114 domino
1663 4064 1678 4133 β
1689 4085 1695 4122 ;
1708 4067 1790 4130 ipsunt

434 4149 574 4197 Dominum
586 4149 643 4199 cod.
660 4149 752 4200 Ililnrii
766 4151 843 4200 Paris.
862 4151 924 4212 1692
937 4169 943 4210 ;
956 4151 1037 4200 editor
1049 4151 1160 4200 Vindolr.
1175 4151 1233 4199 add.
1248 4150 1372 4198 hortatur.
1451 4159 1479 4195 12
1491 4147 1625 4210 dispergat]
1636 4147 1763 4211 disperdat
1775 4147 1790 4214 β

436 4231 516 4278 Hilar.
589 4245 617 4293 ¹4
630 4233 749 4294 Domine]
763 4231 778 4301 β
792 4243 870 4298 repet.
884 4250 995 4296 exsurge.
1063 4234 1096 4294 et]
1108 4234 1271 4282 antecedimus
1282 4249 1332 4282 om.
1349 4229 1430 4278 liilar.
1443 4229 1468 4278 S.
1557 4230 1728 4294 17quia1pui
1740 4227 1786 4296 βίὶ.

435 4311 510 4360 ruat
528 4312 641 4361 nihilum
662 4314 822 4376 religantur]
840 4316 869 4363 in
890 4315 1003 4366 nihilum
1024 4316 1178 4364 reducuntur
1197 4314 1211 4382 β
1235 4313 1316 4363 Hilar.
1418 4323 1446 4358 21
1460 4311 1596 4372 duritiam]
1615 4313 1741 4359 malitiam
1763 4311 1785 4376 β.

433 4405 461 4452 24
474 4399 498 4441 et
508 4394 659 4442 delectentur
669 4396 698 4443 in
710 4396 818 4457 laetitia]
830 4413 879 4446 our.
895 4397 950 4448 SG.
1033 4397 1269 4460 26rlr'sprnsutor1A
1282 4405 1305 4444 et
1317 4397 1337 4445 C
1351 4409 1365 4444 2
1379 4413 1411 4446 m.
1426 4396 1499 4445 inser.
1510 4399 1572 4459 qur';
1586 4396 1602 4444 S
1616 4397 1645 4445 si.
1731 4407 1789 4447 ante

432 4476 503 4532 rurale,
517 4473 532 4540 β
545 4475 629 4525 inserit
639 4475 663 4524 ri
671 4495 677 4534 ;
689 4476 748 4526 item
764 4479 793 4536 B,
806 4480 849 4526 sed
863 4496 916 4542 sup.
928 4479 972 4529 lin.
988 4479 1105 4527 Fortasse
1123 4495 1211 4542 graece
1228 4479 1333 4542 loquens
1355 4479 1525 4541 Hieronymus
1536 4478 1713 4528 coniunctione
1727 4473 1790 4528 ὡσεί

433 4556 471 4604 vel
484 4552 580 4607 ὡσανεί
591 4574 649 4606 usus
661 4567 706 4608 est.
792 4568 817 4608 et
823 4562 961 4624 perdJaut
969 4562 1038 4624 perd.
1055 4561 1081 4610 S.

476 4741 518 4796 14.
534 4723 644 4783 adiuva
659 4723 721 4808 nos]
736 4729 780 4785 Ps.
798 4747 845 4802 43,
864 4747 878 4786 2
883 4746 909 4808 3.
925 4729 970 4786 26.
1032 4773 1035 4779 ,
1177 4727 1219 4783 16.
1232 4723 1374 4808 perimus]
1392 4726 1499 4790 Manu.
1515 4727 1541 4798 8,
1557 4743 1602 4806 25.
