4202 5492
460 415 538 498 114
831 406 860 475 S.
885 407 1139 475 HIERONYMI
1162 410 1430 472 PRESBYTERI

455 629 518 697 eibi
540 630 733 697 ¹aedificavit
758 632 896 697 domum
922 632 994 695 sine
1020 630 1173 694 manibus
1198 631 1293 698 iuxta
1319 625 1516 710 apostolum,
1541 624 1631 688 illam
1666 622 1803 688 domum

456 759 557 821 quam
582 737 814 803 aedificaverat
840 736 1006 799 Dominus
1031 736 1131 798 etiam
1155 733 1371 798 obtetricibus
1387 731 1419 795 in
1445 731 1628 812 Aegypto:
1652 728 1686 791 in
1703 737 1811 810 proto·

457 842 556 905 ctione
571 842 638 904 Dei
650 841 730 904 coeli
744 839 1000 926 cornatorobitnr.

501 954 597 1017 Dicet
613 953 755 1016 Dorm'no
767 976 778 1015 .·
796 952 967 1034 Susceptor
981 972 1069 1014 roceas
1083 973 1116 1014 es
1130 959 1161 1013 ot
1177 947 1340 1032 refugium
1358 947 1576 1023 aromaticus
1596 966 1692 1010 rnous.
1712 943 1809 1008 Multi

458 1057 550 1122 enim
579 1078 632 1122 me
656 1067 904 1138 consequuntur
927 1055 1062 1120 hostes:
1087 1065 1261 1137 propterea
1283 1063 1318 1115 tu
1344 1073 1378 1114 es
1404 1049 1567 1132 refugium
1594 1067 1715 1112 meum.
1733 1047 1810 1129 Spo-
1850 1061 1867 1114 5

457 1162 535 1227 rabo
551 1161 585 1224 in
601 1183 684 1237 otton,
698 1160 851 1242 qrroninm
869 1160 932 1241 ipse
957 1158 1108 1223 liberabit
1135 1179 1184 1220 mo
1207 1157 1246 1219 o'e
1267 1155 1377 1237 laqueo
1401 1154 1599 1217 venantium.
1617 1153 1694 1216 Non
1716 1151 1813 1227 dixit,

459 1286 556 1349 spero
572 1287 579 1343 ;
596 1267 665 1342 sed,
681 1265 830 1348 sperabo.
848 1265 1017 1346 Quamdiu
1035 1263 1122 1326 enim
1141 1281 1325 1343 peccamus,
1341 1278 1407 1322 non
1430 1276 1621 1340 speramus:
1638 1257 1664 1318 si
1676 1273 1811 1336 peceare

458 1370 664 1447 desierimus,
687 1388 866 1452 speramus.
887 1366 1049 1444 Quoniam
1076 1367 1140 1449 ipso
1165 1365 1388 1430 liberabitura
1414 1361 1453 1424 de
1475 1362 1586 1442 laqueo
1610 1357 1809 1422 variantium.

352 1500 354 1506 ·
459 1472 559 1536 Multi
577 1482 654 1536 sunt
672 1483 846 1536 venatores
864 1471 895 1533 in
914 1473 977 1533 isto
995 1471 1129 1548 mundo,
1144 1469 1201 1553 qui
1217 1470 1364 1532 animam
1383 1477 1530 1530 nostram
1548 1464 1659 1527 venari
1687 1482 1810 1526 conan-

458 1578 680 1658 tur.Denique
692 1584 725 1638 et
738 1575 925 1639 Nembroth
943 1575 996 1638 ille
1013 1575 1107 1657 gigas
1119 1593 1259 1656 magnus
1276 1573 1307 1634 in
1325 1581 1505 1652 conspectu
1522 1567 1659 1631 Domini
1677 1575 1815 1630 venator
1837 1590 1870 1627 ιο

459 1681 540 1744 suit:
557 1691 590 1745 et
617 1681 707 1743 Esau
736 1689 874 1743 venator
898 1687 977 1756 erat,
993 1679 1150 1760 quoniam
1177 1688 1331 1760 peccator
1347 1683 1418 1738 erat
1434 1695 1440 1751 ;
1457 1684 1489 1736 et
1518 1673 1650 1754 penitus
1675 1690 1742 1732 non
1767 1671 1815 1732 in-

459 1787 611 1848 venimus
628 1785 662 1846 in
679 1783 848 1866 scripturis
864 1783 987 1846 sanctis
1003 1793 1154 1846 sanctum
1172 1781 1315 1864 aliquem
1347 1788 1547 1841 venatorem.
1567 1775 1750 1838 Piscatores
1768 1773 1815 1836 in-

459 1889 614 1952 venimus
631 1896 773 1952 sanctos

507 1999 669 2077 Quoniam
698 2000 762 2080 ipso
784 1997 937 2062 liberabit
962 2019 1011 2061 ono
1034 1998 1073 2062 de
1097 1999 1208 2078 laqiooo
1234 1994 1432 2059 variantium.
1449 1993 1585 2056 ‘Anima
1602 1999 1715 2054 nostra
1732 1991 1816 2053 sicut

461 2123 576 2186 passer
604 2113 717 2184 erepta
742 2111 792 2164 est
818 2103 860 2165 de
888 2102 1007 2184 laqueo
1034 2101 1253 2166 venantium:
1280 2099 1416 2180 laqueus
1433 2097 1594 2161 contritus
1622 2107 1681 2174 est,
1696 2105 1730 2159 et
1758 2115 1817 2157 nos
1840 2123 1870 2175 15

462 2207 594 2270 liberati
612 2205 754 2270 sumus-⁸.
772 2205 856 2288 Quis
873 2217 922 2269 est
936 2207 998 2269 iste
1011 2207 1147 2288 laqueus
1159 2206 1216 2288 qui
1229 2206 1390 2268 contritus
1403 2207 1476 2264 est?
1492 2207 1499 2232 ‘
1513 2201 1690 2277 Dominus,
1704 2199 1818 2282 inquit,

461 2317 612 2372 conteret
637 2308 786 2372 Satanan
803 2309 865 2370 sub
882 2309 1021 2389 pedibus
1045 2311 1166 2372 nostris
1183 2309 1339 2372 velociter
1351 2305 1366 2368 ’.
1386 2306 1430 2369 Et
1446 2304 1617 2387 apostolus
1634 2303 1734 2368 dicit:
1750 2301 1818 2366 ‘Ut

464 2411 649 2475 liberemini
674 2411 828 2493 alaqueo
853 2411 977 2475 diaboli
995 2413 1009 2475 ’.
1028 2413 1133 2476 Vides
1158 2431 1238 2494 ergo
1265 2412 1422 2494 quoniam
1450 2410 1511 2472 iste
1533 2417 1671 2473 venator
1687 2419 1746 2486 est,
1761 2407 1816 2491 qui

463 2515 594 2580 animas
608 2525 737 2578 nostras
751 2534 870 2578 venare
884 2515 975 2596 cupit
988 2516 1029 2577 ad
1044 2515 1404 2597 perditionemMuitos
1422 2514 1520 2576 habet
1537 2513 1691 2577 diabolus
1706 2513 1816 2594 laque-

463 2635 513 2694 os,
528 2627 562 2678 et
577 2614 726 2678 diversos
742 2614 843 2678 habet
860 2613 1004 2696 laqueos
1021 2615 1174 2679 Avaritia
1190 2616 1313 2679 diaboii
1331 2616 1468 2698 iaqueus
1479 2628 1537 2692 est,
1553 2617 1717 2681 detractio
1749 2617 1819 2679 dia·
1840 2644 1876 2680 20

464 2720 535 2802 boli
552 2720 690 2802 iaqueus
706 2729 766 2796 est,
782 2718 956 2782 tornicatio
971 2718 1096 2782 diaboli
1115 2719 1251 2801 laqueus
1268 2731 1325 2782 est.
1343 2721 1390 2783 Et
1404 2743 1425 2782 a
1449 2721 1542 2784 oorbo
1557 2733 1674 2802 corporo.
1692 2719 1819 2802 Quam-

464 2824 521 2888 diu
547 2825 580 2888 in
606 2825 785 2889 sanctitate
810 2842 933 2902 sumus,
949 2825 1062 2886 anima
1090 2835 1202 2887 nostra
1230 2825 1408 2906 tranquilia
1436 2836 1486 2891 est
1502 2849 1509 2906 ;
1525 2827 1753 2909 quandovero
1778 2824 1821 2886 de

464 2931 610 3013 peccatis
626 2930 772 3012 cogitare
789 2929 1005 3008 coeperimus,
1020 2928 1131 2991 anima
1149 2937 1262 2991 nostra
1278 2932 1439 3007 turbatur,
1457 2941 1490 2993 et
1507 2931 1600 3013 quasi
1618 2929 1818 3013 quibusdam

465 3031 620 3096 fluctibus
630 3034 827 3098 concutitur.

510 3145 551 3208 ln
566 3145 705 3228 scopulis
719 3145 789 3208 sirei
804 3142 1007 3206 obtenebrabit
1019 3141 1088 3205 tibi.
1112 3142 1178 3207 Sed
1196 3143 1277 3207 haec
1293 3145 1475 3208 secundum
1505 3144 1584 3209 iilud
1613 3144 1819 3208 Deuterono·
1841 3168 1875 3221 ²5

469 3251 548 3314 mii:
565 3250 731 3313 Dominus
747 3249 842 3332 quasi
859 3246 967 3329 pullos
983 3265 1060 3309 suos
1077 3245 1137 3310 alis
1154 3249 1221 3310 suis
1238 3249 1382 3331 protegit
1399 3269 1460 3312 nos
1476 3249 1571 3332 quasi
1588 3249 1709 3331 aquila.
1728 3247 1818 3310 Dici-

469 3365 521 3415 tur
537 3354 626 3417 enim
643 3353 688 3417 ibi
705 3353 799 3435 quasi
816 3350 929 3434 aquila
945 3362 1118 3432 protegere
1136 3352 1243 3433 pullos
1261 3372 1347 3416 suos.
1365 3352 1460 3415 Licet
1477 3372 1556 3434 ergo
1568 3370 1745 3433 possumus
1758 3350 1820 3412 hoc

468 3456 586 3533 dicere,
603 3456 691 3538 quod
710 3456 803 3517 Deus
820 3455 913 3536 quasi
931 3465 1025 3535 pater
1042 3475 1102 3518 nos
1119 3456 1272 3538 protegit,
1289 3466 1321 3519 et
1338 3456 1431 3538 quasi
1449 3455 1573 3536 gallina
1589 3455 1734 3538 protegit
1752 3453 1824 3536 pui-

469 3559 519 3622 los
535 3579 621 3635 suon,
638 3579 679 3620 ne
704 3558 875 3640 rapiantur
890 3557 933 3620 ab
949 3557 1105 3638 accipitre
1121 3583 1126 3620 :
1144 3568 1255 3622 tamen
1281 3569 1315 3620 et
1338 3557 1427 3621 atiud
1445 3579 1620 3640 possumus
1648 3558 1765 3623 dicere.
1780 3557 1822 3620 In

469 3661 608 3744 scripulis
633 3663 703 3724 ruis
727 3660 931 3726 obumbrabit
953 3660 1036 3724 tibi:
1061 3661 1266 3725 exaitabitur
1284 3663 1316 3724 in
1345 3655 1450 3741 cruce,
1466 3665 1628 3728 extendet
1645 3682 1771 3742 manus,
1789 3670 1822 3725 et
1843 3687 1878 3739 30

504 3861 517 3912 5
529 3851 723 3915 consequuntur]
735 3850 758 3898 G
768 3866 775 3908 ;
787 3853 950 3897 cornicantur
960 3847 982 3896 C
993 3864 999 3904 3
1006 3853 1195 3910 persequuntur
1207 3845 1222 3914 β
1234 3864 1241 3905 ;
1250 3855 1416 3910 persecuntur
1429 3850 1476 3897 BH
1488 3866 1495 3908 ς
1506 3856 1626 3898 securum
1637 3851 1663 3900 S.
1732 3847 1825 3910 riuum]

473 3933 566 4000 pune
578 3933 651 3982 inser.
663 3934 733 3982 Dera
745 3948 820 3982 roccus.
888 3929 1293 3996 birreurrr]inDominoitHAB.
1365 3944 1395 3979 10
1404 3933 1548 3994 blerribrotb]
1558 3933 1601 3983 BC
1611 3935 1677 3992 (Lxx
1688 3927 1826 4000 Neftpo'idh

471 4014 584 4064 Ncorrod
594 4015 647 4080 ult.
712 4013 795 4076 gigas]
809 4014 901 4076 gigans
912 4011 959 4060 AC
971 4025 1032 4060 corr.
1105 4023 1133 4071 14
1145 4011 1268 4072 liberabit]
1288 4011 1323 4060 ita
1335 4013 1482 4078 plerumque
1492 4015 1566 4064 codd.
1581 4015 1649 4065 iuxta
1660 4031 1697 4078 gr.
1713 4011 1825 4089 ῥύσεται.

476 4094 947 4161 17Satar1on]Satnnaminsolens.
1044 4106 1058 4141 2
1061 4107 1075 4155 3
1087 4094 1244 4156 cooperimus]
1258 4093 1431 4159 CS3coepcrr't
1444 4093 1515 4161 poc.
1617 4107 1656 4160 25.
1668 4095 1827 4160 30scapulr's]

472 4175 577 4235 stabulis
588 4175 643 4226 CG.
745 4189 776 4238 29
788 4175 936 4239 rapiantur]
948 4176 1083 4238 rapiamur
1093 4175 1144 4224 SG.
1247 4186 1279 4237 30
1289 4176 1350 4237 tibi]
1362 4184 1385 4224 tc
1397 4177 1448 4226 sG.

519 4361 541 4399 1.
558 4335 824 4418 iuxtaapostolum]
843 4360 857 4396 2
871 4341 940 4400 Cor.
958 4357 985 4416 5,
1005 4341 1044 4397 1?
1176 4351 1270 4399 torem
1287 4339 1316 4400 in
1333 4341 1443 4402 bonam
1458 4354 1571 4420 partem
1588 4344 1672 4421 legi·

517 4442 542 4480 e,
565 4424 597 4480 in
612 4417 751 4500 Aegypto]
769 4422 865 4480 Exod.
884 4441 907 4494 1,
926 4442 971 4480 21.
1222 4425 1264 4480 16.
1287 4420 1398 4503 suerrus]
1417 4427 1462 4484 Ps.
1483 4443 1549 4500 123,
1567 4443 1591 4499 7.

520 4523 564 4560 12.
588 4512 717 4561 sanctum
742 4522 769 4561 a.
795 4499 968 4582 venatorem]
998 4502 1123 4562 Hieron.
1221 4521 1263 4576 17.
1289 4502 1426 4586 oeloa'ter]
1440 4508 1528 4566 Rom.
1549 4509 1592 4578 16,
1611 4525 1655 4565 20.

476 4582 506 4642 in
523 4583 615 4642 Mich.
633 4602 659 4660 5,
676 4588 714 4642 o‘
733 4585 889 4658 Quantum
912 4603 981 4660 ergo
1003 4601 1124 4659 possum
1219 4587 1264 4642 18.
1281 4585 1405 4666 diaboli]
1421 4587 1466 4648 Ci.
1486 4607 1500 4645 2
1517 4586 1594 4646 Tim.
1614 4607 1640 4659 r,
1658 4589 1704 4647 26.

477 4683 544 4724 mea
553 4665 681 4725 recolere
691 4662 842 4737 iocinoris,
865 4683 1028 4741 numquam
1041 4682 1126 4723 vena·
1220 4682 1265 4741 ²5·
1289 4663 1523 4748 Deuteronorm'r']
1540 4687 1588 4744 32,
1607 4687 1651 4728 11.
