4160 5500
632 417 888 480 TRACTATUS
912 420 968 482 DE
990 417 1298 484 OBOEDIENTIA.
1555 412 1631 496 401

284 644 372 700 recte
402 655 469 704 non
496 639 568 705 ires.
585 638 641 704 Ad
668 639 824 723 synaxim
852 650 1042 706 sanctorum
1069 640 1205 704 fratrum
1235 656 1301 701 non
1327 635 1492 702 vadisiO
1520 643 1556 700 tu
1580 635 1636 720 qui

283 757 397 804 manes
413 740 446 806 in
462 752 599 822 secreto,
614 751 671 808 aut
687 742 805 807 melior
831 764 866 808 es
892 743 1046 809 iratribus
1061 741 1118 826 qui
1135 750 1212 806 sunt
1228 740 1261 805 in
1278 738 1455 817 coenobiis,
1471 747 1528 803 aut
1544 739 1638 822 peior

282 861 326 910 es.
342 844 378 910 Si
396 847 513 914 melior
527 869 572 926 es,
587 847 671 926 veni,
687 856 724 912 ut
738 847 787 912 eis
802 848 995 932 exemplum
1012 847 1099 912 vitae
1115 856 1193 911 tuae
1209 846 1344 912 tribuas.
1360 844 1398 911 Si
1414 853 1527 910 autem
1544 843 1634 908 dete·

283 945 347 1010 rior
361 967 408 1026 es,
419 951 504 1032 veni,
519 962 556 1019 ut
571 952 680 1018 discas
695 970 782 1035 quae
799 951 913 1016 nescis.
930 951 1095 1035 Superbia
1111 949 1265 1027 nascitur,
1275 947 1410 1032 quando
1425 945 1545 1029 aliquis
1554 943 1635 1012 dicit

249 1061 263 1115 5
281 1069 317 1115 se
332 1061 495 1120 secretum
512 1057 635 1134 sedere,
650 1065 683 1121 et
700 1055 816 1122 iratres
832 1075 898 1122 non
914 1054 1199 1140 dignaturvidere
1214 1063 1248 1118 et
1265 1052 1407 1130 visitare,
1422 1061 1454 1116 et
1471 1051 1503 1116 in
1520 1071 1633 1135 super·

279 1151 369 1218 biam
396 1156 540 1242 erigitur.
558 1159 653 1224 Haec
680 1169 855 1242 propterea
882 1159 1000 1243 loquor
1026 1167 1200 1242 praesente
1216 1167 1333 1222 sancto
1360 1154 1460 1221 fratre
1486 1155 1543 1239 qui
1570 1154 1633 1220 hoc

279 1276 380 1340 opere
406 1258 494 1340 iacit,
510 1271 545 1327 ut
572 1262 634 1327 hoc
661 1265 752 1347 quod
779 1285 844 1349 ego
866 1263 983 1348 loquor
998 1263 1087 1328 hunc
1102 1263 1214 1328 sciatis
1230 1280 1330 1346 opere
1347 1258 1461 1325 iacere.
1479 1259 1634 1343 Denique

279 1361 375 1427 multi
391 1365 496 1430 sancti
512 1375 632 1449 patres,
647 1368 703 1451 qui
731 1389 806 1434 vere
829 1379 941 1455 patres
967 1376 1055 1446 sunt,
1069 1367 1126 1451 qui
1143 1375 1263 1450 regunt
1287 1363 1415 1429 animas
1431 1371 1632 1442 sanctorum,

277 1467 413 1548 quando
436 1467 566 1551 aliquos
592 1469 734 1536 viderint
760 1471 895 1536 iuvenes
922 1471 969 1536 ire
991 1472 1034 1536 ad
1058 1471 1198 1548 deserta,
1213 1478 1246 1533 et
1269 1468 1313 1532 ad
1340 1466 1538 1534 coenobium
1564 1487 1631 1532 non

228 1585 260 1624 ¹0
277 1569 397 1648 venire,
412 1581 446 1637 et
472 1573 505 1638 in
532 1573 687 1656 superbia
713 1593 794 1653 esse,
810 1577 947 1652 vadunt,
962 1584 996 1640 et
1012 1574 1077 1638 vim
1094 1575 1142 1638 eis
1158 1573 1292 1652 iaciunt,
1307 1580 1341 1637 et
1357 1571 1528 1638 adducunt
1550 1591 1630 1637 eos:

276 1691 341 1738 uon
359 1684 395 1740 ut
411 1687 564 1756 noceant,
579 1677 637 1742 sed
666 1687 702 1743 ut
718 1677 854 1744 tollatur
879 1680 926 1744 eis
953 1678 1116 1762 superbia.
1135 1677 1210 1742 Hoc
1239 1686 1413 1760 propterea
1429 1675 1515 1754 dico,
1530 1687 1567 1742 ut
1583 1675 1629 1740 iili

274 1777 329 1858 qui
346 1789 483 1845 manent
495 1781 528 1845 in
545 1781 689 1861 secretis,
703 1793 737 1848 et
753 1782 891 1849 veniunt
905 1783 949 1847 ad
965 1781 1216 1860 coenobium,et
1233 1780 1350 1846 tratres
1366 1779 1512 1858 visitant,
1521 1779 1565 1844 ab
1576 1778 1628 1843 his

274 1879 331 1962 qui
347 1883 474 1948 suntin
491 1883 660 1948 coenobiis
677 1907 743 1950 non
760 1898 941 1969 arguantur
956 1886 1052 1970 quasi
1068 1886 1280 1968 inpatientes,
1291 1885 1349 1949 sed
1361 1883 1455 1967 quasi
1473 1881 1625 1948 humiles.

274 1981 384 2049 Nemo
399 1986 490 2052 dicat
514 1989 557 2054 de
583 1989 700 2055 vobis:
717 1989 805 2056 Ecce
820 1989 884 2070 iile,
899 1991 955 2074 qui
983 1991 1017 2056 in
1042 1989 1178 2056 heremo
1193 1990 1298 2069 sedet,
1312 1989 1391 2073 quia
1408 2007 1474 2052 non
1493 1986 1628 2071 patitur,

222 2106 253 2160 ις
273 2089 371 2154 venit.
389 2090 568 2174 Propterea
583 2094 683 2172 venit,
698 2101 736 2158 ut
753 2102 785 2158 te
801 2091 964 2174 aedificet,
980 2113 1045 2159 non
1063 2094 1223 2172 destruat,
1237 2103 1271 2158 et
1287 2102 1324 2158 ut
1347 2091 1536 2175 superbiam
1554 2109 1626 2172 per·

271 2191 338 2256 dat.
356 2192 479 2260 Videte
493 2194 601 2278 qualis
617 2196 705 2262 vitae
720 2198 763 2262 sit
778 2220 785 2261 :
801 2197 882 2264 vivit
898 2198 930 2262 in
947 2198 1089 2276 deserto,
1104 2207 1138 2263 et
1154 2208 1266 2264 tamen
1283 2196 1424 2280 gloriam
1442 2213 1509 2260 non
1525 2193 1627 2259 habet

270 2315 386 2363 eorum
401 2297 459 2381 qui
475 2299 508 2362 in
525 2302 658 2365 deserto
673 2311 761 2368 sunt.

314 2400 406 2466 Deus
423 2401 535 2486 itaque
550 2405 764 2488 omnipotens
779 2405 902 2483 omnia,
917 2425 1003 2491 quae
1016 2405 1117 2470 locuti
1133 2423 1257 2480 sumus,
1272 2399 1479 2467 orationibus
1494 2408 1626 2466 sancto·

268 2524 338 2568 rum
356 2526 418 2570 nos
433 2526 567 2592 quoque
581 2507 720 2592 implere
736 2507 843 2575 saciat.
862 2509 955 2575 Nihil
977 2510 1066 2574 enim
1082 2509 1210 2593 grande
1233 2516 1284 2572 est
1298 2507 1418 2584 dicere,
1434 2505 1492 2570 sed
1510 2505 1625 2574 iacere.

215 2627 250 2664 20
268 2607 335 2674 Sed
360 2611 450 2694 quod
478 2631 541 2694 ego
568 2611 675 2676 iacere
700 2633 766 2678 non
788 2633 934 2698 possum,
949 2623 983 2679 et
1010 2613 1136 2698 loquor,
1152 2613 1228 2677 ideo
1244 2609 1370 2694 loquor,
1386 2617 1423 2674 ut
1438 2609 1496 2692 qui
1512 2617 1624 2691 potest

268 2709 374 2778 iacere
391 2712 500 2781 iaciat.
515 2719 522 2748 ⁸
540 2713 606 2796 Qui
617 2714 717 2782 habet
733 2736 828 2781 aures
844 2717 1002 2783 audiendi
1019 2716 1134 2783 audiat
1149 2715 1178 2783 ¹:
1193 2715 1226 2780 in
1244 2713 1367 2796 Xpisto
1388 2712 1463 2776 lesu
1475 2708 1624 2776 Domino

268 2826 391 2882 nostro.

304 2998 315 3035 1
334 2987 488 3048 sanctorum]
507 3003 557 3037 om.
574 2988 602 3039 In
706 2989 927 3058 transmunde
1032 2993 1054 3042 0
1073 2999 1103 3042 tu
1122 2993 1170 3057 qui
1186 2989 1281 3050 tirones]
1303 2988 1376 3038 Ovos
1392 2986 1439 3053 qui
1456 2983 1621 3036 marrctr'sitL.

270 3068 465 3135 aincoenobs'r's]
484 3070 513 3118 r'rr
531 3070 679 3122 cornolrr'ob.
782 3079 883 3140 Μαι]
900 3089 949 3124 out.
964 3071 1015 3124 λΙ).
1118 3077 1280 3138 stantum]
1298 3078 1385 3120 secreto
1402 3071 1433 3119 D.
1534 3069 1625 3130 sedere]

267 3151 327 3200 uelle
337 3151 416 3202 sedere
428 3151 458 3202 L.
559 3151 712 3218 opraesenre
731 3161 814 3205 sancto
828 3155 926 3220 fratre]
946 3155 1007 3224 βῦς
1022 3157 1162 3222 posm'tente
1172 3173 1192 3206 s.
1199 3157 1224 3221 ſs
1239 3153 1274 3214 λ;
1291 3158 1429 3220 praesenter
1443 3151 1579 3216 confratres
1590 3149 1620 3204 L.

268 3235 377 3298 yopm]
395 3240 455 3298 opus
472 3230 521 3284 λι.
622 3235 701 3298 opere]
720 3236 861 3299 superbiam
881 3236 921 3296 103
940 3243 963 3286 et
982 3245 1055 3302 opera
1075 3235 1100 3288 λ.
1205 3237 1273 3300 t3r'n
1285 3233 1410 3296 coenobiis]
1431 3236 1460 3286 in
1470 3233 1578 3286 coenobio
1590 3233 1620 3284 L.

270 3324 299 3375 14
309 3314 423 3376 devotis]
446 3312 524 3382 βλῦς
544 3331 575 3364 ex
585 3316 652 3366 vobis
665 3315 694 3366 L.
799 3327 827 3381 15
849 3333 899 3368 non
917 3317 1040 3380 destruat]
1058 3335 1108 3368 nors
1124 3319 1188 3368 utd.
1203 3316 1251 3369 λῐ..
1357 3329 1385 3378 19
1395 3316 1500 3382 quoque]
1520 3332 1571 3367 orn.
1586 3317 1619 3366 D.

267 3405 300 3442 ao
309 3395 359 3443 Sed
367 3396 434 3460 quod
442 3394 583 3462 egvsaccrae]
594 3397 631 3448 Et
642 3399 666 3446 sr'
675 3397 829 3462 qmtsacrre
843 3399 867 3447 D
878 3415 886 3458 ς
899 3400 941 3448 vel
949 3398 1062 3463 sisacm
1074 3400 1096 3450 L
1103 3417 1112 3464 5
1129 3397 1145 3450 λ
1157 3415 1206 3448 orn.
1220 3415 1268 3464 rgo.
1371 3411 1402 3448 22
1414 3398 1506 3460 nostro]
1523 3398 1548 3447 D
1560 3398 1620 3450 add.

267 3479 349 3526 Amen
360 3493 368 3536 ι
381 3475 414 3546 βλ
425 3479 469 3528 cui
479 3485 514 3529 cst
524 3478 603 3530 hortor
614 3481 698 3530 virtus
707 3486 732 3530 et
739 3488 845 3546 potestas
857 3483 886 3531 in
898 3485 994 3532 saecula
1005 3483 1157 3532 saeculorum
1169 3484 1251 3532 Amen
1262 3499 1270 3542 ;
1291 3481 1313 3531 L
1324 3481 1366 3532 rui
1376 3497 1397 3530 e.
1411 3481 1435 3531 lr.
1449 3497 1473 3531 v.
1486 3497 1507 3532 e.
1516 3488 1623 3546 potestas

265 3559 380 3621 reglon'a
391 3561 409 3609 r'.
424 3575 444 3610 s.
457 3576 477 3612 s.
491 3563 582 3614 Amen.

266 3703 422 3768 trioualem
437 3719 553 3786 portam
575 3709 665 3771 situm
680 3725 774 3774 erate
799 3713 919 3792 regione
1014 3734 1058 3792 19.
1075 3709 1237 3794 sedsacere]
1254 3715 1342 3776 Coni.
1359 3733 1388 3792 p.
1406 3713 1508 3790 308,1.
1525 3731 1559 3790 ²7
1577 3731 1620 3790 sq.

266 3804 372 3925 ¹specus
387 3789 519 3850 Domini
537 3791 626 3855 Coni.
643 3804 745 3854 notam
760 3793 799 3854 ad
814 3813 842 3872 p.
872 3815 917 3872 19,
1014 3816 1059 3855 21.
1074 3793 1190 3876 audiat]
1208 3797 1315 3856 Matth.
1337 3815 1381 3866 11,
1401 3813 1444 3872 15.

277 3911 284 3927 .
298 3888 342 3942 2⁴·

488 3979 704 4031 ADMONITIO
723 3979 762 4032 IN
781 3981 947 4032 PROXIME
964 3983 1175 4034 SUBIECTAM
1195 3982 1397 4033 HOMILIAM.

301 4105 372 4158 Haec
382 4106 497 4170 homilia,
511 4109 606 4176 optime
617 4111 706 4177 lector,
719 4115 785 4181 typis
795 4115 837 4166 uix
848 4115 967 4166 mandata
986 4125 1049 4178 erat,
1062 4133 1118 4168 cum
1131 4116 1180 4184 iegi
1193 4116 1219 4166 in
1233 4116 1486 4180 FessIer·Jungrnnnn
1507 4115 1617 4166 institut.

268 4187 457 4255 Patroiog.11²,
476 4193 535 4254 446,
553 4203 606 4244 nor.
621 4208 656 4259 3:
678 4197 784 4248 ‘Smne
802 4198 866 4249 alius
885 4199 914 4249 de
926 4201 1101 4263 persecutione,
1123 4200 1167 4266 qui
1189 4199 1255 4250 inter
1274 4197 1439 4250 Caesarianos
1456 4198 1564 4249 occurrit
1584 4198 1621 4258 (in

267 4271 347 4337 Μῦς.
358 4273 423 4324 Bibi.
438 4273 516 4326 Hom.
527 4285 566 4337 27.
579 4276 645 4329 bibl.
657 4279 725 4330 Max.
742 4280 820 4331 Hom.
833 4289 874 4344 45.
888 4279 920 4332 ci.
932 4279 1018 4331 Oudiu
1029 4296 1054 4332 n.
1071 4283 1127 4345 154)
1138 4290 1164 4332 et
1175 4298 1195 4332 s.
1207 4279 1349 4347 Augustino
1360 4279 1518 4341 adscribitur,
1533 4295 1618 4330 revera

266 4367 347 4418 neque
357 4353 440 4416 huius,
452 4370 536 4422 neque
547 4356 616 4408 iilius
634 4369 681 4422 est,
694 4361 739 4412 sed
759 4362 792 4412 ad
803 4361 917 4428 ignotum
927 4371 1025 4429 spectat
1036 4372 1164 4415 auctorem
1178 4365 1330 4434 Sermonum
1342 4363 1374 4414 ad
1386 4363 1475 4414 iratres
1486 4363 1512 4413 in
1524 4377 1619 4424 eremo,

266 4450 329 4500 qnos
339 4436 405 4490 iuter
415 4445 453 4490 est
466 4439 554 4492 Sermo
565 4440 607 4490 60.
620 4445 757 4494 Auctorem
769 4459 830 4494 vero
840 4444 907 4496 huuc
917 4461 938 4495 s.
953 4445 1136 4510 Hieronymum
1160 4461 1214 4498 esse
1231 4455 1315 4496 censet
1326 4447 1358 4495 cl.
1374 4447 1408 4497 D.
1421 4445 1455 4496 G.
1469 4446 1563 4506 Morio,
1575 4445 1619 4512 qui

265 4521 403 4575 mirionum
421 4524 521 4577 illorum
542 4539 686 4578 sermonum
705 4525 757 4576 iam
776 4533 847 4589 parat
865 4524 880 4577 ’.
901 4526 970 4578 Cave
989 4528 1097 4578 credas:
1121 4527 1238 4594 equidem
1262 4528 1475 4592 Hieronymianas
1493 4529 1620 4580 orationes

267 4605 377 4657 edendas
395 4607 504 4673 suscepi,
517 4607 622 4660 minime
641 4623 701 4658 vero
721 4608 855 4659 Sermones
866 4608 898 4658 ad
911 4608 998 4659 iratres
1016 4609 1043 4660 iu
1055 4627 1149 4670 eremo,
1162 4627 1225 4674 quos
1237 4627 1268 4660 ex
1279 4611 1397 4674 ignobilis
1417 4609 1509 4662 turarii
1520 4610 1622 4661 officina

269 4689 379 4752 prodisse
390 4689 441 4741 iam
453 4691 515 4742 olim
526 4703 634 4743 constat.

321 4801 432 4846 nnuma
440 4803 592 4848 ttuedsotsna
603 4804 648 4855 111,
657 4818 676 4846 a.
