4092 5502
476 408 560 492 314
853 405 881 466 S.
906 405 1159 468 HIERONYMI
1182 407 1446 469 PRESBYTERI

476 626 509 690 in
525 624 681 690 cordibus
697 622 826 700 nostris,
842 623 944 690 Abba
969 633 1062 707 pater
1078 623 1093 687 ³.
1111 623 1191 688 Vox
1219 645 1305 707 quae
1332 626 1455 690 clamat
1485 626 1527 689 ad
1547 625 1666 700 Deum,
1690 642 1755 688 non
1783 633 1830 686 est

481 727 655 805 labiorum,
681 727 739 790 sed
765 726 874 791 cordis
901 737 959 790 est.
978 727 1132 809 Denique
1159 727 1239 791 dicit
1269 727 1438 794 Dominus
1464 729 1507 792 ad
1539 728 1681 810 Moysen
1696 750 1703 792 :
1720 733 1727 759 ⁸
1745 726 1830 810 Quid

480 832 605 896 clamas
621 831 664 896 ad
681 835 760 895 me?
776 831 782 856 ’
800 831 844 894 Et
871 839 961 894 certe
987 831 1124 912 Moyses
1140 829 1221 894 nihil
1248 833 1390 898 dixerat.
1416 832 1464 896 Et
1484 831 1597 915 gladii
1619 831 1774 914 anci'pites
1800 830 1831 894 in

480 937 632 1002 manibus
646 959 765 1001 eorum.
778 937 837 1001 lsti
848 937 905 1020 qui
915 937 1071 1002 exultant
1087 938 1120 1002 iu
1137 936 1301 1004 cubilibus
1317 941 1394 1016 suis,
1404 977 1447 988 -
1457 941 1499 1003 de
1514 940 1638 1003 sanctis
1654 939 1785 1015 dicitur,
1793 936 1832 1000 de

479 1042 635 1128 perlectis
647 1042 723 1106 viris
734 1042 854 1108 dicitur
865 1043 997 1125 -quid
1015 1043 1140 1108 habent
1155 1043 1270 1107 aliud?
1288 1045 1332 1108 Et
1344 1044 1448 1126 gladii
1460 1043 1622 1126 ancipites
1633 1043 1668 1106 in
1682 1043 1832 1106 manibus
1864 1055 1875 1106 5

480 1167 605 1212 eorum.
621 1146 733 1212 Gladii
761 1146 931 1230 ancipites.
956 1146 1067 1212 Gladii
1095 1157 1286 1212 sanctorum
1313 1148 1475 1232 ancipites
1507 1156 1591 1212 sunt.
1614 1147 1775 1228 Legimus
1802 1149 1831 1208 in

481 1251 690 1335 Apocalypsi
707 1251 877 1328 Iohannis,
892 1271 978 1334 quae
994 1249 1027 1314 in
1045 1250 1192 1314 ecclesiis
1209 1250 1338 1333 legitur,
1350 1261 1383 1314 et
1399 1251 1556 1333 recipitur
1568 1287 1611 1298 -
1624 1270 1732 1332 neque
1744 1250 1829 1312 enim

479 1355 566 1420 inter
590 1355 800 1438 apocryphas
827 1355 1006 1436 scripturas
1033 1352 1184 1430 habetur,
1199 1354 1258 1416 sed
1285 1353 1372 1416 inter
1398 1353 1639 1419 ecclesiasticas
1655 1391 1698 1402 -
1714 1354 1831 1418 dicitur

480 1477 560 1541 ergo
586 1458 632 1523 ibi
659 1460 701 1521 de
729 1457 878 1522 Domino
905 1455 1080 1521 Salvatore
1094 1479 1101 1519 :
1117 1461 1124 1488 ‘
1143 1455 1188 1520 Et
1214 1453 1354 1537 gladius,
1370 1456 1488 1538 inquit,
1511 1477 1555 1519 ex
1583 1466 1722 1538 utraque
1739 1465 1829 1537 parte

480 1572 598 1627 acutus
614 1561 846 1644 egrediebatur
871 1560 912 1625 de
939 1579 995 1624 ore
1022 1559 1092 1623 eius
1108 1559 1124 1625 ’.
1140 1559 1246 1622 Vides
1263 1579 1343 1641 ergo
1369 1560 1460 1643 quod
1488 1561 1542 1624 isti
1570 1560 1676 1624 sancti
1705 1559 1832 1641 gladios
1852 1577 1878 1614 10

481 1666 561 1734 istos
588 1666 759 1748 ancipites,
786 1684 870 1748 quos
896 1664 1023 1729 habent
1050 1663 1082 1726 in
1112 1662 1275 1741 manibus,
1291 1664 1333 1727 de
1359 1685 1416 1728 ore
1443 1664 1580 1729 Domini
1609 1673 1832 1744 susceperunt.

482 1769 648 1834 Dominus
662 1789 744 1852 ergo
759 1768 909 1850 gladium
926 1768 968 1831 de
994 1787 1051 1831 ore
1076 1787 1137 1832 suo
1161 1768 1266 1831 donat
1282 1767 1453 1849 discipulis
1470 1768 1538 1832 suis
1552 1791 1560 1831 :
1576 1767 1726 1849 gladium
1745 1767 1831 1829 anci·

482 1873 595 1955 pitem,
610 1872 673 1935 hoc
689 1883 750 1950 est,
765 1891 953 1936 sermonem
970 1871 1142 1936 doctrinae
1170 1892 1257 1935 suae.
1275 1871 1432 1937 Gladium
1450 1873 1651 1955 ancipitem:
1668 1882 1702 1935 et
1718 1890 1831 1934 secun·

481 1978 562 2042 dum
573 1976 745 2040 historiam
756 1986 790 2041 et
802 1976 986 2040 secundum
999 1975 1240 2057 allegoriam,et
1251 1976 1434 2042 secundum
1446 1977 1591 2040 litteram
1605 1985 1639 2039 et
1651 1975 1832 2038 secundum

484 2081 647 2165 spiritum.
676 2078 834 2144 Gladium
861 2078 1064 2160 ancipitem:
1090 2081 1147 2160 qui
1172 2091 1206 2142 et
1230 2081 1437 2144 adversarios
1464 2079 1597 2155 occidit,
1621 2090 1654 2142 et
1682 2077 1831 2142 delendit
1853 2097 1878 2148 15

486 2203 574 2249 suos.
590 2181 748 2247 Gladium
773 2183 963 2264 ancipitem.
981 2181 1121 2248 Gladius
1145 2184 1207 2247 iste
1234 2203 1357 2266 anceps
1384 2185 1452 2249 duo
1467 2185 1579 2267 capita
1594 2183 1719 2248 habet:
1744 2183 1833 2246 etde

488 2288 653 2371 praesenti
670 2286 804 2351 saeculo
820 2285 975 2369 loquitur,
989 2297 1023 2350 et
1038 2286 1081 2349 de
1097 2285 1230 2352 futuro:
1246 2297 1279 2350 et
1295 2288 1347 2351 hic
1374 2288 1496 2353 occidit
1521 2288 1738 2364 adversarios,
1753 2296 1788 2351 et
1803 2285 1833 2348 in

483 2391 578 2456 caelo
591 2391 700 2473 aperit
715 2409 819 2472 regna
834 2389 1012 2456 caelorum.
1028 2387 1166 2454 Gladios
1182 2389 1264 2454 istos
1280 2410 1382 2472 quare
1398 2391 1524 2455 habent
1540 2391 1671 2455 sancti?

522 2493 585 2557 Ad
587 2493 791 2574 faciendam,
815 2493 932 2576 inquit,
958 2493 1138 2558 vindiciam
1161 2492 1197 2556 in
1222 2494 1417 2560 natianibus.
1438 2496 1514 2561 Osi
1538 2507 1573 2560 et
1598 2517 1661 2579 ego
1685 2495 1833 2578 gladium

483 2598 584 2662 istum
610 2597 790 2682 ancipitem
818 2597 940 2661 habere
965 2599 1101 2679 possim,
1117 2604 1153 2659 ut
1179 2597 1286 2661 lacere
1310 2601 1436 2681 possim
1462 2599 1644 2664 vindictam
1673 2599 1707 2663 in
1729 2599 1833 2662 natio·
1852 2615 1879 2652 20

484 2701 590 2780 nibus,
622 2711 659 2766 ut
689 2702 837 2766 diversas
868 2710 987 2784 gentes
1028 2700 1153 2784 possim
1189 2700 1384 2780 interficere,
1418 2713 1454 2768 ut
1485 2704 1609 2785 possim
1651 2701 1833 2767 interficere

482 2807 629 2884 Arrium,
644 2807 768 2892 possim
787 2804 1002 2882 Eunomium,
1018 2805 1142 2886 possim
1162 2805 1408 2884 Manichaeum,
1424 2807 1551 2889 possim
1569 2807 1739 2871 universas
1760 2805 1833 2869 hae-

481 2911 588 2974 resesl
607 2909 651 2975 Et
666 2910 743 2974 vide
769 2910 849 2992 quid
875 2908 973 2986 dicat,
998 2909 1054 2972 Ad
1082 2908 1268 2974 faciendam
1296 2909 1477 2974 vindictam
1508 2911 1541 2973 in
1570 2908 1772 2974 nationibus.
1790 2908 1835 2974 Ut

481 3012 699 3078 occidantur?
716 3023 752 3078 ut
767 3014 928 3094 pereant?
953 3013 1031 3076 Non
1048 3013 1112 3078 hoc
1127 3015 1216 3079 dicit.
1233 3013 1469 3096 increpationes
1486 3013 1668 3096 inpupillis.
1688 3014 1834 3097 Increpa,

482 3128 519 3182 ut
535 3117 703 3182 salventur
719 3117 843 3201 populi,
860 3130 895 3181 ut
911 3117 1080 3182 salventur
1095 3119 1152 3201 qui
1170 3119 1296 3182 inducti
1313 3129 1427 3182 sunta
1445 3118 1541 3182 malis
1558 3117 1734 3201 magistris.
1759 3116 1832 3180 Non
1851 3131 1876 3183 25

482 3231 593 3286 autem
620 3231 758 3302 possunt
783 3222 897 3304 populi
922 3223 1061 3298 liberari,
1080 3223 1142 3284 nisi
1169 3224 1318 3304 magistri
1343 3223 1484 3307 obligati
1512 3222 1642 3287 luerint.
1661 3221 1763 3287 Unde
1787 3241 1832 3284 se·

482 3325 615 3408 quitur:
1383 3309 1384 3312 ¹
1673 3389 1680 3402 ,

525 3429 586 3493 Ad
597 3429 781 3511 alligandos
796 3449 883 3511 reges
897 3451 1005 3496 aarum
1023 3431 1057 3494 in
1075 3431 1272 3512 conpedibus.
1291 3431 1354 3494 Vis
1380 3431 1524 3514 populos
1547 3430 1706 3495 liberari?
1732 3429 1831 3513 magi·

481 3549 566 3600 stros
580 3535 655 3616 liga.
666 3534 721 3626 Ad
739 3535 926 3616 alligandos
943 3557 1045 3618 reges.
1063 3537 1139 3600 Non
1151 3537 1282 3599 vocavit
1293 3535 1479 3618 magistros,
1492 3535 1551 3598 sed
1568 3554 1662 3616 reges
1675 3555 1682 3598 :
1695 3541 1833 3616 regnaut

480 3640 569 3703 enim
588 3639 727 3702 miseriis
742 3658 866 3702 eorum.
879 3639 934 3702 Ad
952 3640 1142 3722 alligandos
1159 3661 1252 3722 reges
1268 3659 1382 3702 eorum
1400 3639 1432 3701 in
1448 3639 1664 3722 conpedibus.
1682 3637 1774 3702 Beue
1786 3637 1831 3700 di·
1848 3655 1874 3706 30

513 3853 527 3904 3
539 3841 577 3890 Er
587 3843 658 3904 certe]
670 3840 686 3909 β
698 3858 749 3893 om.
762 3849 792 3891 et.
892 3841 981 3904 4Isli]
1002 3845 1071 3893 istud
1082 3843 1105 3912 β.
1206 3844 1333 3904 exaltant]
1352 3843 1501 3892 exultabunt
1513 3843 1539 3893 S.
1641 3853 1655 3905 5
1666 3841 1731 3906 quid
1748 3841 1834 3891 haunt

480 3923 565 3983 aliud]
576 3931 600 3971 cl
611 3940 633 3986 q.
647 3924 673 3973 a.
687 3940 710 3974 a.
725 3923 746 3973 C
757 3943 764 3983 ;
775 3925 823 3988 qui
833 3925 922 3973 halent
934 3927 951 3974 S
965 3929 1025 3985 (om.
1039 3927 1130 3986 aliud).
1232 3927 1269 3975 Et
1276 3925 1373 3988 gladii]
1390 3933 1414 3973 el
1422 3925 1519 3988 gladiis
1532 3923 1547 3991 β
1559 3941 1566 3983 ;
1580 3924 1676 3987 gladios
1689 3925 1706 3974 S
1719 3923 1780 3984 (om.
1792 3923 1831 3981 et).

479 4003 665 4062 demandatis
678 4005 736 4072 pls,
842 4020 868 4055 12
877 4005 1003 4071 gladium]
1011 4009 1106 4073 gladios
1120 4007 1158 4075 βΙ.
1259 4008 1399 4071 drscipulis]
1409 4009 1501 4056 sciuris
1514 4005 1538 4074 β.
1642 4018 1670 4070 15
1685 4007 1803 4056 Gladium
1810 4019 1832 4052 a·

479 4103 502 4151 q.
516 4104 536 4137 e.
550 4105 575 4138 a.
588 4105 608 4138 0.
623 4105 642 4138 e.
656 4090 679 4139 d.
694 4086 758 4148 suas]
769 4106 819 4138 om.
835 4087 858 4156 β.
960 4104 992 4138 20
1003 4109 1057 4157 sqq.
1068 4091 1172 4154 possim]
1184 4091 1244 4150 cS;
1259 4099 1353 4154 possem
1367 4089 1406 4158 βΙ.
1508 4103 1536 4138 21
1551 4083 1762 4148 uldiversas]C;
1778 4095 1801 4136 el
1810 4085 1831 4134 d.

480 4172 497 4220 S
509 4187 579 4231 ;om.
594 4169 619 4238 β.
697 4173 958 4234 zziwesesjsadd.
972 4175 1247 4238 sivcviciaetpeccata.
1324 4186 1356 4235 24
1367 4173 1426 4221 Non
1438 4171 1581 4232 liacJSom.
1597 4186 1655 4220 nain
1724 4165 1835 4234 Inciepa]

479 4253 518 4312 (ῖς
530 4254 640 4317 increpa!
652 4254 691 4320 βΙ.
793 4256 823 4304 28
831 4253 942 4319 populos]
952 4258 1075 4320 pupulum
1089 4253 1113 4320 β.
1213 4254 1331 4316 liberari]
1348 4255 1453 4303 liberare
1466 4252 1505 4322 βΙ.
1607 4266 1639 4316 30
1649 4253 1769 4316 miseriis}
1780 4251 1834 4306 CS;

479 4336 507 4383 in
520 4337 629 4385 miseriis
642 4337 652 4385 l
665 4354 672 4396 ς
685 4339 827 4400 inpeccatis
839 4347 860 4386 et
873 4339 984 4387 miseriis
998 4341 1021 4404 ,h

525 4529 546 4568 1.
554 4504 656 4588 pater]
666 4509 754 4566 Rom.
772 4509 799 4566 8.
820 4525 864 4582 15.
1188 4523 1216 4581 p.
1234 4521 1260 4580 5,
1274 4507 1291 4564 l.
1310 4523 1347 4562 20
1364 4523 1427 4580 sqq.

522 4611 548 4666 3.
565 4585 693 4668 admei]
706 4589 799 4647 Exod.
822 4608 866 4660 14,
887 4607 930 4664 15.
1233 4583 1475 4666 10.eiiis]Apoc.
1497 4605 1519 4643 1.
1541 4587 1584 4645 16.

521 4679 547 4731 8.
564 4673 612 4730 scd
624 4673 702 4730 inter
717 4670 922 4750 ecclesiasticas]
938 4671 1025 4730 Conl.
1038 4687 1134 4744 supra,
