4112 5496
472 403 529 496 30
927 413 1082 476 saucrt
1112 411 1366 474 manorum
1767 408 1825 492 [xx

470 655 623 714 omnes
657 627 879 712 offerimus
909 627 1189 739 deprecando,
1226 627 1318 710 sive
1351 627 1470 737 quod
1505 653 1583 737 pro
1619 623 1826 710 omnibus

472 793 601 850 suum
623 765 716 877 ipse
736 767 992 878 sanguinem
1030 767 1152 850 ludit.
1178 769 1238 850 Et
1261 779 1328 850 est
1358 793 1530 850 sensus:
1555 765 1624 848 Ne
1650 765 1826 875 patiaris

472 930 736 1016 quemquam
769 905 917 1014 perire,
939 933 1037 988 cum
1076 931 1154 1016 pro
1186 903 1393 988 omnibus
1428 915 1627 986 mortuus
1657 901 1730 985 sis.
1759 903 1828 984 Ei

472 1069 638 1126 ornnem
657 1043 926 1125 voluntatem
945 1048 1072 1125 inam
1103 1042 1294 1152 impleat.
1319 1050 1329 1082 ⁴
1354 1043 1491 1141 Pater,
1512 1039 1614 1122 volo
1645 1051 1694 1121 ut
1721 1065 1828 1150 quo—

473 1180 604 1264 modo
633 1207 715 1292 ego
734 1191 776 1262 et
798 1191 845 1264 tu
868 1207 1004 1264 unum
1036 1207 1201 1282 sumus,
1225 1181 1286 1263 sic
1305 1190 1348 1262 et
1369 1179 1440 1262 isti
1463 1179 1507 1262 in
1533 1177 1660 1262 nobis
1690 1207 1825 1262 unum
1861 1212 1876 1266 s

473 1317 560 1402 sint
581 1319 600 1400 '.
635 1318 727 1400 lsn'
744 1318 790 1400 in
823 1318 1034 1418 curribus,
1055 1323 1100 1400 et
1130 1318 1211 1400 isli
1239 1319 1285 1400 in
1316 1318 1446 1428 eqrus.
1471 1317 1637 1400 Currus
1656 1329 1699 1400 et
1727 1317 1826 1428 equi

473 1481 641 1565 semper
661 1454 704 1537 in
725 1455 955 1566 Aegyptiis
988 1467 1240 1567 arguuntur.
1282 1456 1367 1537 lllii
1403 1455 1577 1540 credant
1617 1455 1746 1539 idolis
1765 1468 1827 1538 at-

471 1619 556 1704 que
594 1592 865 1678 daemoniis:
908 1621 989 1678 nos
1026 1594 1297 1678 confidamus
1336 1595 1379 1678 in
1421 1593 1591 1705 Xpist0.
1630 1595 1824 1695 Domine,

469 1729 642 1814 salvum
649 1731 737 1841 fac
756 1738 967 1842 regnunt
985 1732 1245 1815 exaudinos
1264 1733 1310 1815 iu
1330 1759 1599 1842 quacumque
1622 1732 1692 1814 die
1711 1732 1828 1816 inuo-

470 1871 713 1953 cnven'nzns
743 1876 795 1954 te.
837 1870 889 1953 In
925 1869 1108 1955 hebraeo
1140 1870 1201 1954 ita
1234 1872 1440 1982 scriptum
1475 1882 1568 1954 est:
1606 1871 1827 1954 ‘Domine
1846 1909 1880 1947 ιο

472 2007 641 2091 salvum
673 2009 738 2093 sac
768 2035 923 2120 regem,
957 2008 1031 2120 qui
1062 2009 1262 2094 exaudiet
1292 2036 1372 2092 nos
1393 2007 1437 2091 in
1458 2017 1731 2120 quacumque
1758 2008 1828 2093 die

472 2145 815 2230 invocaverimus
835 2174 934 2231 eum
956 2147 977 2232 ’.
1048 2189 1050 2192 ·
1818 2135 1825 2148 ’

1103 2440 1204 2522 ΧΧ.

527 2705 724 2806 Domine,
747 2706 793 2787 in
800 2703 1073 2813 fortitudine
1094 2709 1173 2786 tun
1193 2701 1534 2786 lnelabitnrren.
1554 2703 1643 2786 lste
1657 2713 1723 2785 est
1737 2727 1822 2800 rex,

470 2841 552 2942 cui,
576 2843 687 2926 utin
710 2843 918 2953 superiori
940 2842 1107 2952 psalmo
1137 2840 1349 2945 scribitur,
1373 2841 1610 2926 secundum
1642 2841 1824 2923 sormam
1847 2880 1880 2934 ις

471 2980 582 3064 servi
615 2993 760 3064 oratur
796 2980 941 3064 salus:
977 2979 1164 3090 Xpistus
1206 2989 1214 3020 ‘
1255 3007 1328 3064 rex
1360 3006 1511 3092 regum
1544 2991 1586 3064 et
1620 2979 1824 3064 dominus

471 3117 791 3200 dominantium
819 3120 838 3202 '.
862 3117 930 3201 Et
967 3125 1099 3229 super
1115 3119 1313 3203 salutari
1339 3125 1414 3202 ino
1444 3119 1687 3202 exsultabit
1704 3119 1826 3202 nebe-

469 3260 642 3338 ruenier.
689 3255 740 3338 Id
781 3269 873 3344 est:
909 3257 953 3340 in
988 3257 1187 3368 eoquod
1220 3257 1396 3340 salvasti
1430 3256 1639 3375 homines,
1685 3256 1823 3340 Filius

470 3402 582 3490 tuus
607 3393 681 3502 qui
704 3393 892 3476 salvator
910 3406 987 3495 est,
1010 3393 1253 3478 exsultabit.
1277 3393 1553 3476 Desiden'nrn
1573 3393 1714 3477 cordis
1732 3393 1825 3476 eins

468 3528 631 3612 dedz'sn'
643 3530 693 3630 ei,
716 3536 759 3613 ei
779 3533 1003 3616 voluntate
1022 3531 1235 3614 lubiorum
1255 3531 1347 3614 eins
1367 3559 1450 3615 non
1457 3531 1701 3640 fraudasti
1712 3559 1818 3616 euru.
1844 3567 1880 3608 ω

471 3666 563 3748 Iam
593 3667 754 3780 quippe
784 3697 870 3754 non
905 3695 1059 3752 sumus
1090 3671 1214 3769 servi,
1238 3669 1313 3753 sed
1343 3669 1487 3753 amici:
1509 3670 1626 3780 quod
1657 3670 1819 3781 petivit,

468 3805 685 3916 expletum
717 3818 797 3892 est:
821 3807 1041 3918 quomodo
1064 3807 1154 3918 ipse
1175 3821 1216 3891 et
1239 3809 1365 3890 Pater
1395 3835 1531 3891 unum
1563 3822 1677 3909 sunt,
1701 3807 1821 3892 sicet

500 4019 696 4083 puniuntur]
710 4017 786 4086 ectu
820 4026 933 4068 nurtuus
952 4021 986 4068 sit
1005 4021 1066 4069 AM.
1166 4019 1309 4083 bequilC;
1342 4020 1413 4086 equis
1427 4021 1456 4081 E,
1470 4022 1504 4071 ob
1524 4021 1629 4086 primam
1651 4022 1758 4072 litteram
1778 4021 1821 4070 ad-

467 4099 545 4150 verbii
557 4114 627 4164 seq.;
639 4099 697 4150 inde
706 4115 784 4164 equus
793 4098 873 4167 ΑΜβ.
978 4115 986 4149 r
992 4111 1005 4164 5
1015 4102 1058 4150 cui
1066 4107 1095 4149 ut
1103 4101 1131 4149 in
1140 4101 1365 4166 superruipralnu
1373 4102 1502 4163 scn'bitur]
1515 4103 1590 4152 EAM
1601 4103 1638 4162 (in
1649 4100 1823 4152 Aconiunctio

466 4187 496 4229 ul
506 4180 593 4230 addita
605 4191 642 4230 est
655 4197 710 4245 sup.
725 4180 797 4242 lin.);
830 4183 874 4230 cui
888 4189 912 4231 et
929 4184 958 4231 iu
975 4183 1100 4246 superiori
1112 4185 1207 4248 psalruo
1219 4187 1280 4244 (nm.
1293 4183 1422 4244 scribitur)
1436 4181 1475 4250 (ἶβ
1488 4185 1586 4244 (Codex
1600 4185 1626 4236 S.
1643 4183 1751 4234 lidberti
1762 4201 1767 4233 ι
1780 4183 1824 4232 cui

464 4263 527 4312 etin
540 4264 665 4328 superiori
672 4265 768 4330 psalmo
779 4265 916 4326 scribitur).
1021 4264 1049 4313 18
1061 4265 1144 4327 idest]
1156 4266 1200 4314 iste
1210 4271 1245 4314 est
1257 4265 1278 4314 E
1291 4277 1378 4330 postea
1389 4282 1452 4316 corr.

508 4451 533 4508 5.
558 4449 648 4490 uurun
662 4427 734 4510 siut]
752 4431 836 4490 loan.
857 4449 900 4505 ¹7·
1172 4433 1218 4504 28,
1240 4451 1311 4488 1202
1328 4432 1380 4504 ;cl.
1397 4432 1499 4492 adnot.
1516 4431 1607 4491 critic.
1622 4433 1651 4490 P.
1669 4432 1706 4491 de
1718 4433 1822 4506 Lagar-

511 4533 553 4572 12.
576 4512 801 4572 invocaberimus
828 4509 905 4594 elcut]
928 4513 1015 4571 Psalt.
1040 4511 1119 4572 iuxta
1170 4514 1250 4589 dep.
1271 4533 1315 4570 22.

468 4594 548 4654 ltebr.
566 4592 690 4654 Hieron.
707 4614 714 4654 :
730 4597 737 4624 ‘
752 4613 802 4652 rex
812 4593 950 4653 exaudiet
963 4613 1017 4652 nos
1029 4593 1058 4652 in
1069 4593 1119 4653 die
1215 4612 1258 4668 17·
1282 4592 1509 4675 dominantium]
1524 4597 1617 4672 Apoc.
1636 4614 1680 4669 19,
1696 4595 1738 4652 16.

467 4695 527 4754 qua
537 4673 772 4736 invocaverimus
784 4695 853 4736 eum
864 4677 879 4734 ⁸.
898 4677 944 4734 lta
955 4693 1000 4751 ap.
1015 4673 1119 4752 Migne
1213 4695 1258 4734 21.
1282 4676 1330 4734 sed
1342 4672 1444 4755 anu'u']
1461 4677 1544 4736 loun.
1565 4693 1608 4752 15,
1628 4693 1672 4752 15.
