4062 5504
508 440 585 519 140
979 433 1162 495 nnuoun
1185 435 1379 498 uu1scon1

1093 646 1169 698 CAP.
1186 648 1283 697 XIIII.

551 751 630 815 Ecce
644 773 708 836 ego,
725 753 851 838 inquid,
867 753 961 818 mitto
977 773 1033 817 ves
1047 752 1132 816 sicut
1144 775 1217 818 oues
1243 755 1278 818 in
1302 755 1407 820 medio
1426 757 1584 840 lnporum.
1600 757 1720 834 Estote,
1736 755 1858 838 inquid,

498 859 680 943 prudentes
694 858 777 922 sient
792 868 961 942 serpentes,
974 869 1007 922 et
1020 859 1180 942 simplices
1193 859 1278 924 sinet
1290 861 1461 928 columbae.

1026 994 1341 1047 INTERPRETATIO.

552 1101 641 1184 Lupi
657 1121 740 1184 quos
757 1100 847 1177 dicit,
865 1107 1094 1184 persecutores
1111 1101 1215 1164 nostri
1232 1111 1319 1166 sunt.
1336 1100 1427 1167 Ov'es
1444 1111 1556 1166 autem
1574 1120 1636 1166 nos
1658 1119 1784 1176 sumus,
1806 1099 1860 1180 qui
1878 1115 1889 1166 5

507 1213 659 1286 tempore
675 1205 915 1287 persecutionis
932 1227 951 1266 a
968 1203 1056 1285 lupis
1071 1224 1271 1270 coercemur.
1287 1205 1355 1270 Sed
1377 1213 1492 1284 estote,
1515 1205 1643 1289 inquid,
1658 1203 1761 1269 astuti
1777 1203 1861 1266 sicut

509 1317 690 1389 serpentes,
706 1318 740 1372 ct
755 1308 925 1389 simplices
941 1309 1026 1372 sicut
1043 1307 1240 1372 columbae:
1258 1308 1321 1372 hoc
1337 1319 1398 1388 est,
1418 1311 1503 1374 sicut
1519 1328 1657 1391 serpens
1673 1310 1705 1371 in
1722 1307 1861 1371 necessi-

508 1420 578 1476 tate
603 1411 720 1475 mortis
744 1423 844 1495 caput
872 1433 969 1478 suum
997 1415 1093 1488 celat,
1109 1434 1230 1499 corpus
1255 1426 1367 1480 autern
1391 1435 1488 1481 suum
1506 1416 1605 1481 morti
1622 1415 1724 1479 tradit
1739 1437 1746 1491 ;
1763 1413 1810 1478 ita
1831 1423 1862 1476 et

510 1535 571 1580 nos
587 1526 689 1597 caput
706 1527 856 1582 nostrum
871 1519 906 1601 [l.
928 1519 1025 1602 131V]‚
1035 1520 1098 1582 hoc
1110 1529 1169 1596 est,
1177 1517 1351 1585 Christum
1364 1521 1511 1584 celemus
1527 1519 1729 1596 confitendo,
1745 1537 1863 1600 corpus

510 1628 622 1683 autem
640 1627 790 1683 nostrum
809 1615 895 1703 lupis
911 1623 1094 1688 tradamus.
1111 1623 1280 1689 Columba
1306 1634 1420 1688 autern
1446 1624 1584 1689 eeclesia
1605 1633 1667 1702 est,
1680 1624 1775 1688 cuius
1799 1622 1863 1698 filii,
1882 1637 1905 1672 ¹0

512 1722 666 1807 quotiens
683 1724 726 1788 ob
743 1727 878 1792 nomine
895 1727 1019 1793 Christi
1035 1729 1242 1806 occiduntur,
1256 1727 1408 1811 gaudent
1424 1738 1458 1794 et
1475 1727 1640 1794 exultant.

1112 1863 1189 1915 CAP.
1207 1865 1266 1915 XV.

555 1959 671 2030 Nonne
696 1969 759 2031 dne
770 2013 771 2018 η
777 1980 928 2051 passeres
947 1960 1025 2035 'asse
1045 1973 1216 2036 veneunt?
1239 1971 1287 2035 Et
1302 1993 1388 2037 unns
1402 1994 1441 2036 ex
1455 1972 1524 2036 illis
1541 1995 1604 2036 non
1620 1973 1712 2038 cadet
1726 1973 1762 2038 in
1779 1983 1863 2037 terra

511 2069 582 2133 sine
597 2071 762 2136 uoluntate
777 2071 894 2138 Patris
909 2075 1019 2152 uestri,
1035 2075 1142 2157 quiin
1158 2076 1242 2139 caelo
1256 2085 1311 2140 est.

1033 2209 1347 2260 INTERPRETAI’IO.
1449 2251 1453 2262 .
1884 2211 1906 2262 ¹3

561 2314 639 2378 Duo
654 2334 805 2396 passeres
815 2335 899 2398 quos
912 2316 1001 2393 dicit,
1010 2316 1145 2398 spiritus
1158 2327 1191 2381 et
1203 2317 1316 2380 anima
1332 2316 1572 2400 intelliguntur.
1588 2317 1674 2382 sicut
1690 2318 1722 2385 in
1736 2317 1866 2401 psalmo

516 2417 616 2482 dicit:
633 2421 640 2451 ⁸
658 2419 784 2482 Anima
801 2430 914 2483 nostra
930 2421 1016 2483 sicut
1032 2439 1148 2504 passer
1163 2428 1277 2501 erepta
1289 2430 1340 2482 est
1353 2421 1395 2482 de
1408 2419 1528 2503 laqueo
1541 2423 1764 2488 venantium’
1781 2423 1866 2488 Asse

515 2532 629 2587 autem
646 2524 736 2605 quod
754 2523 844 2600 dicit,
870 2525 1026 2588 denarius
1054 2522 1130 2588 fidei
1159 2532 1220 2601 est,
1244 2545 1263 2587 a
1289 2544 1356 2607 quo
1381 2525 1609 2592 convenimus.
1627 2527 1732 2592 Terra
1756 2537 1865 2592 autem

504 2627 617 2710 ¹homo
651 2629 723 2710 ipse
750 2637 809 2706 est,
841 2630 897 2713 qui
925 2629 996 2692 sine
1024 2629 1133 2692 Patris
1161 2627 1333 2694 voluntate
1363 2650 1424 2693 nec
1455 2631 1602 2696 animam
1630 2652 1692 2696 nec
1714 2634 1865 2716 spiritum

516 2742 626 2816 potest
642 2733 801 2830 accipere.
1882 2755 1905 2791 ιο

1108 2847 1185 2897 CAP.
1202 2849 1275 2898 xvt

569 2955 671 3032 Venit,
689 2954 814 3038 inquid,
835 2955 927 3018 Iesus
954 2953 988 3016 in
1012 2974 1221 3036 synagogam,
1235 2964 1268 3017 et
1290 2953 1417 3018 invenit
1442 2955 1490 3021 ibi
1514 2957 1676 3023 hominene
1703 2961 1866 3028 habentem

516 3059 805 3136 mannrrearidam,
820 3069 851 3122 et
873 3058 961 3122 dixit
986 3058 1039 3121 illi
1061 3057 1154 3120 Iesus
1167 3080 1178 3120 :
1204 3056 1351 3121 Extende
1375 3081 1511 3124 manuni
1535 3071 1637 3128 tunm.
1660 3063 1708 3128 Et
1727 3066 1868 3130 extendit

518 3185 662 3241 nicanum,
677 3164 811 3243 etsneta
826 3173 874 3225 est
888 3183 971 3225 sana
986 3161 1070 3225 sient
1084 3161 1198 3225 altera.

1037 3298 1350 3350 INTERPRETATIO.
1882 3295 1904 3346 ²5

566 3413 670 3477 Facta
687 3419 763 3474 sunt
780 3411 845 3474 ista
860 3407 984 3484 omnia,
998 3407 1056 3470 sed
1073 3405 1393 3490 habentspiritalem
1410 3407 1627 3474 intellectum.
1642 3411 1730 3476 Nam
1742 3413 1866 3477 aridam

517 3518 608 3602 quod
640 3517 721 3581 dicit
751 3531 897 3588 manum,
921 3509 1116 3574 infructuosi
1148 3508 1293 3573 hominis
1325 3510 1475 3574 ostendit
1505 3532 1694 3594 personam.
1725 3516 1867 3580 Proinde

518 3621 687 3688 Dominus
712 3619 801 3683 dixit
826 3616 868 3679 ad
901 3633 987 3690 eurn,
1004 3613 1163 3678 Extende
1189 3632 1324 3676 manum
1354 3623 1466 3678 tuam:
1494 3621 1530 3678 ut
1551 3615 1771 3684 elemosinam
1795 3641 1866 3686 cum

518 3725 744 3792 misericordia
759 3730 903 3787 extensa
923 3739 1023 3783 manu
1040 3717 1178 3801 pauperi
1195 3717 1413 3801 porrigamus.

1102 3855 1178 3906 CAP.
1199 3854 1289 3906 XVII.
1881 3853 1902 3904 3⁰

564 3971 683 4037 Sinnile
697 3978 751 4045 est,
767 3967 891 4050 inquid,
909 3985 1043 4048 regnum
1066 3963 1226 4026 caelorum
1251 3961 1400 4025 tleesnnro
1419 3964 1567 4028 absconso
1593 3965 1628 4028 in
1651 3985 1732 4048 agro
1744 3990 1760 4041 ‚·
1779 3987 1867 4050 quern

550 4194 566 4242 9
577 4177 691 4238 celemus]
704 4177 735 4234 G,
749 4175 816 4225 etita
827 4174 930 4239 quidem
939 4172 1073 4236 legendum
1086 4170 1224 4235 praesensit
1238 4169 1307 4219 Beda
1319 4169 1428 4230 Gruodl,
1439 4171 1563 4234 Theolog,
1575 4171 1749 4234 Quartalschr.
1760 4173 1864 4236 TtlbIng.

521 4262 592 4323 1897,
607 4261 657 4310 vol.
673 4259 795 4316 Lxxlx,
810 4275 834 4320 p.
850 4259 897 4320 560
909 4275 915 4312 ;
928 4255 1036 4304 columns
1050 4270 1077 4316 μ.
1182 4265 1207 4302 11
1222 4252 1250 4300 nb
1261 4252 1372 4313 nomine]
1393 4251 1424 4301 G.
1440 4252 1479 4302 Cf.
1496 4253 1530 4302 H.
1547 4254 1657 4312 Rtinsch‚
1670 4255 1729 4304 Ital.
1749 4271 1774 4305 u.
1797 4255 1864 4318 Vulg.

519 4361 542 4404 p.
555 4341 658 4403 40830b
670 4357 758 4390 nornen
773 4359 800 4402 μ.
904 4336 932 4387 18
944 4353 960 4386 a
972 4335 1201 4401 quoronueninrns]
1225 4335 1421 4399 Cupencum
1433 4337 1731 4402 nenimnsp3erdqnnne
1743 4337 1867 4402 religionis

518 4425 601 4473 studio
613 4423 774 4473 convenimus
788 4419 812 4489 β.

561 4593 585 4648 3.
603 4568 757 4650 culumbae]
775 4573 829 4630 Mt.
852 4589 896 4642 ιο,
915 4571 958 4628 16.
1264 4585 1305 4638 17.
1324 4561 1505 4645 uertentium]
1521 4567 1568 4625 Ps.
1589 4585 1652 4640 123.
1672 4585 1696 4640 7.

564 4675 607 4726 14.
624 4654 655 4712 iu
670 4655 745 4713 caele
758 4649 811 4732 est]
829 4649 905 4710 Ibid.
926 4671 969 4726 ²9·
1262 4666 1306 4719 24.
1323 4641 1430 4725 altere]
1447 4648 1501 4706 Mt.
1523 4667 1567 4719 η,
1584 4669 1602 4724 9
1617 4667 1660 4724 sq.
