4092 5502
599 429 853 492 TRACTATUS
876 429 922 488 IN
946 429 1077 490 MARC.
1103 427 1210 501 v1111,
1237 445 1291 504 r·7.
1539 429 1620 513 347

263 649 381 732 inquit,
393 648 513 714 diebus
528 657 564 712 et
578 647 801 733 quadraginta
827 647 981 712 noctibus
997 646 1074 711 steti
1091 646 1123 711 in
1141 655 1256 713 monte
1279 667 1355 712 cum
1385 649 1460 714 Deo
1476 650 1492 716 ¹.
1520 649 1619 715 Solus

264 753 606 836 stetit·quadraginta
630 753 769 818 diebus:
796 763 829 818 et
860 753 936 818 ideo
964 751 1084 816 meruit
1115 750 1223 834 legem
1256 753 1413 837 accipere.
1444 753 1620 822 Stantibus

264 857 372 935 datur,
396 857 580 922 iacentibus
607 876 674 922 non
702 858 808 922 datur.
836 856 976 940 Singula
1003 856 1104 922 verba
1126 853 1333 934 discutimus,
1348 866 1385 921 ut
1408 859 1450 923 ad
1467 857 1619 922 lectionis

267 961 426 1045 mysteria
440 963 680 1045 perveniamus.
694 961 731 1026 Si
754 963 843 1026 enim
861 961 999 1046 pulchra
1015 961 1178 1028 vestibula
1190 970 1280 1040 sunt,
1296 961 1403 1046 qualis
1416 961 1489 1045 ipsa
1497 961 1618 1027 domus

230 1067 355 1132 serit?
591 1067 596 1077 ’

313 1169 381 1250 Qui
394 1191 457 1234 non
466 1169 650 1252 gustabunt
664 1179 806 1235 morum.
818 1171 938 1236 Mortis
954 1170 1049 1254 plura
1064 1179 1142 1236 sunt
1157 1188 1290 1253 genera:
1306 1169 1362 1236 alii
1377 1176 1515 1251 gustant
1532 1188 1618 1233 mor·

266 1277 344 1352 tem,
359 1274 415 1339 alii
431 1275 555 1353 vident,
578 1275 634 1340 alii
661 1277 851 1352 comedunt,
867 1275 924 1339 alii
946 1280 1146 1354 saturantur,
1161 1275 1217 1342 alii
1244 1275 1443 1343 reficiuntur.
1459 1275 1616 1342 Ceterum

265 1385 299 1442 et
313 1377 467 1460 apostoli,
482 1379 641 1462 quoniam
658 1379 802 1456 stabant,
818 1389 852 1445 et
871 1379 1014 1462 apostoli
1030 1387 1133 1456 erant,
1149 1387 1325 1463 propterea
1341 1397 1382 1443 ne
1398 1386 1617 1462 gustaverunt

263 1483 399 1566 quidem
417 1492 569 1548 mortem.
586 1483 632 1548 Et
646 1482 710 1548 hoc
738 1485 871 1550 interim
887 1485 1036 1550 diximus
1052 1485 1235 1550 secundum
1252 1482 1486 1568 tropologiam,
1501 1503 1617 1549 secun-

165 1648 167 1652 ,
212 1603 246 1642 ¹0
262 1585 344 1650 dum
360 1594 395 1650 et
410 1585 504 1651 illum
520 1607 654 1652 sensum
667 1587 678 1622 '‘
695 1588 780 1672 Quis
794 1600 845 1655 est
861 1589 964 1654 homo
986 1589 1042 1673 qui
1058 1589 1151 1654 viv'at
1166 1599 1199 1654 et
1216 1607 1281 1653 non
1303 1587 1416 1653 videat
1433 1597 1573 1652 mortem
1585 1587 1617 1652 i'
1725 1631 1728 1642 -

264 1689 304 1753 In
320 1709 361 1754 eo
382 1690 473 1773 quod
490 1691 580 1768 dicit,
595 1692 696 1774 quis?
712 1704 770 1759 aut
785 1694 980 1776 inpossibile
995 1694 1085 1770 dicit,
1101 1703 1159 1758 aut
1175 1693 1317 1760 difficile.
1335 1693 1401 1777 Qui
1419 1714 1485 1759 non
1502 1703 1616 1777 gusta-

262 1793 346 1858 bunt
363 1805 513 1861 mortem.
531 1796 617 1862 Sunt
643 1798 790 1879 quidam,
805 1799 861 1881 qui
878 1819 944 1863 non
968 1798 1151 1882 gustabunt
1168 1808 1309 1864 mortem
1326 1799 1406 1881 :qui
1432 1819 1511 1864 vcro
1528 1818 1615 1863 mor·

261 1907 329 1964 tem
344 1919 409 1964 non
421 1900 566 1978 videant,
577 1899 710 1967 difficile
726 1903 894 1987 reperitur.
913 1904 979 1968 Hic
996 1912 1108 1968 autem
1123 1913 1264 1990 mortem
1278 1903 1405 1984 peccati
1422 1901 1614 1985 intellegere

260 2004 431 2070 debemus.
446 2008 454 2038 ‘
470 2004 596 2070 Anima
623 2007 712 2071 enirn
738 2025 826 2090 quae
850 2008 1045 2092 peccaverit,
1076 2007 1148 2090 ipsa
1174 2006 1334 2071 morietur
1350 2005 1366 2072 '.
1395 2005 1538 2070 Difficile
1564 2013 1616 2070 est

211 2134 221 2171 ι
227 2131 242 2186 ς
260 2125 350 2192 ergo,
365 2118 403 2173 ut
418 2110 492 2192 quis
508 2109 598 2176 vivat
613 2120 647 2175 et
673 2132 739 2177 non
758 2113 869 2178 videat
895 2121 1046 2177 mortem.
1065 2111 1157 2176 Inter
1170 2112 1284 2176 videre
1299 2119 1333 2176 et
1359 2119 1494 2194 gustare
1519 2107 1614 2174 dine-

260 2215 367 2280 'rentia
382 2222 441 2280 est.
468 2213 535 2299 Qui
552 2215 652 2292 videt,
679 2217 772 2281 videt
787 2216 932 2299 quidem,
948 2215 1005 2280 sed
1031 2235 1097 2280 non
1115 2224 1251 2298 gustat:
1267 2215 1324 2299 qui
1351 2223 1463 2286 autem
1492 2224 1616 2300 gustat,

261 2339 394 2384 necesse
410 2329 460 2384 est
476 2329 512 2384 ut
539 2317 658 2386 videat.
675 2321 862 2385 Videamus
879 2320 958 2405 quid
975 2321 1019 2385 sit
1034 2328 1169 2405 gustare
1185 2329 1338 2398 mortem,
1352 2320 1433 2404 quid
1451 2321 1495 2386 sit
1504 2321 1616 2386 videre

261 2432 410 2488 mortem.
426 2423 507 2488 Vidi
533 2424 704 2490 mulierem
722 2425 904 2510 pulchram,
921 2424 1025 2490 voluit
1048 2425 1161 2490 anima
1178 2419 1254 2490 mea
1270 2444 1345 2489 eam
1371 2427 1617 2510 concupiscere,

262 2527 325 2593 Dei
347 2528 448 2592 timor
461 2527 603 2612 expellit
629 2529 851 2594 desiderium:
867 2529 935 2594 vidi
961 2537 1112 2606 mortem,
1127 2528 1186 2593 sed
1203 2548 1270 2593 non
1286 2530 1426 2612 gustavi.
1444 2529 1481 2595 Si
1501 2539 1613 2596 autem

207 2657 243 2694 ao
260 2632 375 2698 videro
400 2641 434 2698 et
460 2633 691 2716 concupivero,
707 2635 773 2698 iam
798 2631 993 2698 moechatus
1009 2653 1083 2697 sum
1099 2634 1132 2696 in
1150 2632 1251 2697 corde
1267 2652 1362 2698 meo:
1378 2651 1455 2699 ecce
1482 2634 1613 2716 gustavi

261 2746 412 2801 mortem.
430 2737 506 2800 Hoc
522 2745 572 2802 est
596 2747 730 2819 gustare
757 2747 920 2801 mortem:
936 2757 1002 2801 non
1026 2737 1211 2814 comedere,
1227 2756 1294 2800 non
1312 2735 1409 2813 refici,
1435 2738 1494 2801 sed
1520 2739 1614 2820 quasi

260 2838 432 2922 paululum
447 2841 561 2904 animo
576 2841 763 2924 degustare.
779 2839 947 2922 Apostoli,
974 2840 1068 2923 quasi
1085 2838 1239 2922 apostoli,
1251 2859 1293 2903 ne
1308 2848 1525 2922 gustaverunt
1542 2841 1613 2924 qui·

256 2944 336 3009 dem
354 2952 505 3008 mortem.
517 2943 554 3009 Si
566 2964 645 3008 vcro
655 2953 688 3010 et
703 2944 852 3008 secundo
867 2951 902 3009 et
917 2944 1017 3008 tertio
1032 2963 1101 3009 rem
1118 2943 1294 3027 perfecero,
1310 2951 1343 3008 et
1359 2941 1613 3026 frequentavero

260 3047 292 3112 in
310 3046 536 3126 fornicatione,
552 3049 618 3112 iam
646 3067 713 3112 non
739 3047 848 3111 solum
864 3047 1005 3128 gustavi,
1020 3048 1079 3111 sed
1096 3055 1130 3110 et
1145 3054 1313 3112 saturatus
1333 3064 1416 3111 sum.
1445 3046 1614 3130 Propheta

207 3177 240 3231 ις
259 3143 339 3236 e'rgo
364 3151 474 3216 videte
498 3153 577 3234 quid
594 3152 727 3216 dixerit.
752 3152 829 3217 Non
858 3151 955 3227 dixit,
982 3150 1067 3234 Quis
1093 3160 1143 3214 est
1173 3151 1275 3216 homo
1302 3151 1357 3233 qui
1379 3151 1479 3229 vivat,
1493 3160 1529 3216 et
1547 3171 1613 3218 nou

259 3264 372 3340 gustet
388 3261 553 3321 mortem?
569 3257 627 3321 sed
644 3255 742 3334 dixit,
765 3253 850 3338 Quis
865 3264 917 3318 est
933 3255 1035 3319 homo
1050 3255 1108 3337 qui
1132 3255 1232 3332 vivat,
1248 3263 1281 3317 et
1304 3273 1371 3318 non
1397 3253 1508 3320 videat
1525 3273 1610 3318 mor·

260 3363 354 3423 tem?
378 3357 523 3422 Difficile
547 3359 635 3423 enim
667 3366 718 3422 est
742 3378 823 3435 esse,
846 3376 947 3442 quem
973 3357 1243 3440 concupiscentia
1272 3378 1338 3423 non
1369 3367 1486 3434 tentet,
1512 3379 1612 3442 quem

258 3467 468 3525 tentamenta
483 3479 550 3523 non
567 3457 729 3543 quatiant.
753 3459 830 3525 Hoc
855 3460 987 3525 interim
1004 3461 1153 3527 diximus
1177 3460 1361 3528 secundum
1385 3462 1612 3528 sublimiorem

258 3581 413 3628 sensum:
439 3573 587 3628 ceterum
613 3564 764 3628 dicamus
792 3565 833 3628 de
858 3563 1005 3629 historia.
1031 3564 1130 3629 Dixit
1156 3563 1322 3630 Dominus
1351 3566 1394 3630 ad
1420 3565 1612 3648 discipulos,

207 3701 241 3752 ³0
258 3667 417 3750 quoniam
444 3677 523 3732 sunt
550 3667 645 3732 multi
673 3668 795 3732 dehic
822 3667 1044 3746 adstantibus,
1070 3670 1127 3751 qui
1153 3688 1219 3733 non
1248 3668 1433 3752 gustabunt
1462 3677 1613 3750 mortem,

257 3770 365 3834 donec
381 3769 516 3834 videant
531 3788 671 3852 regnum
688 3771 752 3835 Dei
770 3771 905 3836 veniens
932 3771 965 3834 in
982 3772 1103 3834 virtute
1119 3790 1187 3834 sua.
1213 3769 1314 3853 Quod
1340 3771 1430 3850 dicit,
1453 3772 1516 3836 hoc
1539 3784 1614 3838 est:

261 3875 332 3939 Nisi
350 3884 497 3939 meante
512 3883 707 3957 regnantem
724 3874 876 3952 viderint,
900 3893 967 3938 non
988 3875 1178 3939 morientur.
1197 3873 1273 3940 Hoc
1298 3876 1481 3940 secundum
1509 3877 1611 3942 histo·

259 3981 351 4046 riam.
368 3980 413 4044 Et
428 3980 597 4063 sequitur:

301 4085 349 4149 Et
353 4093 430 4168 post
451 4083 521 4148 dies
540 4103 596 4148 sex
617 4081 803 4165 adsumpsit
824 4083 916 4146 Iesus
941 4081 1078 4146 Petmm
1094 4092 1126 4147 et
1147 4083 1298 4148 Iacobum
1327 4093 1360 4148 et
1373 4082 1559 4164 Iohannem,
1582 4094 1615 4149 et

173 4275 175 4278 Ι
208 4199 239 4253 35
257 4188 347 4256 ducit
361 4187 434 4254 illos
455 4187 491 4252 in
506 4195 645 4252 montem
666 4185 821 4251 excelsum
845 4206 987 4252 seorsum
1008 4188 1099 4266 solos,
1117 4195 1151 4251 et
1164 4185 1422 4270 transfiguratus
1445 4197 1493 4252 cst
1506 4209 1614 4253 coram

257 4292 311 4358 eis.
329 4294 374 4358 Et
389 4292 453 4357 hoc
468 4311 542 4356 esse
555 4291 691 4355 dicunt:
707 4291 769 4354 hoc
786 4301 845 4368 est,
861 4291 1015 4357 viderunt
1031 4292 1175 4376 apostoli
1192 4291 1301 4374 qualis
1317 4303 1513 4375 regnaturus
1526 4302 1613 4358 esset

260 4389 409 4482 xpistus.
425 4394 589 4460 Videntes
614 4393 757 4459 illumin
785 4403 898 4461 monte
924 4393 1209 4478 transfiguratum,
1231 4398 1386 4464 viderunt
1413 4396 1506 4462 illum
1531 4417 1611 4482 apo·
1649 4395 1652 4402 ’

303 4630 326 4669 1.
342 4628 404 4670 cum
419 4607 495 4681 Deo]
512 4610 600 4669 Deut.
621 4626 665 4680 10,
684 4627 729 4668 ιο.
1008 4626 1052 4681 ¹⁴·
1069 4609 1220 4682 morietur]
1236 4607 1341 4668 Ezech.
1363 4611 1407 4682 18,
1422 4629 1450 4682 4.

305 4711 348 4752 ro.
365 4686 493 4760 mortem]
508 4691 554 4750 Ps.
570 4693 682 4768 88‚¹49.
