4092 5502
479 409 561 522 256
860 441 889 500 s.
916 424 1169 500 ursaouului
1192 425 1456 497 pausarium

476 657 560 722 servi
578 657 725 734 Domini,
740 656 861 740 quibus
876 656 1028 720 dixeram
1046 658 1053 686 ‘
1071 655 1159 718 Ecce
1184 673 1284 737 quam
1309 653 1435 718 bonum
1461 661 1495 718 et
1521 671 1625 736 quarn
1651 650 1830 715 iocundum

476 759 627 824 habitare
642 757 760 822 fratres
777 758 809 822 in
829 778 930 822 unum
949 756 1040 821 ²:sic
1058 758 1166 823 levate
1184 777 1310 836 manus,
1323 767 1360 822 ut
1375 759 1408 822 in
1425 767 1543 822 sancto
1560 756 1686 834 levetis,
1698 755 1761 820 hoc
1772 765 1831 834 est,

476 873 512 928 ut
528 859 753 926 confiteamini
772 861 940 944 Xpistum,
955 871 989 925 et
1004 861 1167 944 quidquid
1182 860 1300 938 lacitis,
1310 881 1371 944 pro
1388 861 1512 944 Xpisto
1528 860 1665 925 faciatis.
1677 859 1830 924 Virtutes

477 987 537 1048 pro
552 964 724 1049 qualitate·
737 965 888 1028 facientis
905 965 1056 1029 diversae
1070 975 1156 1028 sunt.
1167 964 1270 1028 Verbi
1287 984 1397 1041 causa,
1410 963 1489 1029 lacit
1505 965 1722 1030 elemosinam
1745 961 1828 1044 Xpi-

476 1071 613 1146 stianus,
628 1069 706 1133 lacit
734 1079 767 1132 et
794 1069 937 1152 gentilis,
952 1068 1031 1132 facit
1048 1077 1081 1132 et
1108 1069 1261 1147 Iudaeus,
1276 1069 1356 1133 facit
1381 1078 1415 1133 et
1443 1067 1526 1132 alius
1555 1068 1755 1151 Xpistianus
1779 1067 1829 1130 vir
1865 1089 1880 1142 5

475 1184 619 1237 sanctus.
638 1173 792 1236 Invenias
817 1173 945 1255 aliquos
971 1175 1013 1236 de
1038 1173 1225 1256 Xpistianis
1250 1173 1325 1238 ideo
1351 1172 1431 1236 dare
1456 1172 1682 1248 elemosinam,
1699 1180 1736 1236 ut
1759 1169 1827 1233 lau·

474 1277 596 1341 dentur
611 1299 631 1342 a
644 1277 776 1360 populo.
794 1277 830 1342 Si
854 1277 989 1359 quando
1017 1297 1143 1361 pauper
1169 1287 1273 1360 rogat,
1297 1276 1361 1340 huc
1379 1275 1521 1359 illucque
1537 1275 1828 1358 circumspiciunt;
1913 1269 1916 1274 ’

474 1391 508 1445 et
524 1381 587 1445 nisi
603 1389 722 1444 testem
746 1381 896 1458 viderint,
912 1385 1087 1465 pecuniam
1112 1402 1178 1448 non
1195 1384 1287 1448 dant.
1304 1382 1340 1447 Si
1368 1383 1457 1446 solus
1481 1382 1588 1461 fuerit,
1606 1403 1724 1448 manus
1750 1403 1828 1447 con-

476 1485 612 1550 tractior
633 1494 693 1564 est,
709 1505 774 1550 non
801 1485 859 1551 dat
881 1486 1029 1553 libenter.
1047 1489 1077 1555 O
1103 1497 1138 1553 tu
1157 1488 1343 1571 Xpistiane,
1360 1495 1455 1570 rogat
1471 1495 1506 1551 te
1530 1506 1656 1570 pauper
1671 1496 1709 1551 ut
1724 1486 1783 1550 des
1798 1488 1828 1550 ei

476 1590 649 1674 pecuniam
667 1609 790 1672 :quare
808 1611 874 1654 nou
890 1592 950 1656 das
960 1592 993 1656 in
1004 1592 1145 1671 occulto,
1155 1592 1213 1657 sed
1230 1592 1290 1655 das
1308 1591 1341 1654 in
1358 1591 1515 1674 publico?
1532 1592 1568 1657 Si
1585 1600 1705 1657 testem
1718 1593 1827 1656 Deum
1851 1615 1882 1652 ro

474 1697 615 1778 quaeris,
629 1694 794 1758 humanos
819 1699 932 1759 oculos
957 1698 1037 1779 quid
1065 1697 1229 1780 requiris?
1254 1695 1449 1760 Elemosina
1473 1707 1530 1761 tua
1554 1697 1644 1779 apud
1667 1697 1829 1778 inperitos

474 1801 692 1865 videturesse
707 1798 898 1878 elemosina,
913 1810 1059 1866 ceterum
1087 1801 1177 1885 apud
1196 1801 1306 1864 Deum
1335 1799 1454 1864 iniuria
1468 1809 1520 1864 est
1535 1824 1541 1864 :
1557 1800 1711 1864 iniuriam
1738 1801 1827 1863 enim

475 1902 555 1968 lacis
572 1903 664 1967 iratri
681 1913 749 1979 tuo,
765 1903 813 1966 vis
830 1904 919 1968 enim
946 1905 1137 1970 videntibus
1162 1905 1235 1970 aliis
1263 1904 1453 1969 mendicum
1469 1904 1653 1968 ostendere.
1681 1903 1828 1986 Quando

473 2027 553 2088 ergo
568 2007 697 2083 damus,
708 2026 774 2071 non
787 2007 905 2072 demus
921 2010 1016 2092 quasi
1033 2011 1075 2074 de
1091 2020 1215 2087 nostro,
1224 2009 1282 2073 sed
1294 2010 1335 2073 de
1346 2009 1458 2092 Xpisti
1471 2033 1478 2072 :
1495 2027 1561 2073 non
1575 2006 1737 2072 debemus
1747 2008 1828 2071 dare

473 2113 567 2194 quasi
584 2112 746 2189 mendico,
763 2112 821 2175 sed
849 2118 944 2194 quasi
968 2113 1066 2178 fratri.
1084 2115 1156 2178 Nos
1171 2114 1292 2179 damus
1308 2112 1462 2191 carnalia,
1478 2111 1532 2178 ille
1560 2113 1619 2177 dat
1646 2112 1826 2194 spiritalia:
1850 2139 1858 2175 ι
1864 2137 1878 2190 5

475 2215 550 2299 plus
566 2216 624 2279 dat
640 2234 775 2298 pauper,
790 2235 891 2297 quam
908 2216 1039 2300 accipit.
1056 2217 1127 2281 Nos
1143 2219 1263 2282 damus
1279 2237 1410 2300 panem,
1426 2217 1483 2301 qui
1499 2218 1533 2280 in
1550 2217 1622 2299 ipsa
1637 2216 1692 2281 die
1708 2237 1827 2281 consu·

475 2321 574 2384 mitur
586 2341 598 2398 ;.
611 2319 665 2382 ille
692 2340 753 2401 pro
780 2339 867 2402 pane
894 2321 1010 2385 reddet
1038 2322 1133 2386 nobis
1158 2341 1261 2405 regna
1285 2322 1463 2388 caelorum.
1479 2322 1571 2404 Ergo
1597 2321 1662 2384 hoc
1687 2321 1773 2399 dico,
1789 2334 1826 2386 ut

471 2424 633 2508 quidquid
653 2424 802 2500 iacimus,
818 2422 978 2488 iaciamus
1005 2426 1038 2490 ln
1066 2435 1183 2490 sancto
1197 2447 1205 2504 ;
1229 2435 1265 2490 ut
1291 2426 1382 2510 quod
1410 2425 1558 2502 iacimus,
1584 2425 1697 2508 Xpisti
1723 2445 1824 2489 causa

471 2529 641 2594 iaciamus.
652 2527 808 2592 Ceterum
827 2527 923 2594 multi
939 2540 1017 2594 sunt
1032 2529 1183 2612 gentiles,
1193 2531 1249 2613 qui
1261 2530 1385 2594 faciunt
1402 2529 1629 2608 elemosinam,
1641 2531 1668 2592 si
1681 2529 1823 2594 viderint

470 2635 614 2718 aliquem
631 2633 813 2716 praecisam
831 2632 953 2698 habere
970 2654 1116 2714 manum,
1132 2635 1159 2698 si
1175 2635 1317 2699 viderint
1333 2634 1453 2717 pedem
1469 2633 1591 2699 habere
1606 2651 1822 2698 cancerosum
1845 2665 1879 2702 ιο

468 2749 502 2803 et
518 2739 699 2822 putridum,
714 2737 828 2801 statim
855 2738 968 2804 anima
991 2740 1078 2805 illius
1093 2739 1185 2806 dolet
1200 2763 1207 2805 :
1223 2739 1366 2805 vincitur
1389 2740 1536 2804 humana
1551 2741 1664 2804 anima
1680 2737 1824 2804 naturali

471 2843 704 2908 misericordia.
721 2841 766 2906 Et
782 2841 862 2924 quid
878 2843 985 2909 dicit?
1003 2845 1091 2909 Ecce
1106 2865 1169 2928 ego
1185 2845 1212 2908 si
1229 2844 1305 2910 talis
1321 2864 1438 2922 essem,
1449 2845 1547 2908 miser
1562 2843 1642 2928 quid
1654 2843 1824 2908 lacerem?

471 2949 516 3012 Et
533 2947 601 3012 fieri
630 2955 741 3030 potest
769 2956 806 3010 ut
830 2948 906 3012 talis
933 2948 1015 3012 sim:
1030 2950 1105 3033 quis
1130 2949 1211 3012 mihi
1238 2947 1358 3013 dabit?
1375 2949 1421 3013 Et
1435 2968 1500 3031 ego
1515 2948 1623 3012 debeo
1649 2966 1729 3030 ergo
1744 2946 1823 3010 huic

467 3053 566 3117 dare:
582 3061 619 3116 ut
634 3061 669 3116 et
685 3051 765 3114 mihi
781 3050 839 3115 det
855 3052 984 3137 aliquis,
996 3055 1022 3116 si
1034 3054 1110 3118 talis
1122 3053 1222 3118 fuero.
1238 3054 1306 3118 Iste
1318 3053 1454 3136 quidem
1467 3053 1526 3116 dat
1537 3053 1673 3136 pauperi
1687 3071 1823 3133 panem;

466 3158 524 3220 sed
552 3157 585 3221 in
614 3175 761 3239 paupere
787 3156 837 3221 sui
866 3157 1047 3232 miseretur,
1062 3178 1129 3222 non
1156 3158 1251 3224 illius.
1270 3158 1340 3222 lsta
1365 3157 1590 3222 misericordia
1616 3176 1682 3220 non
1707 3153 1822 3237 Xpisti
1844 3187 1875 3242 25

468 3261 700 3337 misericordia,
716 3260 774 3323 sed
791 3261 840 3324 sui
869 3262 1094 3326 misericordia
1110 3271 1170 3328 est.
1186 3261 1298 3328 Omne
1322 3283 1402 3346 ergo
1426 3262 1516 3346 quod
1542 3261 1691 3339 facimus,
1707 3259 1822 3343 Xpisti

466 3385 567 3431 causa
595 3363 763 3441 iaciamus,
787 3364 948 3430 iaciamus
972 3367 1005 3430 in
1032 3375 1158 3432 sancto.
1174 3370 1181 3398 ‘
1199 3366 1278 3432 Sive
1306 3370 1555 3445 manducamus,
1570 3367 1639 3432 sive
1667 3365 1824 3444 bibimus,

467 3471 580 3536 omnia
598 3469 631 3532 in
648 3470 783 3533 nomine
809 3469 922 3554 Xpisti
951 3470 1111 3534 iaciamus
1124 3472 1140 3538 '.
1157 3471 1347 3554 Scripturas
1363 3470 1513 3554 legimus,
1529 3471 1676 3556 psalmos
1703 3470 1822 3535 edisci-

502 3664 511 3702 ι
526 3647 652 3708 da'xeram]
665 3651 732 3700 BCG
746 3668 753 3710 ;
764 3650 864 3698 dixerat
878 3648 902 3716 β.
1004 3664 1018 3699 2
1031 3653 1059 3700 in
1071 3646 1163 3708 sancto]
1177 3650 1192 3720 β
1204 3661 1228 3702 et
1241 3653 1315 3703 codd.
1415 3653 1513 3713 4uerbr'
1522 3645 1607 3709 rausa]
1620 3649 1662 3702 BC
1673 3669 1681 3712 ;
1698 3668 1721 3701 v.
1731 3655 1823 3716 gralia

467 3735 489 3784 G
506 3753 513 3794 ;
524 3750 553 3784 ac
562 3735 661 3783 sidicat
675 3737 698 3799 ,1.
799 3731 948 3781 6lnvem'as
957 3729 998 3790 JG
1012 3750 1020 3793 3
1033 3735 1145 3782 r'nvenr'es
1158 3732 1173 3800 β
1186 3743 1210 3784 et
1219 3743 1267 3784 cet.
1369 3730 1429 3790 r'ricol
1442 3735 1512 3782 iudeo
1524 3734 1545 3783 l.
1647 3734 1768 3799 Μυρτώ]
1778 3743 1821 3794 po·

459 3818 531 3882 pulis
544 3816 568 3882 β.
648 3809 826 3881 rogatllladd.
840 3814 976 3864 brusellam.
1057 3815 1277 3876 Smanueranu
1290 3817 1321 3866 A.
1400 3818 1548 3865 contractior
1557 3811 1602 3872 ert]
1615 3817 1824 3874 llC3cmrtraclor

465 3907 501 3949 est
512 3901 552 3958 A;
573 3905 697 3948 contracta
708 3904 742 3946 est
755 3897 784 3956 l;
804 3897 935 3946 contractio
947 3899 970 3948 G
983 3900 1042 3958 (om.
1057 3899 1118 3958 est);
1136 3897 1261 3947 contrahit
1273 3897 1297 3966 b.
1401 3913 1431 3949 ro
1436 3899 1582 3964 perititiam]
1598 3899 1768 3947 aelimosirmm
1786 3899 1819 3950 C.

470 3995 498 4044 14
516 3983 546 4032 de
565 3981 663 4046 Xpistr]
683 3981 744 4039 CG;
764 3979 792 4028 de
811 3980 873 4029 duno
891 3981 980 4044 Xpuri
1000 3979 1046 4048 pu.
1151 3979 1179 4028 16
1198 3981 1363 4042 consumitur]
1383 3987 1542 4030 consumetur
1552 3981 1584 4031 G.
1688 3989 1715 4041 17
1727 3979 1822 4043 reddet]

466 4066 547 4116 reddit
558 4065 587 4116 C.
675 4063 742 4112 18ut
752 4058 828 4126 quod]
838 4062 999 4128 scripsi;uul
1009 4063 1077 4127 quod
1084 4060 1159 4128 {iuri
1168 4063 1232 4126 quid
1243 4063 1347 4122 timue
1362 4063 1485 4128 quicquid
1495 4063 1523 4112 C.
1607 4055 1777 4123 19suntlom.
1792 4060 1818 4129 β.

465 4163 497 4198 20
512 4141 662 4213 praecisam]
679 4146 828 4210 praecrbsam
849 4147 880 4194 G.
992 4145 1158 4206 caeterorum]
1176 4146 1260 4205 BCG,
1284 4161 1426 4194 cancrusum
1448 4143 1473 4212 β.
1584 4156 1612 4193 21
1634 4143 1732 4204 antina]
1753 4143 1820 4202 CG3

465 4229 629 4298 animuspli.
698 4227 780 4288 illim]
790 4227 875 4294 illisp.
946 4226 1230 4292 23Etfierr]etsr'fieri
1238 4229 1270 4278 G.
1341 4223 1618 4292 Elegolexpuutdnc.
1688 4225 1820 4288 adom]

465 4329 547 4363 onmes
559 4313 591 4364 G.
693 4309 724 4359 28
735 4309 836 4358 nomine
847 4309 944 4372 Xpisti]
957 4311 1011 4375 Xpo
1023 4311 1123 4358 nominc
1135 4311 1167 4361 G.

507 4483 530 4522 2.
549 4465 580 4521 in
596 4458 699 4543 mrum]
723 4463 768 4518 Ps.
787 4479 851 4535 132,
869 4479 891 4519 r.
1167 4481 1275 4539 praeco
1290 4464 1476 4536 conducitur,
1490 4478 1519 4526 et
1540 4467 1734 4526 extendentes
1758 4484 1816 4526 ma·

506 4549 532 4604 8.
547 4563 651 4603 ritanus
659 4538 888 4622 contractiorem]
900 4542 982 4602 Hier.
998 4542 1113 4621 Dialog.
1168 4561 1239 4603 num
1252 4545 1311 4603 huc
1320 4545 1450 4624 illucque
1458 4544 1814 4627 circumspicimusquae,

464 4641 568 4688 contra
584 4623 710 4686 Lucifer.
728 4626 745 4684 l.
764 4643 789 4696 r,
813 4643 839 4682 n.
861 4643 893 4682 ιι
910 4626 981 4686 ‘Ad
996 4624 1116 4703 largien·
1167 4625 1191 4685 sl
1207 4627 1304 4686 nullus
1320 4626 1433 4702 viderit,
1449 4629 1629 4690 contractior
1643 4629 1675 4688 fit
1685 4631 1701 4689 '.

465 4709 537 4772 dum
554 4709 678 4770 frustum
694 4705 779 4786 panis
794 4717 823 4767 et
843 4704 930 4767 binos
945 4707 1116 4770 nummulos
1209 4711 1255 4768 28.
1263 4707 1425 4794 suciamus]
1445 4731 1455 4771 r
1474 4713 1542 4774 Cor.
1564 4731 1608 4786 10,
1625 4731 1671 4790 31.
