4154 5494
472 409 553 490 218
838 428 865 487 e.
892 427 1145 489 arsaourur
1168 429 1430 490 pensaurum

517 646 546 712 0
560 644 702 709 Domine
715 643 793 726 quia
808 665 864 726 ego
879 657 1088 709 seroustuus.
1102 643 1223 707 Etiam
1241 645 1313 708 dixi
1325 647 1357 708 in
1369 648 1551 712 centesimo
1561 659 1681 731 quarto
1691 651 1826 714 decimo

471 750 610 833 psalmo,
626 750 682 813 ubi
698 749 801 812 habet
816 753 823 778 ‘
841 747 872 812 O
890 747 1036 812 Domine
1052 746 1154 811 libera
1182 749 1328 811 animam
1356 769 1464 815 meam
1482 752 1498 832 ¹,
1509 755 1601 835 quod
1619 755 1651 817 in
1669 754 1827 818 hebraico

471 855 571 918 habet
587 867 705 930 ANNA,
721 851 810 934 quod
828 853 1063 934 interpretatur
1079 871 1161 933 rogo
1177 861 1235 916 aut
1250 853 1417 934 deprecor.
1433 857 1476 919 Et
1490 857 1542 921 hic
1559 859 1592 921 in
1610 858 1764 922 hebraico
1777 861 1834 942 ita

470 957 573 1022 habet
588 981 594 1021 :
609 963 616 989 ⁸
634 956 733 1038 Rogo
750 955 905 1030 Domine,
921 955 999 1037 quia
1016 975 1079 1036 ego
1095 974 1207 1018 servus
1229 965 1306 1018 tuus
1322 956 1338 1019 ³.
1354 955 1425 1039 Ego
1451 981 1566 1024 serenis
1581 971 1665 1026 tuus.
1684 961 1827 1024 Videtur

470 1060 668 1125 humilitatis
684 1079 755 1123 esse
771 1058 861 1142 quod
878 1058 1006 1122 dicitur.
1024 1057 1168 1122 Grandis
1184 1059 1358 1140 dignitatis
1374 1072 1425 1125 cst
1436 1071 1469 1126 et
1482 1065 1601 1142 meriti,
1612 1083 1825 1128 esseservnm
1867 1085 1883 1135 5

472 1163 619 1240 Domini,
631 1172 666 1227 et
682 1182 746 1225 non
759 1181 890 1226 servum
904 1161 1040 1243 peceati.
1053 1161 1140 1245 Quia
1155 1182 1221 1226 non
1235 1162 1352 1240 habeo,
1366 1164 1482 1246 inquit,
1495 1169 1651 1232 dominos
1664 1167 1828 1243 homines,

471 1267 550 1350 quia
565 1285 633 1330 non
648 1264 941 1329 habeodominum
959 1275 1132 1346 peccatum
1147 1289 1154 1328 :
1171 1285 1231 1328 nec
1247 1266 1336 1330 enim
1354 1281 1472 1349 regnat
1489 1282 1662 1353 peccatum
1689 1272 1721 1335 in
1740 1291 1827 1335 mor-

471 1370 528 1435 tali
547 1390 622 1434 meo
632 1389 789 1451 corpore:
805 1377 979 1449 propterea
1003 1387 1116 1432 servus
1143 1379 1219 1432 tuus
1235 1389 1319 1433 sum.
1335 1370 1471 1438 Grande
1488 1377 1654 1440 meritum.
1671 1375 1827 1457 Denique

470 1477 592 1541 dicitur
607 1478 649 1540 de
667 1477 808 1559 Moyse:
824 1482 831 1508 ‘
849 1477 916 1543 Sed
933 1498 999 1542 non
1017 1479 1101 1542 sicut
1117 1499 1230 1543 servus
1247 1499 1340 1543 meus
1358 1482 1494 1563 Moyses
1506 1479 1521 1542 '.
1541 1478 1586 1542 Et
1601 1479 1774 1542 Abraham
1792 1491 1827 1543 et

474 1581 569 1644 Isaac
585 1591 618 1644 et
636 1579 737 1644 Iacob
753 1579 910 1644 dicuntur
925 1583 1010 1646 servi
1031 1583 1175 1647 Domini.
1195 1584 1374 1666 Propterea
1390 1594 1423 1648 et
1439 1583 1613 1666 apostolus
1629 1584 1676 1646 ita
1695 1583 1829 1666 incipit:
1853 1605 1887 1642 ro

472 1689 478 1716 ¹
497 1683 621 1748 Paulus
637 1703 750 1747 servus
768 1683 844 1747 lesu
862 1684 974 1766 Xplsti
991 1685 1007 1750 ’.

515 1787 701 1870 Disrupisti
713 1787 844 1851 vinculo
872 1807 941 1850 men
955 1810 968 1852 :
983 1788 1045 1851 tibi
1057 1788 1242 1872 sacrificabo
1267 1789 1406 1855 hostiam
1433 1788 1553 1854 laudis.
1569 1789 1657 1853 Vere
1685 1809 1829 1872 magnae

473 1892 638 1956 felicitatis
655 1901 713 1968 est,
730 1893 776 1956 ita
800 1892 846 1954 ire
869 1892 911 1955 ad
931 1891 1125 1970 Dominum,
1142 1903 1178 1958 ut
1194 1914 1260 1958 non
1278 1896 1401 1960 habeat
1417 1895 1656 1960 conscientiam
1675 1894 1829 1977 inquina-

472 2005 551 2060 tam.
568 1993 780 2078 Quicumque
803 2005 939 2059 sanctus
963 1997 1102 2061 moritur
1118 2017 1178 2062 sua
1195 2007 1309 2075 morte,
1326 1999 1403 2064 licet
1420 2000 1462 2063 sit
1478 2007 1613 2062 sanctus
1629 1999 1684 2080 qui
1703 1998 1827 2062 miseri·

388 2183 390 2186 .
472 2099 544 2164 dias
559 2107 716 2182 operatus
731 2100 783 2175 sit,
799 2097 912 2164 iecerit
929 2098 1034 2183 signa,
1044 2093 1226 2166 daemones
1242 2101 1383 2180 eiecerit,
1400 2121 1465 2166 non
1482 2101 1575 2164 vadit
1588 2100 1631 2164 ad
1643 2099 1826 2163 Dominum
1856 2131 1865 2164 ι
1872 2129 1888 2180 5

472 2223 606 2268 securus
620 2226 628 2268 s
643 2204 803 2269 horrescit
815 2203 885 2266 eius
896 2205 1108 2284 conscientia,
1117 2207 1254 2287 quando
1264 2206 1355 2273 videt
1367 2206 1562 2270 Dominum.
1573 2205 1703 2286 Martyr
1715 2211 1828 2266 autem

474 2308 501 2370 si
517 2317 552 2372 et
565 2316 641 2390 post
657 2307 824 2389 baptisma
841 2308 1037 2389 peccaverit,
1049 2318 1161 2372 tamen
1179 2311 1328 2375 secundo
1344 2310 1546 2394 baptismate
1564 2307 1724 2390 martyrio
1733 2307 1829 2371 ablu·

472 2421 537 2489 tus,
552 2431 685 2474 securus
702 2411 795 2474 vadit
821 2411 863 2473 ad
882 2410 1076 2475 Dominum.
1093 2412 1281 2496 Dr'srupisti
1295 2413 1426 2478 vinculo
1443 2433 1522 2476 meo.
1537 2415 1545 2443 ¹
1563 2411 1699 2476 Catenis
1714 2421 1828 2474 autem

473 2533 608 2577 suorum
634 2522 845 2595 peccatorum
872 2513 1100 2598 unusquisque
1123 2517 1405 2598 constringitur':
1427 2516 1486 2580 sed
1511 2516 1544 2579 in
1570 2516 1730 2598 martyrio
1754 2533 1831 2577 meo

473 2621 644 2703 disrupisti
661 2621 793 2685 vincula
811 2626 1022 2702 peccatorum
1041 2638 1200 2696 meorum,
1217 2629 1250 2683 et
1266 2621 1308 2682 de
1324 2619 1464 2684 vinculis
1478 2619 1608 2702 plicasti
1628 2617 1708 2682 mihi
1735 2636 1829 2680 coro·
1851 2645 1888 2682 20

475 2743 553 2788 nam
572 2725 761 2790 victoriae.⁴
780 2718 848 2790 Ubi
868 2722 955 2786 enim
980 2723 1163 2788 abundavit
1186 2735 1371 2806 peccatum,
1387 2722 1673 2808 superabundavit
1689 2719 1796 2804 gratia
1813 2719 1829 2782 ¹.

479 2825 555 2890 Tibi
567 2825 753 2910 sacrificabo
768 2825 907 2889 lrostiam
923 2825 1041 2891 laudis.
1059 2827 1139 2890 Post
1156 2827 1352 2910 martyrium
1371 2829 1431 2893 ubi
1443 2825 1633 2892 sacrificat?
1649 2827 1681 2887 in
1696 2823 1830 2906 regione

473 2931 632 2995 vivorum.
651 2929 862 3007 Sacrificabo,
878 2929 994 3012 inquit,
1010 2931 1069 2995 tibi
1081 2930 1287 2997 sacrificium.
1305 2932 1414 3016 Quale
1430 2930 1648 2996 sacrificium?
1665 2928 1829 3010 numquid

474 3037 611 3114 hircum,
637 3047 694 3102 ant
710 3037 877 3100 vitulum?
895 3036 958 3100 Illa
985 3033 1115 3098 iudaica
1139 3043 1243 3112 erant,
1259 3047 1291 3098 et
1316 3037 1526 3102 transierunt.
1544 3031 1747 3099 Sacrificabo
1769 3029 1829 3093 tibi

476 3142 618 3206 hostiam
637 3141 752 3206 laudis.
771 3141 865 3204 Haec
889 3149 940 3204 est
963 3139 1034 3201 laus
1051 3149 1245 3221 martyrum.
1262 3139 1357 3204 Sicut
1384 3137 1472 3200 enim
1502 3143 1666 3216 martyres
1690 3129 1829 3195 laudant
1851 3159 1885 3211 ²⁵

477 3245 661 3312 Dominum
687 3266 767 3328 pure
792 3247 824 3308 in
854 3245 989 3327 regione
1015 3242 1174 3322 vivorum,
1189 3243 1237 3306 ita
1264 3253 1296 3307 et
1322 3240 1487 3316 monachi,
1503 3239 1559 3322 qui
1575 3225 1642 3302 'die
1668 3245 1702 3300 et
1730 3245 1829 3298 nocte

510 3469 519 3505 r
534 3455 605 3521 quia]
617 3472 668 3506 orn.
683 3455 715 3506 G.
808 3462 833 3504 el
845 3455 907 3515 r'nm]
919 3456 981 3518 quia
994 3455 1019 3503 S.
1113 3468 1129 3513 4
1140 3455 1194 3516 Ego
1204 3470 1290 3504 servus
1302 3449 1369 3510 luris]
1383 3467 1432 3502 non
1445 3459 1523 3516 repet.
1538 3451 1594 3501 CG.
1681 3459 1695 3512 ς
1710 3446 1831 3508 Grandis]

469 3538 568 3601 grande
580 3539 609 3588 C.
678 3531 823 3600 dignilatis]
834 3537 945 3600 dignitas
957 3537 1004 3586 Gl.
1074 3536 1173 3597 nerrr'ri]
1182 3537 1280 3586 meritis
1289 3537 1321 3594 S;
1331 3535 1418 3584 merito
1427 3534 1448 3584 G
1458 3551 1466 3593 ;
1478 3533 1596 3582 merulam
1607 3532 1627 3580 1.
1696 3529 1832 3578 odorrrinos

474 3621 595 3681 interieris]
606 3620 723 3669 dorninus
734 3619 844 3668 hominis
855 3619 877 3668 G
890 3637 897 3679 ;
909 3619 1040 3668 ‹ionrinum
1052 3618 1176 3667 hominem
1190 3617 1214 3686 β.
1295 3631 1323 3667 12
1334 3617 1451 3678 hostium]
1462 3615 1615 3680 sacrifitium
1627 3614 1659 3664 G.
1742 3623 1770 3674 13
1782 3611 1831 3671 ila]

474 3701 532 3760 CS;
545 3716 594 3751 om.
610 3700 697 3768 βΒΟΙ.
794 3710 822 3761 17
833 3701 858 3748 ri
866 3697 900 3758 el]
913 3699 970 3768 βΒΒ
981 3719 988 3760 ;
999 3700 1047 3748 etsi
1058 3701 1127 3750 CGI.
1221 3700 1334 3761 secundo]
1343 3701 1372 3748 in
1383 3699 1486 3748 secundo
1498 3699 1524 3749 S.
1621 3691 1751 3758 rnortyiio]
1764 3709 1830 3742 near·-

474 3785 539 3846 lyrii
551 3781 576 3851 β.
677 3797 710 3832 20
717 3783 834 3847 plicasti]
845 3782 1022 3845 multiplicasti
1033 3781 1055 3840 1,
1069 3780 1245 3844 multiplicasti
1256 3781 1294 3842 ὓς
1301 3781 1413 3846 plectistr'
1423 3779 1514 3840 (l'add.
1525 3795 1581 3843 sup.
1591 3777 1649 3838 lin.)
1660 3777 1686 3826 S.

521 3983 546 4023 2.
563 3961 666 4045 trienne]
685 3967 728 4023 Ps.
741 3977 813 4036 ¹114,
831 3983 857 4036 4.
1181 3965 1333 4040 apostolus
1356 3961 1395 4022 ait
1411 3964 1473 4021 Nec
1492 3962 1567 4019 enim
1591 3959 1733 4036 accepistis
1746 3959 1831 4035 spiri·

516 4066 542 4117 4.
560 4043 640 4126 tuus]
664 4048 750 4105 Psalt.
769 4047 849 4105 hebr.
870 4045 993 4105 Hieron.
1017 4045 1128 4106 ‘Obse-
1180 4053 1242 4102 inm
1256 4046 1439 4104 servitutis...
1458 4061 1558 4102 verum
1576 4041 1683 4100 nobilis
1697 4041 1829 4110 servitus,

475 4145 527 4186 cro
545 4129 684 4198 Domine,
701 4127 771 4202 quia
786 4145 842 4204 ego
857 4147 957 4187 servus
973 4139 1042 4186 tuus
1057 4129 1071 4186 '.
1181 4128 1218 4185 de
1234 4137 1336 4201 quaet
1353 4125 1451 4184 David
1463 4125 1501 4183 ad
1517 4125 1613 4181 Deum
1627 4121 1756 4198 loquitur
1766 4121 1832 4197 Ego

517 4210 544 4266 8.
559 4219 673 4284 corpore
698 4210 786 4268 Rom.
803 4211 830 4280 6,
850 4227 893 4268 12.
1179 4225 1277 4266 servus
1291 4206 1480 4282 luuseifilius
1490 4205 1725 4262 ancillaeluoe...
1742 4204 1831 4262 Hanc

517 4309 543 4365 9.
563 4291 673 4364 Moyses
702 4291 792 4349 Num.
813 4309 856 4362 ro,
875 4307 899 4364 7.
1180 4288 1349 4348 servitutem
1375 4287 1478 4346 habuit
1503 4299 1533 4345 et
1549 4287 1707 4361 Moyses...
1725 4285 1832 4343 Servus

521 4391 563 4429 rr.
579 4371 682 4447 Xpisii
725 4373 813 4431 Rom.
834 4391 857 4444 1,
879 4391 890 4429 1
908 4381 963 4431 etc.
985 4371 1031 4432 Cl.
1056 4371 1129 4431 Hie·
1182 4369 1239 4429 Dei
1256 4369 1304 4429 ille
1319 4382 1373 4441 est,
1383 4368 1435 4445 qui
1451 4387 1511 4427 non
1527 4378 1572 4427 est
1587 4383 1688 4426 servus
1699 4363 1831 4442 peccatl'

476 4471 538 4512 ron.
556 4451 584 4510 in
595 4465 757 4512 comment.
774 4473 821 4530 ep.
837 4453 875 4513 ad
891 4453 950 4512 Tit.
970 4472 994 4526 1,
1015 4473 1026 4511 r
1044 4475 1050 4511 ι
1068 4459 1074 4485 ¹
1091 4454 1125 4511 In
1179 4465 1233 4510 etc.

475 4533 603 4608 epistula
626 4534 663 4593 ad
680 4535 836 4594 Romanos
858 4533 898 4592 ita
922 4553 1043 4595 exorsus
1064 4546 1126 4594 est:
1224 4551 1267 4608 19.
1283 4525 1505 4610 constringitur]
1521 4531 1608 4588 Provr
1623 4547 1650 4605 5,
1670 4547 1715 4587 22.

476 4615 592 4673 Paulus
605 4634 703 4674 servus
717 4617 782 4673 Iesu
810 4617 957 4675 Cirrr'slr‘...
977 4617 1064 4674 Haec
1078 4635 1128 4674 au·
1221 4635 1268 4672 2¹.
1280 4611 1394 4694 gralia]
1410 4616 1498 4672 Rom.
1516 4629 1543 4687 5,
1562 4631 1606 4668 20.

477 4709 538 4754 tem
563 4696 685 4755 servitus
701 4709 821 4756 nonest
846 4697 894 4755 illa
918 4699 958 4757 de
981 4717 1041 4772 qua
1064 4697 1127 4774 ipse
1222 4715 1268 4772 23.
1283 4691 1429 4774 ruborum]
1444 4695 1489 4752 Ps.
1510 4711 1574 4764 114,
1590 4711 1618 4766 9.
