<?xml version="1.0" encoding="UTF-8"?>
<!DOCTYPE html PUBLIC "-//W3C//DTD XHTML 1.0 Transitional//EN"
    "http://www.w3.org/TR/xhtml1/DTD/xhtml1-transitional.dtd">
<html xmlns="http://www.w3.org/1999/xhtml" xml:lang="en" lang="en">
 <head>
  <title>
</title>
<meta http-equiv="Content-Type" content="text/html;charset=utf-8" />
  <meta name='ocr-system' content='tesseract 3.04.00' />
  <meta name='ocr-capabilities' content='ocr_page ocr_carea ocr_par ocr_line ocrx_word'/>
</head>
<body>
  <div class='ocr_page' id='page_1' title='image "./commentarioliin00morigoog/commentarioliin00morigoog_0759.png"; bbox 0 0 4062 5504; ppageno 0'>
   <div class='ocr_carea' id='block_1_1' title="bbox 473 323 1347 421">
    <p class='ocr_par' dir='ltr' id='par_1_1' title="bbox 473 323 1347 421">
     <span class='ocr_line' id='line_1_1' title="bbox 473 323 1347 421; baseline -0.001 -21"><span class='ocrx_word' id='word_1_1' title='bbox 473 323 550 421; x_wconf 89' lang='lat'>148</span> <span class='ocrx_word' id='word_1_2' title='bbox 945 340 1127 400; x_wconf 78' lang='lat' dir='ltr'>Anuouu</span> <span class='ocrx_word' id='word_1_3' title='bbox 1152 339 1347 401; x_wconf 75' lang='lat' dir='ltr'>nnscoru</span> 
     </span>
    </p>
   </div>
   <div class='ocr_carea' id='block_1_2' title="bbox 464 536 1857 1141">
    <p class='ocr_par' dir='ltr' id='par_1_2' title="bbox 464 536 1857 1141">
     <span class='ocr_line' id='line_1_2' title="bbox 464 536 1826 624; baseline 0.004 -28"><span class='ocrx_word' id='word_1_4' title='bbox 464 555 550 617; x_wconf 89' lang='lat' dir='ltr'>quae</span> <span class='ocrx_word' id='word_1_5' title='bbox 565 547 673 602; x_wconf 91' lang='lat' dir='ltr'>totum</span> <span class='ocrx_word' id='word_1_6' title='bbox 690 539 861 604; x_wconf 88' lang='lat' dir='ltr'>hominem</span> <span class='ocrx_word' id='word_1_7' title='bbox 880 541 987 606; x_wconf 81' lang='lat' dir='ltr'>fructu</span> <span class='ocrx_word' id='word_1_8' title='bbox 1004 543 1188 624; x_wconf 89' lang='lat' dir='ltr'>impietatis</span> <span class='ocrx_word' id='word_1_9' title='bbox 1205 541 1428 624; x_wconf 84' lang='lat' dir='ltr'>repleverant.</span> <span class='ocrx_word' id='word_1_10' title='bbox 1445 539 1507 606; x_wconf 89' lang='lat' dir='ltr'>Cui</span> <span class='ocrx_word' id='word_1_11' title='bbox 1530 540 1637 604; x_wconf 88' lang='lat' dir='ltr'>maior</span> <span class='ocrx_word' id='word_1_12' title='bbox 1658 536 1826 620; x_wconf 76' lang='lat' dir='ltr'>apotheca</span> 
     </span>
     <span class='ocr_line' id='line_1_3' title="bbox 465 639 1825 726; baseline 0.002 -26"><span class='ocrx_word' id='word_1_13' title='bbox 465 650 498 701; x_wconf 92' lang='lat' dir='ltr'>et</span> <span class='ocrx_word' id='word_1_14' title='bbox 514 639 669 705; x_wconf 90' lang='lat' dir='ltr'>horreum</span> <span class='ocrx_word' id='word_1_15' title='bbox 687 643 876 721; x_wconf 79' lang='lat' dir='ltr'>fabricatur,</span> <span class='ocrx_word' id='word_1_16' title='bbox 892 646 956 710; x_wconf 90' lang='lat' dir='ltr'>hoc</span> <span class='ocrx_word' id='word_1_17' title='bbox 973 656 1032 722; x_wconf 89' lang='lat' dir='ltr'>est,</span> <span class='ocrx_word' id='word_1_18' title='bbox 1048 667 1105 710; x_wconf 86' lang='lat' dir='ltr'>cor</span> <span class='ocrx_word' id='word_1_19' title='bbox 1128 646 1275 710; x_wconf 90' lang='lat' dir='ltr'>hominis</span> <span class='ocrx_word' id='word_1_20' title='bbox 1291 667 1298 724; x_wconf 93' lang='lat'>;</span> <span class='ocrx_word' id='word_1_21' title='bbox 1315 655 1347 709; x_wconf 89' lang='lat' dir='ltr'>et</span> <span class='ocrx_word' id='word_1_22' title='bbox 1366 653 1513 708; x_wconf 86' lang='lat' dir='ltr'>mentem</span> <span class='ocrx_word' id='word_1_23' title='bbox 1538 642 1761 726; x_wconf 80' lang='lat' dir='ltr'>impellebant</span> <span class='ocrx_word' id='word_1_24' title='bbox 1784 639 1825 702; x_wconf 90' lang='lat' dir='ltr'>ad</span> 
     </span>
     <span class='ocr_line' id='line_1_4' title="bbox 466 742 1827 832; baseline -0.001 -27"><span class='ocrx_word' id='word_1_25' title='bbox 466 742 709 825; x_wconf 88' lang='lat' dir='ltr'>infidelitatem,</span> <span class='ocrx_word' id='word_1_26' title='bbox 732 768 773 812; x_wconf 92' lang='lat' dir='ltr'>ne</span> <span class='ocrx_word' id='word_1_27' title='bbox 789 750 900 813; x_wconf 90' lang='lat' dir='ltr'>Deum</span> <span class='ocrx_word' id='word_1_28' title='bbox 918 758 1125 832; x_wconf 82' lang='lat' dir='ltr'>agnosceret.</span> <span class='ocrx_word' id='word_1_29' title='bbox 1141 750 1270 814; x_wconf 88' lang='lat' dir='ltr'>Anima</span> <span class='ocrx_word' id='word_1_30' title='bbox 1292 759 1404 813; x_wconf 88' lang='lat' dir='ltr'>autem</span> <span class='ocrx_word' id='word_1_31' title='bbox 1421 749 1494 812; x_wconf 87' lang='lat' dir='ltr'>eius</span> <span class='ocrx_word' id='word_1_32' title='bbox 1509 747 1650 811; x_wconf 81' lang='lat' dir='ltr'>avaritia</span> <span class='ocrx_word' id='word_1_33' title='bbox 1673 756 1734 822; x_wconf 90' lang='lat' dir='ltr'>est,</span> <span class='ocrx_word' id='word_1_34' title='bbox 1757 743 1827 806; x_wconf 83' lang='lat' dir='ltr'>sive</span> 
     </span>
     <span class='ocr_line' id='line_1_5' title="bbox 465 846 1827 935; baseline 0.003 -26"><span class='ocrx_word' id='word_1_35' title='bbox 465 846 580 926; x_wconf 87' lang='lat' dir='ltr'>libido,</span> <span class='ocrx_word' id='word_1_36' title='bbox 596 851 629 912; x_wconf 90' lang='lat' dir='ltr'>in</span> <span class='ocrx_word' id='word_1_37' title='bbox 655 872 721 933; x_wconf 90' lang='lat' dir='ltr'>qua</span> <span class='ocrx_word' id='word_1_38' title='bbox 748 861 845 917; x_wconf 90' lang='lat' dir='ltr'>vetus</span> <span class='ocrx_word' id='word_1_39' title='bbox 873 853 976 917; x_wconf 91' lang='lat' dir='ltr'>homo</span> <span class='ocrx_word' id='word_1_40' title='bbox 1005 855 1203 918; x_wconf 83' lang='lat' dir='ltr'>luxuriatur.</span> <span class='ocrx_word' id='word_1_41' title='bbox 1222 853 1312 917; x_wconf 85' lang='lat' dir='ltr'>Huic</span> <span class='ocrx_word' id='word_1_42' title='bbox 1330 854 1444 935; x_wconf 87' lang='lat' dir='ltr'>itaque</span> <span class='ocrx_word' id='word_1_43' title='bbox 1461 851 1614 918; x_wconf 87' lang='lat' dir='ltr'>Christus</span> <span class='ocrx_word' id='word_1_44' title='bbox 1630 847 1827 932; x_wconf 89' lang='lat' dir='ltr'>respondit:</span> 
     </span>
     <span class='ocr_line' id='line_1_6' title="bbox 466 949 1857 1039; baseline 0.006 -26"><span class='ocrx_word' id='word_1_45' title='bbox 466 949 588 1030; x_wconf 88' lang='lat' dir='ltr'>Stulte,</span> <span class='ocrx_word' id='word_1_46' title='bbox 603 952 665 1016; x_wconf 91' lang='lat' dir='ltr'>hac</span> <span class='ocrx_word' id='word_1_47' title='bbox 682 966 780 1021; x_wconf 87' lang='lat' dir='ltr'>nocte</span> <span class='ocrx_word' id='word_1_48' title='bbox 797 967 952 1039; x_wconf 90' lang='lat' dir='ltr'>repetunt</span> <span class='ocrx_word' id='word_1_49' title='bbox 968 958 1115 1021; x_wconf 89' lang='lat' dir='ltr'>animam</span> <span class='ocrx_word' id='word_1_50' title='bbox 1142 969 1235 1021; x_wconf 93' lang='lat' dir='ltr'>tuam</span> <span class='ocrx_word' id='word_1_51' title='bbox 1264 977 1284 1020; x_wconf 90' lang='lat' dir='ltr'>a</span> <span class='ocrx_word' id='word_1_52' title='bbox 1309 965 1343 1020; x_wconf 90' lang='lat' dir='ltr'>te</span> <span class='ocrx_word' id='word_1_53' title='bbox 1358 978 1367 1035; x_wconf 85' lang='lat'>;</span> <span class='ocrx_word' id='word_1_54' title='bbox 1392 955 1456 1020; x_wconf 90' lang='lat' dir='ltr'>hoc</span> <span class='ocrx_word' id='word_1_55' title='bbox 1483 965 1544 1032; x_wconf 91' lang='lat' dir='ltr'>est,</span> <span class='ocrx_word' id='word_1_56' title='bbox 1570 953 1628 1018; x_wconf 89' lang='lat' dir='ltr'>illa</span> <span class='ocrx_word' id='word_1_57' title='bbox 1644 963 1744 1018; x_wconf 89' lang='lat' dir='ltr'>nocte</span> <span class='ocrx_word' id='word_1_58' title='bbox 1760 969 1827 1034; x_wconf 85' lang='lat' dir='ltr'>qua</span> <span class='ocrx_word' id='word_1_59' title='bbox 1845 971 1857 1022; x_wconf 84' lang='lat'>5</span> 
     </span>
     <span class='ocr_line' id='line_1_7' title="bbox 468 1055 1544 1141; baseline 0.003 -20"><span class='ocrx_word' id='word_1_60' title='bbox 468 1055 620 1121; x_wconf 91' lang='lat' dir='ltr'>Christus</span> <span class='ocrx_word' id='word_1_61' title='bbox 637 1079 753 1141; x_wconf 85' lang='lat' dir='ltr'>passus</span> <span class='ocrx_word' id='word_1_62' title='bbox 770 1072 829 1138; x_wconf 90' lang='lat' dir='ltr'>est,</span> <span class='ocrx_word' id='word_1_63' title='bbox 845 1072 878 1126; x_wconf 93' lang='lat' dir='ltr'>et</span> <span class='ocrx_word' id='word_1_64' title='bbox 894 1062 1064 1126; x_wconf 89' lang='lat' dir='ltr'>hominem</span> <span class='ocrx_word' id='word_1_65' title='bbox 1080 1071 1228 1126; x_wconf 90' lang='lat' dir='ltr'>veterem</span> <span class='ocrx_word' id='word_1_66' title='bbox 1246 1060 1372 1125; x_wconf 87' lang='lat' dir='ltr'>occidit</span> <span class='ocrx_word' id='word_1_67' title='bbox 1387 1059 1421 1123; x_wconf 90' lang='lat' dir='ltr'>in</span> <span class='ocrx_word' id='word_1_68' title='bbox 1437 1079 1544 1124; x_wconf 88' lang='lat' dir='ltr'>cruce.</span> 
     </span>
    </p>
   </div>
   <div class='ocr_carea' id='block_1_3' title="bbox 1115 1197 1233 1248">
    <p class='ocr_par' dir='ltr' id='par_1_3' title="bbox 1115 1197 1233 1248">
     <span class='ocr_line' id='line_1_8' title="bbox 1115 1197 1233 1248; baseline 0 -2"><span class='ocrx_word' id='word_1_69' title='bbox 1115 1197 1177 1248; x_wconf 85' lang='lat' dir='ltr'>vn.</span> <span class='ocrx_word' id='word_1_70' title='bbox 1228 1206 1233 1220; x_wconf 75' lang='lat'>⁸</span> 
     </span>
    </p>
   </div>
   <div class='ocr_carea' id='block_1_4' title="bbox 467 1298 1826 1490">
    <p class='ocr_par' dir='ltr' id='par_1_4' title="bbox 467 1264 1969 1490">
     <span class='ocr_line' id='line_1_9' title="bbox 509 1298 1826 1387; baseline 0.002 -27"><span class='ocrx_word' id='word_1_71' title='bbox 509 1298 610 1362; x_wconf 83' lang='lat' dir='ltr'>Dixit</span> <span class='ocrx_word' id='word_1_72' title='bbox 622 1303 672 1364; x_wconf 83' lang='lat' dir='ltr'>od</span> <span class='ocrx_word' id='word_1_73' title='bbox 681 1324 731 1365; x_wconf 85' lang='lat' dir='ltr'>ros</span> <span class='ocrx_word' id='word_1_74' title='bbox 739 1303 933 1385; x_wconf 84' lang='lat' dir='ltr'>parabolam</span> <span class='ocrx_word' id='word_1_75' title='bbox 945 1327 956 1369; x_wconf 91' lang='lat'>.·</span> <span class='ocrx_word' id='word_1_76' title='bbox 985 1303 1029 1368; x_wconf 87' lang='lat' dir='ltr'>Si</span> <span class='ocrx_word' id='word_1_77' title='bbox 1043 1315 1092 1368; x_wconf 90' lang='lat' dir='ltr'>est</span> <span class='ocrx_word' id='word_1_78' title='bbox 1106 1305 1141 1368; x_wconf 84' lang='lat' dir='ltr'>in</span> <span class='ocrx_word' id='word_1_79' title='bbox 1157 1303 1249 1368; x_wconf 86' lang='lat' dir='ltr'>vobis</span> <span class='ocrx_word' id='word_1_80' title='bbox 1255 1304 1346 1387; x_wconf 86' lang='lat' dir='ltr'>fides</span> <span class='ocrx_word' id='word_1_81' title='bbox 1361 1314 1519 1385; x_wconf 84' lang='lat' dir='ltr'>tanquam</span> <span class='ocrx_word' id='word_1_82' title='bbox 1528 1322 1677 1386; x_wconf 75' lang='lat' dir='ltr'>granum</span> <span class='ocrx_word' id='word_1_83' title='bbox 1690 1299 1826 1382; x_wconf 82' lang='lat' dir='ltr'>sinapis,</span> 
     </span>
     <span class='ocr_line' id='line_1_10' title="bbox 467 1401 1456 1490; baseline 0.009 -26"><span class='ocrx_word' id='word_1_84' title='bbox 467 1401 579 1467; x_wconf 88' lang='lat' dir='ltr'>dicetis</span> <span class='ocrx_word' id='word_1_85' title='bbox 593 1405 670 1469; x_wconf 80' lang='lat' dir='ltr'>lenio</span> <span class='ocrx_word' id='word_1_86' title='bbox 683 1407 794 1485; x_wconf 88' lang='lat' dir='ltr'>monti,</span> <span class='ocrx_word' id='word_1_87' title='bbox 811 1408 975 1490; x_wconf 80' lang='lat' dir='ltr'>Transfer</span> <span class='ocrx_word' id='word_1_88' title='bbox 991 1420 1029 1484; x_wconf 86' lang='lat' dir='ltr'>te,</span> <span class='ocrx_word' id='word_1_89' title='bbox 1039 1419 1070 1472; x_wconf 88' lang='lat' dir='ltr'>et</span> <span class='ocrx_word' id='word_1_90' title='bbox 1085 1411 1264 1490; x_wconf 81' lang='lat' dir='ltr'>transferet</span> <span class='ocrx_word' id='word_1_91' title='bbox 1274 1430 1308 1472; x_wconf 89' lang='lat' dir='ltr'>se</span> <span class='ocrx_word' id='word_1_92' title='bbox 1320 1430 1343 1471; x_wconf 89' lang='lat' dir='ltr'>o</span> <span class='ocrx_word' id='word_1_93' title='bbox 1357 1407 1456 1473; x_wconf 84' lang='lat' dir='ltr'>vobis.</span> 
     </span>
    </p>
   </div>
   <div class='ocr_carea' id='block_1_5' title="bbox 989 1537 1871 1594">
    <p class='ocr_par' dir='ltr' id='par_1_5' title="bbox 989 1537 1871 1594">
     <span class='ocr_line' id='line_1_11' title="bbox 989 1537 1871 1594; baseline 0.008 -2"><span class='ocrx_word' id='word_1_94' title='bbox 989 1543 1305 1594; x_wconf 74' lang='lat' dir='ltr'>rurnnnnnrarm.</span> <span class='ocrx_word' id='word_1_95' title='bbox 1844 1537 1871 1573; x_wconf 85' lang='lat'>¹⁰</span> 
     </span>
    </p>
   </div>
   <div class='ocr_carea' id='block_1_6' title="bbox 467 1646 1868 2245">
    <p class='ocr_par' dir='ltr' id='par_1_6' title="bbox 467 1646 1868 2245">
     <span class='ocr_line' id='line_1_12' title="bbox 512 1646 1825 1731; baseline -0.002 -20"><span class='ocrx_word' id='word_1_96' title='bbox 512 1646 646 1730; x_wconf 89' lang='lat' dir='ltr'>Sinapis</span> <span class='ocrx_word' id='word_1_97' title='bbox 663 1650 752 1730; x_wconf 93' lang='lat' dir='ltr'>quod</span> <span class='ocrx_word' id='word_1_98' title='bbox 769 1650 860 1727; x_wconf 90' lang='lat' dir='ltr'>dicit,</span> <span class='ocrx_word' id='word_1_99' title='bbox 875 1659 1122 1715; x_wconf 84' lang='lat' dir='ltr'>sacramentum</span> <span class='ocrx_word' id='word_1_100' title='bbox 1142 1650 1218 1714; x_wconf 87' lang='lat' dir='ltr'>fidei</span> <span class='ocrx_word' id='word_1_101' title='bbox 1236 1651 1456 1726; x_wconf 88' lang='lat' dir='ltr'>demonstrat,</span> <span class='ocrx_word' id='word_1_102' title='bbox 1480 1646 1569 1731; x_wconf 90' lang='lat' dir='ltr'>quod</span> <span class='ocrx_word' id='word_1_103' title='bbox 1595 1668 1653 1729; x_wconf 88' lang='lat' dir='ltr'>per</span> <span class='ocrx_word' id='word_1_104' title='bbox 1679 1647 1825 1711; x_wconf 90' lang='lat' dir='ltr'>Trinita-</span> 
     </span>
     <span class='ocr_line' id='line_1_13' title="bbox 467 1751 1827 1837; baseline -0.001 -23"><span class='ocrx_word' id='word_1_105' title='bbox 467 1760 535 1814; x_wconf 89' lang='lat' dir='ltr'>tem</span> <span class='ocrx_word' id='word_1_106' title='bbox 552 1753 653 1815; x_wconf 92' lang='lat' dir='ltr'>sumit</span> <span class='ocrx_word' id='word_1_107' title='bbox 669 1755 850 1818; x_wconf 87' lang='lat' dir='ltr'>candorem</span> <span class='ocrx_word' id='word_1_108' title='bbox 863 1776 870 1819; x_wconf 94' lang='lat'><strong>:</strong></span> <span class='ocrx_word' id='word_1_109' title='bbox 884 1753 947 1818; x_wconf 89' lang='lat' dir='ltr'>hoc</span> <span class='ocrx_word' id='word_1_110' title='bbox 963 1765 1023 1830; x_wconf 90' lang='lat' dir='ltr'>est,</span> <span class='ocrx_word' id='word_1_111' title='bbox 1040 1775 1099 1837; x_wconf 91' lang='lat' dir='ltr'>per</span> <span class='ocrx_word' id='word_1_112' title='bbox 1114 1774 1236 1837; x_wconf 88' lang='lat' dir='ltr'>aquam</span> <span class='ocrx_word' id='word_1_113' title='bbox 1254 1765 1287 1818; x_wconf 89' lang='lat' dir='ltr'>et</span> <span class='ocrx_word' id='word_1_114' title='bbox 1301 1755 1464 1836; x_wconf 91' lang='lat' dir='ltr'>Spiritum</span> <span class='ocrx_word' id='word_1_115' title='bbox 1478 1752 1647 1836; x_wconf 86' lang='lat' dir='ltr'>baptismi,</span> <span class='ocrx_word' id='word_1_116' title='bbox 1659 1761 1694 1815; x_wconf 95' lang='lat' dir='ltr'>et</span> <span class='ocrx_word' id='word_1_117' title='bbox 1704 1751 1827 1824; x_wconf 87' lang='lat' dir='ltr'>oleum,</span> 
     </span>
     <span class='ocr_line' id='line_1_14' title="bbox 467 1855 1826 1941; baseline 0.001 -24"><span class='ocrx_word' id='word_1_118' title='bbox 467 1855 530 1918; x_wconf 89' lang='lat' dir='ltr'>hoc</span> <span class='ocrx_word' id='word_1_119' title='bbox 547 1865 597 1919; x_wconf 89' lang='lat' dir='ltr'>est</span> <span class='ocrx_word' id='word_1_120' title='bbox 613 1858 779 1921; x_wconf 85' lang='lat' dir='ltr'>crismatis</span> <span class='ocrx_word' id='word_1_121' title='bbox 795 1859 911 1941; x_wconf 84' lang='lat' dir='ltr'>gratia.</span> <span class='ocrx_word' id='word_1_122' title='bbox 931 1859 1025 1941; x_wconf 86' lang='lat' dir='ltr'>Ignei</span> <span class='ocrx_word' id='word_1_123' title='bbox 1042 1860 1216 1937; x_wconf 87' lang='lat' dir='ltr'>carbones,</span> <span class='ocrx_word' id='word_1_124' title='bbox 1234 1859 1361 1941; x_wconf 90' lang='lat' dir='ltr'>Spiritu</span> <span class='ocrx_word' id='word_1_125' title='bbox 1378 1858 1486 1922; x_wconf 86' lang='lat' dir='ltr'>sancti</span> <span class='ocrx_word' id='word_1_126' title='bbox 1499 1856 1616 1939; x_wconf 84' lang='lat' dir='ltr'>ligura</span> <span class='ocrx_word' id='word_1_127' title='bbox 1640 1865 1701 1919; x_wconf 89' lang='lat' dir='ltr'>est.</span> <span class='ocrx_word' id='word_1_128' title='bbox 1726 1855 1826 1919; x_wconf 88' lang='lat' dir='ltr'>Mons</span> 
     </span>
     <span class='ocr_line' id='line_1_15' title="bbox 468 1958 1826 2045; baseline -0.001 -23"><span class='ocrx_word' id='word_1_129' title='bbox 468 1970 579 2023; x_wconf 88' lang='lat' dir='ltr'>autem</span> <span class='ocrx_word' id='word_1_130' title='bbox 597 1960 750 2026; x_wconf 86' lang='lat' dir='ltr'>diabolus</span> <span class='ocrx_word' id='word_1_131' title='bbox 766 1961 972 2044; x_wconf 85' lang='lat' dir='ltr'>intelligitur,</span> <span class='ocrx_word' id='word_1_132' title='bbox 988 1983 1047 2044; x_wconf 91' lang='lat' dir='ltr'>pro</span> <span class='ocrx_word' id='word_1_133' title='bbox 1061 1963 1293 2045; x_wconf 86' lang='lat' dir='ltr'>magnitudine</span> <span class='ocrx_word' id='word_1_134' title='bbox 1308 1961 1455 2025; x_wconf 89' lang='lat' dir='ltr'>malitiae</span> <span class='ocrx_word' id='word_1_135' title='bbox 1468 1980 1556 2026; x_wconf 88' lang='lat' dir='ltr'>suae.</span> <span class='ocrx_word' id='word_1_136' title='bbox 1570 1959 1714 2024; x_wconf 88' lang='lat' dir='ltr'>Proinde</span> <span class='ocrx_word' id='word_1_137' title='bbox 1727 1958 1826 2023; x_wconf 86' lang='lat' dir='ltr'>dicit:</span> 
     </span>
     <span class='ocr_line' id='line_1_16' title="bbox 470 2062 1868 2149; baseline 0 -21"><span class='ocrx_word' id='word_1_138' title='bbox 470 2063 506 2128; x_wconf 90' lang='lat' dir='ltr'>Si</span> <span class='ocrx_word' id='word_1_139' title='bbox 523 2064 705 2128; x_wconf 89' lang='lat' dir='ltr'>habueritis</span> <span class='ocrx_word' id='word_1_140' title='bbox 721 2065 823 2129; x_wconf 88' lang='lat' dir='ltr'>fidem</span> <span class='ocrx_word' id='word_1_141' title='bbox 840 2068 925 2129; x_wconf 93' lang='lat' dir='ltr'>sicut</span> <span class='ocrx_word' id='word_1_142' title='bbox 943 2086 1084 2148; x_wconf 83' lang='lat' dir='ltr'>granum</span> <span class='ocrx_word' id='word_1_143' title='bbox 1102 2067 1239 2149; x_wconf 87' lang='lat' dir='ltr'>sinapis,</span> <span class='ocrx_word' id='word_1_144' title='bbox 1255 2066 1373 2130; x_wconf 90' lang='lat' dir='ltr'>dicetis</span> <span class='ocrx_word' id='word_1_145' title='bbox 1391 2067 1497 2129; x_wconf 89' lang='lat' dir='ltr'>monti</span> <span class='ocrx_word' id='word_1_146' title='bbox 1514 2063 1601 2142; x_wconf 88' lang='lat' dir='ltr'>huic,</span> <span class='ocrx_word' id='word_1_147' title='bbox 1617 2062 1778 2127; x_wconf 81' lang='lat' dir='ltr'>Transfer</span> <span class='ocrx_word' id='word_1_148' title='bbox 1793 2072 1826 2127; x_wconf 86' lang='lat' dir='ltr'>te</span> <span class='ocrx_word' id='word_1_149' title='bbox 1844 2077 1868 2128; x_wconf 82' lang='lat'>¹5</span> 
     </span>
     <span class='ocr_line' id='line_1_17' title="bbox 470 2165 1008 2245; baseline 0.011 -17"><span class='ocrx_word' id='word_1_150' title='bbox 470 2165 558 2245; x_wconf 89' lang='lat' dir='ltr'>hinc,</span> <span class='ocrx_word' id='word_1_151' title='bbox 575 2178 607 2231; x_wconf 92' lang='lat' dir='ltr'>et</span> <span class='ocrx_word' id='word_1_152' title='bbox 624 2169 800 2234; x_wconf 81' lang='lat' dir='ltr'>transferet</span> <span class='ocrx_word' id='word_1_153' title='bbox 816 2190 851 2232; x_wconf 88' lang='lat' dir='ltr'>se</span> <span class='ocrx_word' id='word_1_154' title='bbox 868 2191 887 2234; x_wconf 91' lang='lat' dir='ltr'>a</span> <span class='ocrx_word' id='word_1_155' title='bbox 904 2171 1008 2234; x_wconf 89' lang='lat' dir='ltr'>vobis.</span> 
     </span>
    </p>
   </div>
   <div class='ocr_carea' id='block_1_7' title="bbox 1016 2305 1281 2356">
    <p class='ocr_par' dir='ltr' id='par_1_7' title="bbox 1016 2305 1281 2356">
     <span class='ocr_line' id='line_1_18' title="bbox 1016 2305 1281 2356; baseline 0 -2"><span class='ocrx_word' id='word_1_156' title='bbox 1016 2305 1184 2356; x_wconf 83' lang='lat' dir='ltr'>CAPITUL.</span> <span class='ocrx_word' id='word_1_157' title='bbox 1202 2305 1281 2355; x_wconf 91' lang='lat' dir='ltr'>Vlll.</span> 
     </span>
    </p>
   </div>
   <div class='ocr_carea' id='block_1_8' title="bbox 467 2408 1866 2910">
    <p class='ocr_par' dir='ltr' id='par_1_8' title="bbox 467 2408 1866 2910">
     <span class='ocr_line' id='line_1_19' title="bbox 512 2408 1825 2494; baseline -0.001 -22"><span class='ocrx_word' id='word_1_158' title='bbox 512 2408 629 2472; x_wconf 81' lang='lat' dir='ltr'>Alione</span> <span class='ocrx_word' id='word_1_159' title='bbox 639 2409 831 2490; x_wconf 79' lang='lat' dir='ltr'>parobolam</span> <span class='ocrx_word' id='word_1_160' title='bbox 848 2411 937 2475; x_wconf 82' lang='lat' dir='ltr'>dixit</span> <span class='ocrx_word' id='word_1_161' title='bbox 947 2411 1101 2493; x_wconf 77' lang='lat' dir='ltr'>apostolis</span> <span class='ocrx_word' id='word_1_162' title='bbox 1111 2435 1122 2477; x_wconf 95' lang='lat'><em>:</em></span> <span class='ocrx_word' id='word_1_163' title='bbox 1142 2410 1225 2488; x_wconf 88' lang='lat' dir='ltr'>Quis</span> <span class='ocrx_word' id='word_1_164' title='bbox 1239 2433 1277 2474; x_wconf 84' lang='lat' dir='ltr'>err</span> <span class='ocrx_word' id='word_1_165' title='bbox 1293 2410 1382 2475; x_wconf 83' lang='lat' dir='ltr'>vobis</span> <span class='ocrx_word' id='word_1_166' title='bbox 1394 2409 1503 2473; x_wconf 85' lang='lat' dir='ltr'>volens</span> <span class='ocrx_word' id='word_1_167' title='bbox 1518 2409 1641 2474; x_wconf 86' lang='lat' dir='ltr'>turrim</span> <span class='ocrx_word' id='word_1_168' title='bbox 1655 2410 1825 2494; x_wconf 78' lang='lat' dir='ltr'>aedificare</span> 
     </span>
     <span class='ocr_line' id='line_1_20' title="bbox 470 2513 1825 2597; baseline 0 -22"><span class='ocrx_word' id='word_1_169' title='bbox 470 2514 635 2594; x_wconf 75' lang='lat' dir='ltr'>nonprins</span> <span class='ocrx_word' id='word_1_170' title='bbox 649 2513 762 2577; x_wconf 83' lang='lat' dir='ltr'>sedens</span> <span class='ocrx_word' id='word_1_171' title='bbox 775 2525 940 2597; x_wconf 86' lang='lat' dir='ltr'>computat</span> <span class='ocrx_word' id='word_1_172' title='bbox 953 2525 1101 2597; x_wconf 83' lang='lat' dir='ltr'>sumptus</span> <span class='ocrx_word' id='word_1_173' title='bbox 1116 2516 1175 2597; x_wconf 84' lang='lat' dir='ltr'>qui</span> <span class='ocrx_word' id='word_1_174' title='bbox 1190 2513 1364 2578; x_wconf 85' lang='lat' dir='ltr'>necessarii</span> <span class='ocrx_word' id='word_1_175' title='bbox 1375 2523 1453 2576; x_wconf 84' lang='lat' dir='ltr'>sunt</span> <span class='ocrx_word' id='word_1_176' title='bbox 1468 2513 1516 2576; x_wconf 83' lang='lat' dir='ltr'>od</span> <span class='ocrx_word' id='word_1_177' title='bbox 1527 2513 1825 2588; x_wconf 82' lang='lat' dir='ltr'>consummandum,</span> 
     </span>
     <span class='ocr_line' id='line_1_21' title="bbox 469 2617 1866 2700; baseline 0 -21"><span class='ocrx_word' id='word_1_178' title='bbox 469 2619 606 2698; x_wconf 87' lang='lat' dir='ltr'>nesorte</span> <span class='ocrx_word' id='word_1_179' title='bbox 619 2639 690 2680; x_wconf 87' lang='lat' dir='ltr'>curn</span> <span class='ocrx_word' id='word_1_180' title='bbox 706 2618 854 2700; x_wconf 83' lang='lat' dir='ltr'>posuerit</span> <span class='ocrx_word' id='word_1_181' title='bbox 863 2619 1122 2698; x_wconf 84' lang='lat' dir='ltr'>frendornenturn</span> <span class='ocrx_word' id='word_1_182' title='bbox 1138 2629 1169 2682; x_wconf 86' lang='lat' dir='ltr'>et</span> <span class='ocrx_word' id='word_1_183' title='bbox 1185 2639 1246 2680; x_wconf 87' lang='lat' dir='ltr'>non</span> <span class='ocrx_word' id='word_1_184' title='bbox 1258 2617 1404 2700; x_wconf 76' lang='lat' dir='ltr'>potnerit</span> <span class='ocrx_word' id='word_1_185' title='bbox 1410 2617 1571 2699; x_wconf 84' lang='lat' dir='ltr'>perficere,</span> <span class='ocrx_word' id='word_1_186' title='bbox 1589 2639 1698 2682; x_wconf 89' lang='lat' dir='ltr'>omnes</span> <span class='ocrx_word' id='word_1_187' title='bbox 1720 2627 1825 2682; x_wconf 84' lang='lat' dir='ltr'>trans·</span> <span class='ocrx_word' id='word_1_188' title='bbox 1841 2630 1866 2665; x_wconf 83' lang='lat'>²0</span> 
     </span>
     <span class='ocr_line' id='line_1_22' title="bbox 467 2721 1826 2805; baseline -0.001 -22"><span class='ocrx_word' id='word_1_189' title='bbox 467 2731 577 2785; x_wconf 88' lang='lat' dir='ltr'>euntes</span> <span class='ocrx_word' id='word_1_190' title='bbox 600 2743 671 2786; x_wconf 87' lang='lat' dir='ltr'>cnm</span> <span class='ocrx_word' id='word_1_191' title='bbox 696 2723 843 2786; x_wconf 84' lang='lat' dir='ltr'>viderint</span> <span class='ocrx_word' id='word_1_192' title='bbox 868 2723 1027 2805; x_wconf 77' lang='lat' dir='ltr'>incipiant</span> <span class='ocrx_word' id='word_1_193' title='bbox 1052 2723 1199 2786; x_wconf 83' lang='lat' dir='ltr'>deridere</span> <span class='ocrx_word' id='word_1_194' title='bbox 1224 2744 1298 2785; x_wconf 82' lang='lat' dir='ltr'>enen</span> <span class='ocrx_word' id='word_1_195' title='bbox 1321 2721 1485 2786; x_wconf 86' lang='lat' dir='ltr'>dicentes:</span> <span class='ocrx_word' id='word_1_196' title='bbox 1511 2721 1575 2784; x_wconf 87' lang='lat' dir='ltr'>Hic</span> <span class='ocrx_word' id='word_1_197' title='bbox 1599 2721 1693 2785; x_wconf 86' lang='lat' dir='ltr'>leomo</span> <span class='ocrx_word' id='word_1_198' title='bbox 1707 2722 1826 2785; x_wconf 85' lang='lat' dir='ltr'>stultns</span> 
     </span>
     <span class='ocr_line' id='line_1_23' title="bbox 467 2826 1276 2910; baseline 0 -22"><span class='ocrx_word' id='word_1_199' title='bbox 467 2827 566 2908; x_wconf 76' lang='lat' dir='ltr'>coepit</span> <span class='ocrx_word' id='word_1_200' title='bbox 576 2826 759 2910; x_wconf 86' lang='lat' dir='ltr'>aedificare,</span> <span class='ocrx_word' id='word_1_201' title='bbox 774 2836 805 2890; x_wconf 88' lang='lat' dir='ltr'>et</span> <span class='ocrx_word' id='word_1_202' title='bbox 820 2849 882 2890; x_wconf 92' lang='lat' dir='ltr'>non</span> <span class='ocrx_word' id='word_1_203' title='bbox 894 2828 1003 2909; x_wconf 80' lang='lat' dir='ltr'>potnit</span> <span class='ocrx_word' id='word_1_204' title='bbox 1017 2848 1241 2890; x_wconf 84' lang='lat' dir='ltr'>consummare</span> <span class='ocrx_word' id='word_1_205' title='bbox 1256 2827 1276 2888; x_wconf 72' lang='grc'><em>7</em></span> 
     </span>
    </p>
   </div>
   <div class='ocr_carea' id='block_1_9' title="bbox 993 2961 1311 3012">
    <p class='ocr_par' dir='ltr' id='par_1_9' title="bbox 993 2961 1311 3012">
     <span class='ocr_line' id='line_1_24' title="bbox 993 2961 1311 3012; baseline 0.006 -2"><span class='ocrx_word' id='word_1_206' title='bbox 993 2961 1311 3012; x_wconf 86' lang='lat' dir='ltr'>INTERPRETATIO.</span> 
     </span>
    </p>
   </div>
   <div class='ocr_carea' id='block_1_10' title="bbox 469 3067 1864 3464">
    <p class='ocr_par' dir='ltr' id='par_1_10' title="bbox 469 3067 1864 3464">
     <span class='ocr_line' id='line_1_25' title="bbox 512 3067 1823 3151; baseline 0.001 -20"><span class='ocrx_word' id='word_1_207' title='bbox 512 3068 651 3132; x_wconf 88' lang='lat' dir='ltr'>Turrem</span> <span class='ocrx_word' id='word_1_208' title='bbox 668 3069 759 3151; x_wconf 89' lang='lat' dir='ltr'>quod</span> <span class='ocrx_word' id='word_1_209' title='bbox 775 3069 856 3133; x_wconf 92' lang='lat' dir='ltr'>dicit</span> <span class='ocrx_word' id='word_1_210' title='bbox 869 3067 1123 3145; x_wconf 87' lang='lat' dir='ltr'>aedificandam,</span> <span class='ocrx_word' id='word_1_211' title='bbox 1136 3067 1365 3133; x_wconf 89' lang='lat' dir='ltr'>habitaculum</span> <span class='ocrx_word' id='word_1_212' title='bbox 1379 3067 1528 3150; x_wconf 88' lang='lat' dir='ltr'>corporis</span> <span class='ocrx_word' id='word_1_213' title='bbox 1545 3069 1648 3132; x_wconf 89' lang='lat' dir='ltr'>nostri</span> <span class='ocrx_word' id='word_1_214' title='bbox 1664 3079 1726 3146; x_wconf 88' lang='lat' dir='ltr'>est,</span> <span class='ocrx_word' id='word_1_215' title='bbox 1736 3068 1823 3150; x_wconf 89' lang='lat' dir='ltr'>quod</span> 
     </span>
     <span class='ocr_line' id='line_1_26' title="bbox 469 3171 1864 3256; baseline -0.004 -20"><span class='ocrx_word' id='word_1_216' title='bbox 469 3197 513 3236; x_wconf 88' lang='lat' dir='ltr'>ex</span> <span class='ocrx_word' id='word_1_217' title='bbox 530 3172 686 3236; x_wconf 88' lang='lat' dir='ltr'>omnibus</span> <span class='ocrx_word' id='word_1_218' title='bbox 704 3174 873 3237; x_wconf 89' lang='lat' dir='ltr'>mandatis</span> <span class='ocrx_word' id='word_1_219' title='bbox 890 3173 1014 3239; x_wconf 87' lang='lat' dir='ltr'>Christi</span> <span class='ocrx_word' id='word_1_220' title='bbox 1031 3171 1144 3256; x_wconf 88' lang='lat' dir='ltr'>aedi[f.</span> <span class='ocrx_word' id='word_1_221' title='bbox 1165 3191 1202 3254; x_wconf 83' lang='lat'>13</span> <span class='ocrx_word' id='word_1_222' title='bbox 1209 3171 1342 3254; x_wconf 85' lang='lat' dir='ltr'>5]ficare</span> <span class='ocrx_word' id='word_1_223' title='bbox 1357 3171 1530 3249; x_wconf 90' lang='lat' dir='ltr'>debemus,</span> <span class='ocrx_word' id='word_1_224' title='bbox 1546 3181 1579 3236; x_wconf 90' lang='lat' dir='ltr'>et</span> <span class='ocrx_word' id='word_1_225' title='bbox 1605 3171 1700 3237; x_wconf 90' lang='lat' dir='ltr'>trabe</span> <span class='ocrx_word' id='word_1_226' title='bbox 1724 3174 1825 3236; x_wconf 88' lang='lat' dir='ltr'>crucis</span> <span class='ocrx_word' id='word_1_227' title='bbox 1840 3191 1864 3242; x_wconf 80' lang='lat'>25</span> 
     </span>
     <span class='ocr_line' id='line_1_27' title="bbox 469 3273 1825 3359; baseline 0 -19"><span class='ocrx_word' id='word_1_228' title='bbox 469 3278 685 3359; x_wconf 89' lang='lat' dir='ltr'>contignare;</span> <span class='ocrx_word' id='word_1_229' title='bbox 701 3287 735 3339; x_wconf 92' lang='lat' dir='ltr'>et</span> <span class='ocrx_word' id='word_1_230' title='bbox 748 3287 944 3359; x_wconf 84' lang='lat' dir='ltr'>computare</span> <span class='ocrx_word' id='word_1_231' title='bbox 961 3287 1125 3358; x_wconf 89' lang='lat' dir='ltr'>sumptus,</span> <span class='ocrx_word' id='word_1_232' title='bbox 1135 3277 1198 3340; x_wconf 91' lang='lat' dir='ltr'>hoc</span> <span class='ocrx_word' id='word_1_233' title='bbox 1214 3287 1275 3349; x_wconf 87' lang='lat' dir='ltr'>est,</span> <span class='ocrx_word' id='word_1_234' title='bbox 1290 3275 1573 3357; x_wconf 84' lang='lat' dir='ltr'>perseverantiam</span> <span class='ocrx_word' id='word_1_235' title='bbox 1587 3273 1673 3354; x_wconf 88' lang='lat' dir='ltr'>fidei,</span> <span class='ocrx_word' id='word_1_236' title='bbox 1689 3297 1731 3340; x_wconf 91' lang='lat' dir='ltr'>ne</span> <span class='ocrx_word' id='word_1_237' title='bbox 1743 3275 1825 3342; x_wconf 88' lang='lat' dir='ltr'>iorte</span> 
     </span>
     <span class='ocr_line' id='line_1_28' title="bbox 470 3381 1072 3464; baseline 0.003 -20"><span class='ocrx_word' id='word_1_238' title='bbox 470 3381 653 3464; x_wconf 88' lang='lat' dir='ltr'>perlectum</span> <span class='ocrx_word' id='word_1_239' title='bbox 670 3406 715 3433; x_wconf 75' lang='lat' dir='ltr'>m</span> <span class='ocrx_word' id='word_1_240' title='bbox 732 3391 882 3445; x_wconf 89' lang='lat' dir='ltr'>nostrum</span> <span class='ocrx_word' id='word_1_241' title='bbox 900 3382 1072 3446; x_wconf 89' lang='lat' dir='ltr'>denotent.</span> 
     </span>
    </p>
   </div>
   <div class='ocr_carea' id='block_1_11' title="bbox 1103 3514 1196 3565">
    <p class='ocr_par' dir='ltr' id='par_1_11' title="bbox 1103 3514 1196 3565">
     <span class='ocr_line' id='line_1_29' title="bbox 1103 3514 1196 3565; baseline 0.032 -3"><span class='ocrx_word' id='word_1_242' title='bbox 1103 3514 1196 3565; x_wconf 84' lang='lat' dir='ltr'>VIIII.</span> 
     </span>
    </p>
   </div>
   <div class='ocr_carea' id='block_1_12' title="bbox 417 3619 1864 4117">
    <p class='ocr_par' dir='ltr' id='par_1_12' title="bbox 470 3619 1864 3912">
     <span class='ocr_line' id='line_1_30' title="bbox 513 3619 1826 3705; baseline 0 -20"><span class='ocrx_word' id='word_1_243' title='bbox 513 3623 561 3685; x_wconf 87' lang='lat' dir='ltr'>Et</span> <span class='ocrx_word' id='word_1_244' title='bbox 574 3623 625 3686; x_wconf 85' lang='lat' dir='ltr'>ait</span> <span class='ocrx_word' id='word_1_245' title='bbox 639 3621 732 3686; x_wconf 86' lang='lat' dir='ltr'>Iesus</span> <span class='ocrx_word' id='word_1_246' title='bbox 745 3646 756 3686; x_wconf 93' lang='lat'>.·</span> <span class='ocrx_word' id='word_1_247' title='bbox 784 3622 893 3685; x_wconf 90' lang='lat' dir='ltr'>Homo</span> <span class='ocrx_word' id='word_1_248' title='bbox 914 3621 1051 3705; x_wconf 81' lang='lat' dir='ltr'>quidam</span> <span class='ocrx_word' id='word_1_249' title='bbox 1075 3620 1192 3684; x_wconf 81' lang='lat' dir='ltr'>habuit</span> <span class='ocrx_word' id='word_1_250' title='bbox 1214 3620 1296 3684; x_wconf 86' lang='lat' dir='ltr'>duos</span> <span class='ocrx_word' id='word_1_251' title='bbox 1313 3621 1417 3704; x_wconf 85' lang='lat' dir='ltr'>filios.</span> <span class='ocrx_word' id='word_1_252' title='bbox 1442 3620 1490 3685; x_wconf 88' lang='lat' dir='ltr'>Et</span> <span class='ocrx_word' id='word_1_253' title='bbox 1508 3619 1559 3684; x_wconf 88' lang='lat' dir='ltr'>ait</span> <span class='ocrx_word' id='word_1_254' title='bbox 1576 3619 1826 3686; x_wconf 86' lang='lat' dir='ltr'>adolescentior:</span> 
     </span>
     <span class='ocr_line' id='line_1_31' title="bbox 470 3722 1864 3808; baseline -0.003 -18"><span class='ocrx_word' id='word_1_255' title='bbox 470 3728 582 3803; x_wconf 88' lang='lat' dir='ltr'>Pater,</span> <span class='ocrx_word' id='word_1_256' title='bbox 597 3727 641 3790; x_wconf 87' lang='lat' dir='ltr'>do</span> <span class='ocrx_word' id='word_1_257' title='bbox 652 3725 737 3790; x_wconf 80' lang='lat' dir='ltr'>milri</span> <span class='ocrx_word' id='word_1_258' title='bbox 745 3725 926 3808; x_wconf 77' lang='lat' dir='ltr'>portionem</span> <span class='ocrx_word' id='word_1_259' title='bbox 942 3724 1146 3790; x_wconf 81' lang='lat' dir='ltr'>substantioe</span> <span class='ocrx_word' id='word_1_260' title='bbox 1159 3745 1255 3800; x_wconf 84' lang='lat' dir='ltr'>meae,</span> <span class='ocrx_word' id='word_1_261' title='bbox 1271 3722 1453 3807; x_wconf 81' lang='lat' dir='ltr'>quaemihi</span> <span class='ocrx_word' id='word_1_262' title='bbox 1464 3724 1632 3806; x_wconf 80' lang='lat' dir='ltr'>continget.</span> <span class='ocrx_word' id='word_1_263' title='bbox 1651 3725 1698 3788; x_wconf 87' lang='lat' dir='ltr'>Et</span> <span class='ocrx_word' id='word_1_264' title='bbox 1712 3725 1827 3789; x_wconf 81' lang='lat' dir='ltr'>de&#39;or&#39;sit</span> <span class='ocrx_word' id='word_1_265' title='bbox 1840 3735 1864 3786; x_wconf 85' lang='lat'>3⁰</span> 
     </span>
     <span class='ocr_line' id='line_1_32' title="bbox 471 3825 1827 3912; baseline -0.002 -17"><span class='ocrx_word' id='word_1_266' title='bbox 471 3831 539 3896; x_wconf 88' lang='lat' dir='ltr'>illis</span> <span class='ocrx_word' id='word_1_267' title='bbox 553 3830 782 3895; x_wconf 84' lang='lat' dir='ltr'>substantiam.</span> <span class='ocrx_word' id='word_1_268' title='bbox 799 3831 847 3893; x_wconf 88' lang='lat' dir='ltr'>Et</span> <span class='ocrx_word' id='word_1_269' title='bbox 868 3849 931 3893; x_wconf 91' lang='lat' dir='ltr'>non</span> <span class='ocrx_word' id='word_1_270' title='bbox 955 3839 1029 3912; x_wconf 76' lang='lat' dir='ltr'>post</span> <span class='ocrx_word' id='word_1_271' title='bbox 1051 3829 1193 3892; x_wconf 88' lang='lat' dir='ltr'>multum</span> <span class='ocrx_word' id='word_1_272' title='bbox 1208 3827 1411 3911; x_wconf 80' lang='lat' dir='ltr'>congregatis</span> <span class='ocrx_word' id='word_1_273' title='bbox 1430 3825 1580 3891; x_wconf 87' lang='lat' dir='ltr'>omnibus</span> <span class='ocrx_word' id='word_1_274' title='bbox 1601 3828 1827 3892; x_wconf 84' lang='lat' dir='ltr'>adolescentior</span> 
     </span>
    </p>

    <p class='ocr_par' dir='ltr' id='par_1_13' title="bbox 417 3931 1826 4117">
     <span class='ocr_line' id='line_1_33' title="bbox 417 3931 1826 4020; baseline -0.003 -22"><span class='ocrx_word' id='word_1_275' title='bbox 417 3979 419 3984; x_wconf 90' lang='lat'>-</span> <span class='ocrx_word' id='word_1_276' title='bbox 460 3937 560 4020; x_wconf 86' lang='lat' dir='ltr'>filins</span> <span class='ocrx_word' id='word_1_277' title='bbox 569 3947 701 4017; x_wconf 79' lang='lat' dir='ltr'>peregre</span> <span class='ocrx_word' id='word_1_278' title='bbox 711 3935 876 4015; x_wconf 81' lang='lat' dir='ltr'>profectus</span> <span class='ocrx_word' id='word_1_279' title='bbox 890 3943 938 3996; x_wconf 86' lang='lat' dir='ltr'>cst</span> <span class='ocrx_word' id='word_1_280' title='bbox 954 3933 989 3995; x_wconf 88' lang='lat' dir='ltr'>in</span> <span class='ocrx_word' id='word_1_281' title='bbox 1006 3932 1167 4015; x_wconf 85' lang='lat' dir='ltr'>regionem</span> <span class='ocrx_word' id='word_1_282' title='bbox 1183 3932 1405 4014; x_wconf 83' lang='lat' dir='ltr'>longinquam,</span> <span class='ocrx_word' id='word_1_283' title='bbox 1427 3940 1459 3993; x_wconf 88' lang='lat' dir='ltr'>et</span> <span class='ocrx_word' id='word_1_284' title='bbox 1481 3931 1529 3994; x_wconf 82' lang='lat' dir='ltr'>ibi</span> <span class='ocrx_word' id='word_1_285' title='bbox 1553 3931 1732 4013; x_wconf 79' lang='lat' dir='ltr'>dissipavit</span> <span class='ocrx_word' id='word_1_286' title='bbox 1755 3931 1826 3994; x_wconf 83' lang='lat' dir='ltr'>snb·</span> 
     </span>
     <span class='ocr_line' id='line_1_34' title="bbox 468 4033 1826 4117; baseline -0.004 -13"><span class='ocrx_word' id='word_1_287' title='bbox 468 4039 627 4104; x_wconf 73' lang='lat' dir='ltr'>stantehrn</span> <span class='ocrx_word' id='word_1_288' title='bbox 643 4059 738 4101; x_wconf 86' lang='lat' dir='ltr'>suom</span> <span class='ocrx_word' id='word_1_289' title='bbox 754 4037 892 4101; x_wconf 88' lang='lat' dir='ltr'>oioendo</span> <span class='ocrx_word' id='word_1_290' title='bbox 911 4037 1084 4101; x_wconf 76' lang='lat' dir='ltr'>luxuriose.</span> <span class='ocrx_word' id='word_1_291' title='bbox 1101 4037 1149 4099; x_wconf 90' lang='lat' dir='ltr'>Et</span> <span class='ocrx_word' id='word_1_292' title='bbox 1169 4057 1242 4099; x_wconf 86' lang='lat' dir='ltr'>cnrn</span> <span class='ocrx_word' id='word_1_293' title='bbox 1258 4043 1511 4098; x_wconf 82' lang='lat' dir='ltr'>consummasset</span> <span class='ocrx_word' id='word_1_294' title='bbox 1528 4035 1639 4098; x_wconf 88' lang='lat' dir='ltr'>omnia</span> <span class='ocrx_word' id='word_1_295' title='bbox 1656 4033 1725 4113; x_wconf 88' lang='lat' dir='ltr'>illo,</span> <span class='ocrx_word' id='word_1_296' title='bbox 1731 4037 1826 4117; x_wconf 84' lang='lat' dir='ltr'>sacta</span> 
     </span>
    </p>
   </div>
   <div class='ocr_carea' id='block_1_13' title="bbox 469 4220 1827 4460">
    <p class='ocr_par' dir='ltr' id='par_1_14' title="bbox 469 4220 1827 4460">
     <span class='ocr_line' id='line_1_35' title="bbox 502 4220 1825 4293; baseline -0.002 -16"><span class='ocrx_word' id='word_1_297' title='bbox 502 4227 517 4278; x_wconf 91' lang='lat'><strong>8</strong></span> <span class='ocrx_word' id='word_1_298' title='bbox 521 4228 598 4293; x_wconf 82' lang='lat' dir='ltr'>fides]</span> <span class='ocrx_word' id='word_1_299' title='bbox 621 4229 704 4292; x_wconf 87' lang='lat' dir='ltr'>suppl.</span> <span class='ocrx_word' id='word_1_300' title='bbox 728 4227 753 4276; x_wconf 91' lang='lat' dir='ltr'>in</span> <span class='ocrx_word' id='word_1_301' title='bbox 777 4242 855 4291; x_wconf 78' lang='lat' dir='ltr'>marg.</span> <span class='ocrx_word' id='word_1_302' title='bbox 882 4225 914 4275; x_wconf 93' lang='lat' dir='ltr'>G.</span> <span class='ocrx_word' id='word_1_303' title='bbox 1028 4237 1059 4284; x_wconf 87' lang='lat'>24</span> <span class='ocrx_word' id='word_1_304' title='bbox 1077 4223 1195 4284; x_wconf 85' lang='lat' dir='ltr'>Turrem]</span> <span class='ocrx_word' id='word_1_305' title='bbox 1220 4220 1245 4282; x_wconf 83' lang='grc' dir='ltr'>β,</span> <span class='ocrx_word' id='word_1_306' title='bbox 1269 4238 1282 4272; x_wconf 88' lang='lat' dir='ltr'>e</span> <span class='ocrx_word' id='word_1_307' title='bbox 1305 4240 1335 4271; x_wconf 84' lang='lat' dir='ltr'>ex</span> <span class='ocrx_word' id='word_1_308' title='bbox 1358 4224 1445 4272; x_wconf 89' lang='lat' dir='ltr'>icorr.</span> <span class='ocrx_word' id='word_1_309' title='bbox 1460 4221 1492 4272; x_wconf 90' lang='lat' dir='ltr'>G.</span> <span class='ocrx_word' id='word_1_310' title='bbox 1595 4221 1825 4288; x_wconf 79' lang='lat' dir='ltr'>26rontigrrere]G</span> 
     </span>
     <span class='ocr_line' id='line_1_36' title="bbox 469 4304 1827 4378; baseline -0.004 -17"><span class='ocrx_word' id='word_1_311' title='bbox 469 4309 739 4378; x_wconf 77' lang='lat' dir='ltr'>optime3ronsignore</span> <span class='ocrx_word' id='word_1_312' title='bbox 753 4308 777 4376; x_wconf 87' lang='grc' dir='ltr'>β</span> <span class='ocrx_word' id='word_1_313' title='bbox 879 4319 908 4370; x_wconf 90' lang='lat'>27</span> <span class='ocrx_word' id='word_1_314' title='bbox 930 4306 1067 4371; x_wconf 77' lang='lat' dir='ltr'>perfectum</span> <span class='ocrx_word' id='word_1_315' title='bbox 1090 4321 1127 4343; x_wconf 63' lang='lat' dir='ltr'>n·</span> <span class='ocrx_word' id='word_1_316' title='bbox 1149 4306 1275 4367; x_wconf 82' lang='lat' dir='ltr'>nostrum]</span> <span class='ocrx_word' id='word_1_317' title='bbox 1299 4305 1428 4354; x_wconf 81' lang='lat' dir='ltr'>Lacunam</span> <span class='ocrx_word' id='word_1_318' title='bbox 1450 4305 1559 4354; x_wconf 86' lang='lat' dir='ltr'>stellulis</span> <span class='ocrx_word' id='word_1_319' title='bbox 1572 4304 1701 4366; x_wconf 72' lang='lat' dir='ltr'>indicavi3</span> <span class='ocrx_word' id='word_1_320' title='bbox 1725 4309 1827 4372; x_wconf 81' lang='lat' dir='ltr'>nesorte</span> 
     </span>
     <span class='ocr_line' id='line_1_37' title="bbox 469 4387 1118 4460; baseline -0.005 -17"><span class='ocrx_word' id='word_1_321' title='bbox 469 4394 555 4460; x_wconf 83' lang='lat' dir='ltr'>aliqui</span> <span class='ocrx_word' id='word_1_322' title='bbox 565 4393 736 4456; x_wconf 81' lang='lat' dir='ltr'>imperfectum</span> <span class='ocrx_word' id='word_1_323' title='bbox 748 4399 810 4455; x_wconf 78' lang='lat' dir='ltr'>opus</span> <span class='ocrx_word' id='word_1_324' title='bbox 821 4397 936 4440; x_wconf 86' lang='lat' dir='ltr'>nostrum</span> <span class='ocrx_word' id='word_1_325' title='bbox 948 4389 1081 4439; x_wconf 82' lang='lat' dir='ltr'>derideant</span> <span class='ocrx_word' id='word_1_326' title='bbox 1094 4387 1118 4456; x_wconf 88' lang='grc' dir='ltr'>β.</span> 
     </span>
    </p>
   </div>
   <div class='ocr_carea' id='block_1_14' title="bbox 511 4523 1795 4638">
    <p class='ocr_par' dir='ltr' id='par_1_15' title="bbox 511 4523 1795 4638">
     <span class='ocr_line' id='line_1_38' title="bbox 511 4523 1795 4638; baseline -0.003 -18"><span class='ocrx_word' id='word_1_327' title='bbox 511 4581 537 4637; x_wconf 88' lang='lat'>9.</span> <span class='ocrx_word' id='word_1_328' title='bbox 554 4581 573 4620; x_wconf 90' lang='lat' dir='ltr'>o</span> <span class='ocrx_word' id='word_1_329' title='bbox 588 4555 676 4638; x_wconf 84' lang='lat' dir='ltr'>vobis]</span> <span class='ocrx_word' id='word_1_330' title='bbox 693 4561 743 4618; x_wconf 88' lang='lat' dir='ltr'>Lc.</span> <span class='ocrx_word' id='word_1_331' title='bbox 765 4576 809 4632; x_wconf 87' lang='lat'>17,</span> <span class='ocrx_word' id='word_1_332' title='bbox 826 4559 854 4616; x_wconf 89' lang='grc'>6.</span> <span class='ocrx_word' id='word_1_333' title='bbox 1213 4575 1257 4614; x_wconf 87' lang='lat'>22.</span> <span class='ocrx_word' id='word_1_334' title='bbox 1274 4570 1473 4614; x_wconf 84' lang='lat' dir='ltr'>consummare</span> <span class='ocrx_word' id='word_1_335' title='bbox 1481 4549 1507 4634; x_wconf 83' lang='lat' dir='ltr'>l]</span> <span class='ocrx_word' id='word_1_336' title='bbox 1524 4553 1575 4614; x_wconf 89' lang='lat' dir='ltr'>Le.</span> <span class='ocrx_word' id='word_1_337' title='bbox 1595 4573 1640 4628; x_wconf 78' lang='lat'>14,</span> <span class='ocrx_word' id='word_1_338' title='bbox 1657 4557 1696 4614; x_wconf 84' lang='lat'>28</span> <span class='ocrx_word' id='word_1_339' title='bbox 1711 4574 1754 4634; x_wconf 83' lang='lat' dir='ltr'>sq.</span> <span class='ocrx_word' id='word_1_340' title='bbox 1791 4523 1795 4532; x_wconf 32' lang='grc' dir='ltr'>Ι</span> 
     </span>
    </p>
   </div>
   <div class='ocr_carea' id='block_1_15' title="bbox 0 0 2044 5504">
    <p class='ocr_par' dir='ltr' id='par_1_16' title="bbox 0 0 2044 5504">
     <span class='ocr_line' id='line_1_39' title="bbox 0 0 2044 5504; baseline 0 0"><span class='ocrx_word' id='word_1_341' title='bbox 0 0 2044 5504; x_wconf 95' lang='lat' dir='ltr'> </span> 
     </span>
    </p>
   </div>
  </div>
 </body>
</html>
