4112 5496
421 389 477 497 56
877 415 1031 480 sunem
1062 413 1315 478 munorum
1675 403 1774 493 [exva

421 631 632 732 ecclesias
667 659 779 743 quae
810 631 994 716 habeant
1030 633 1161 716 ubera
1195 619 1501 730 doctrinarum,
1531 639 1574 711 et
1605 627 1775 738 possint

422 772 624 854 scientiae
644 771 863 856 credentes
884 772 990 855 lacte
1007 772 1178 855 nutrire.
1200 770 1301 853 Una
1316 781 1382 851 est
1397 765 1584 865 ecelesia,
1602 777 1644 848 et
1660 791 1775 848 unus

423 909 609 1019 Xpistus
631 937 818 1021 sponsus
840 910 1050 994 ecclesiae.
1075 909 1257 992 Etenim
1293 934 1374 990 nen
1402 905 1618 988 credentes
1648 903 1775 987 inlen-

420 1047 571 1129 bitnre.
606 1047 664 1129 Et
698 1047 765 1129 his
799 1046 1060 1146 hominibus,
1099 1046 1142 1130 id
1178 1059 1256 1145 est,
1293 1072 1345 1130 ex
1378 1043 1582 1156 gentibus
1616 1044 1775 1155 populo

422 1184 603 1294 largitus
624 1196 690 1267 est
708 1185 747 1265 X
754 1184 907 1294 pistus,
923 1185 996 1294 qui
1020 1213 1106 1267 non
1123 1185 1352 1267 eredebant
1371 1185 1512 1266 Deum
1536 1179 1775 1264 inhabitare
1810 1209 1824 1264 s

422 1351 550 1434 posse
567 1321 833 1406 mortalibus,
853 1322 992 1405 De'xit
1005 1325 1241 1406 Dominus:
1253 1322 1335 1404 Ex
1345 1323 1499 1404 Busan
1515 1323 1771 1412 convertam.

426 1464 489 1546 lll
523 1461 809 1568 intinguatur
831 1463 913 1568 pes
947 1465 1050 1544 lnns
1083 1461 1129 1542 in
1163 1462 1377 1568 sangnine
1391 1489 1406 1541 .·
1435 1459 1588 1568 lingna
1609 1453 1775 1544 cannen

421 1606 596 1683 luerunt
611 1599 667 1682 ab
682 1597 872 1680 inimicis
885 1625 942 1682 ex
957 1599 1057 1709 ipse.
1080 1599 1222 1682 Basan
1240 1597 1439 1681 conlusio
1456 1597 1772 1709 interpretatur:
1845 1587 1862 1617 ⁰

420 1740 473 1823 de
507 1739 760 1823 confusione
795 1737 929 1849 igitur
963 1764 1044 1821 nos
1075 1735 1286 1820 convertit
1324 1735 1455 1820 Deus,
1498 1735 1595 1818 Hoc
1630 1748 1774 1820 autem

422 1877 531 1976 ideo,
553 1877 656 1986 quia
685 1881 856 1958 ‘crucem
892 1875 1112 1974 sustinuit,
1135 1888 1177 1958 et
1199 1901 1273 1984 pes
1294 1873 1388 1955 eius
1421 1873 1593 1984 proprio
1627 1899 1775 1956 eruore
1795 1904 1828 1944 ιο

422 2015 621 2124 perfusus
661 2027 738 2112 est,
781 2013 1070 2097 clamantibus
1109 2024 1257 2096 contra
1295 2036 1394 2094 eum
1439 2009 1612 2093 Iudaeis
1646 2024 1776 2120 atque

420 2152 686 2236 dicentibus:
713 2160 721 2193 ‘
745 2151 971 2263 Crucifige,
1006 2151 1205 2262 crucifige
1236 2174 1335 2233 eum
1359 2150 1377 2232 ⁹.
1403 2149 1490 2257 Qui
1530 2148 1677 2233 Iudaei
1701 2150 1776 2231 sti-

422 2291 573 2373 mulati
598 2290 771 2373 luerunt
790 2291 845 2373 ab
867 2289 1054 2371 inimicis
1070 2288 1230 2399 Xpisti,
1248 2288 1327 2372 hoc
1343 2302 1420 2388 est,
1435 2315 1461 2370 a
1476 2287 1771 2372 daemonibus.

424 2429 486 2511 Ut
518 2441 663 2512 autem
701 2427 780 2510 hoc
801 2437 941 2509 totum
975 2424 1104 2526 fieret,
1143 2426 1280 2537 ipsius
1302 2426 1543 2511 Salvatoris
1572 2425 1776 2509 voluntas

422 2565 514 2663 suit,
539 2564 612 2676 qui
637 2565 740 2648 haec
775 2591 931 2675 passus
966 2576 1031 2648 est
1063 2562 1163 2646 fieri.
1204 2566 1528 2647 Praevenernnl
1551 2563 1777 2673 principes
1797 2593 1830 2647 ις

408 2702 551 2818 inxle
581 2702 886 2813 psallentibus,
931 2697 976 2784 in
1016 2703 1155 2784 meeleb
1195 2701 1523 2785 iubencularum
1559 2699 1777 2811 lynpani-

417 2841 646 2927 striarum.
670 2840 871 2950 Apostoli
892 2866 990 2924 cum
1012 2839 1203 2923 ecclesiis
1229 2841 1375 2923 iuncto
1410 2839 1566 2956 pariter
1586 2865 1776 2950 praeces-

420 2991 568 3060 serunt
602 2978 752 3090 gradu.
795 2977 853 3060 Et
890 2976 998 3060 bene
1018 3004 1093 3060 eos
1129 2978 1401 3090 praevenisse
1433 2989 1638 3060 testatur:
1674 2976 1777 3088 quia

420 3117 633 3228 principes
655 3128 825 3199 nostrae
847 3114 945 3199 fidei
968 3116 1021 3199 de
1046 3115 1218 3198 ludaeis
1240 3128 1352 3198 sunt.
1377 3116 1432 3196 ln
1453 3115 1639 3198 eeclesiis
1658 3114 1777 3197 bene·

418 3255 550 3337 dieite
584 3253 833 3336 Donninnnz.
877 3253 1155 3335 Manifestius
1189 3265 1256 3336 est
1292 3254 1472 3352 locutus
1500 3281 1610 3365 quas
1646 3282 1777 3366 supra
1796 3284 1835 3322 20

419 3391 575 3476 dixerit
597 3391 933 3502 tympanistrias,
950 3389 1169 3474 Dominus
1184 3390 1449 3502 elefenlibus
1468 3392 1777 3504 lsreleelsquia

421 3532 540 3614 salus
574 3558 625 3612 ex
664 3529 836 3611 ludaeis
871 3541 949 3628 est,
984 3540 1025 3611 et
1059 3529 1159 3612 inde
1194 3531 1332 3638 prima
1366 3531 1551 3615 ecclesia.
1591 3533 1776 3640 Increpa

420 3669 579 3751 bestias
611 3667 781 3751 culntni.
825 3667 994 3750 Bestiae
1026 3666 1177 3749 calami
1209 3666 1441 3751 daemones
1474 3681 1589 3769 sunt,
1612 3668 1778 3779 fragilis

453 3872 557 3933 eunus]
568 3878 604 3920 es!
616 3869 705 3937 repetit
714 3871 743 3921 C.
830 3866 1132 3935 4lrorninilues]ECMli;
1165 3869 1323 3918 omnilnsA.
1408 3869 1705 3935 Sabininu'cisexipse]
1718 3871 1778 3928 EC;

419 3973 450 4004 ex
462 3957 480 4004 ι’.
494 3955 524 4004 ab
540 3957 591 4019 ipso
603 3952 684 4021 Altp.
789 3953 818 4003 16
836 3952 919 4013 iuxta]
935 3952 1011 4000 EAM
1024 3953 1061 4011 l:
1076 3951 1180 4000 r'uncla?
1191 3951 1222 4000 cl.
1237 3951 1370 4000 lectionem
1390 3951 1484 4002 codicis
1502 3953 1616 4004 Sinnitici
1633 3947 1779 4022 ἐχόμενα);

420 4039 503 4086 r'nncli
514 4035 553 4104 Cli
566 4037 642 4096 (Cod.
659 4036 767 4086 lluberl.
781 4035 926 4094 continenti).
1010 4043 1037 4094 17
1051 4032 1144 4093 inmte]
1159 4033 1251 4090 ECM3
1286 4033 1403 4092 iuslolex
1416 4034 1496 4094 iuxta)
1509 4035 1540 4084 Α.
1629 4048 1658 4097 19
1670 4036 1779 4096 neuras]

419 4135 468 4168 om.
486 4119 515 4168 Ε.
585 4131 616 4167 20
630 4117 781 4178 [lominum]
794 4103 917 4167 lta'codd.
930 4131 976 4179 pro
988 4115 1081 4174 Deum,
1092 4121 1119 4164 ut
1131 4115 1238 4165 videtur.
1309 4113 1776 4177 21Donu'nus1EM3DomituCA.

461 4293 484 4352 5.
509 4275 635 4350 lurgr'tns
648 4267 700 4352 est]
717 4273 941 4349 Nonnunquam
966 4273 1072 4334 Hiero
1124 4285 1244 4334 nentem
1271 4272 1480 4334 subintellecto
1505 4273 1677 4335 accusativo
1698 4293 1779 4352 prae-

418 4375 525 4433 nymus
539 4355 631 4416 verbo
644 4355 757 4430 largiri
768 4353 884 4432 passivo
905 4374 994 4416 sensu
1018 4354 1072 4414 uti·
1123 4367 1179 4414 stat
1194 4373 1363 4432 agnoscere.

418 4451 473 4511 tur,
491 4457 514 4496 v.
531 4457 570 4514 gr.
595 4435 625 4496 in
647 4437 838 4496 translatione
860 4437 925 4496 libri
949 4435 1070 4514 Didymi
1163 4440 1189 4496 8.
1204 4437 1307 4496 Busan
1322 4434 1459 4517 confusio]
1477 4439 1523 4498 De
1538 4438 1594 4498 bac
1610 4439 1779 4514 interpreta-

418 4522 458 4579 de
473 4519 582 4596 Spiritu
598 4533 702 4578 sancto
717 4537 744 4578 n.
758 4539 794 4591 4:
811 4522 818 4548 ¹
833 4519 896 4596 ipse
908 4518 1071 4578 subsistens
1122 4519 1204 4577 tione
1218 4520 1296 4577 conl.
1310 4537 1399 4596 supra
1414 4539 1441 4596 p.
1459 4539 1505 4594 34,
1522 4521 1539 4578 l.
1560 4539 1603 4579 10.

420 4603 449 4659 in
466 4600 510 4658 his
525 4599 611 4659 bonis
625 4618 732 4676 quaea
746 4598 877 4659 Durnino
889 4599 1050 4676 largiuntur
1064 4601 1071 4628 ’
1165 4620 1180 4656 ι
1184 4619 1210 4674 3.
1233 4600 1335 4659 beslius
1345 4598 1467 4680 calanu']
1482 4605 1525 4659 lta
1537 4601 1652 4677 legebat
1662 4602 1690 4660 S.
1707 4600 1777 4660 Hie·

421 4683 477 4760 (M.
497 4701 542 4758 23‚
563 4683 639 4759 ιιι).
660 4681 719 4740 Hic
742 4699 810 4741 vero
833 4683 957 4741 sonuum
981 4682 1071 4758 depo·
1123 4699 1263 4758 ronymus
1278 4683 1316 4741 ud
1334 4681 1482 4759 Algasiam
1498 4681 1630 4743 scribens
1644 4701 1690 4760 ep.
1711 4701 1776 4756 ιιι,
