<?xml version="1.0" encoding="UTF-8"?>
<!DOCTYPE html PUBLIC "-//W3C//DTD XHTML 1.0 Transitional//EN"
    "http://www.w3.org/TR/xhtml1/DTD/xhtml1-transitional.dtd">
<html xmlns="http://www.w3.org/1999/xhtml" xml:lang="en" lang="en">
 <head>
  <title>
</title>
<meta http-equiv="Content-Type" content="text/html;charset=utf-8" />
  <meta name='ocr-system' content='tesseract 3.04.00' />
  <meta name='ocr-capabilities' content='ocr_page ocr_carea ocr_par ocr_line ocrx_word'/>
</head>
<body>
  <div class='ocr_page' id='page_1' title='image "./commentarioliin00morigoog/commentarioliin00morigoog_0204.png"; bbox 0 0 4158 5492; ppageno 0'>
   <div class='ocr_carea' id='block_1_1' title="bbox 659 417 1668 508">
    <p class='ocr_par' dir='ltr' id='par_1_1' title="bbox 659 417 1668 508">
     <span class='ocr_line' id='line_1_1' title="bbox 659 417 1668 508; baseline 0.003 -22"><span class='ocrx_word' id='word_1_1' title='bbox 659 421 915 488; x_wconf 70' lang='lat' dir='ltr'>sancturus</span> <span class='ocrx_word' id='word_1_2' title='bbox 938 423 996 488; x_wconf 80' lang='lat' dir='ltr'>uu</span> <span class='ocrx_word' id='word_1_3' title='bbox 1019 429 1194 491; x_wconf 76' lang='lat' dir='ltr'>rsauuo</span> <span class='ocrx_word' id='word_1_4' title='bbox 1209 427 1331 490; x_wconf 79' lang='lat' dir='ltr'>Lxxv.</span> <span class='ocrx_word' id='word_1_5' title='bbox 1614 417 1668 508; x_wconf 88' lang='lat'>47</span> 
     </span>
    </p>
   </div>
   <div class='ocr_carea' id='block_1_2' title="bbox 276 643 1689 3760">
    <p class='ocr_par' dir='ltr' id='par_1_2' title="bbox 317 643 1673 1044">
     <span class='ocr_line' id='line_1_2' title="bbox 317 643 1670 730; baseline -0.004 -20"><span class='ocrx_word' id='word_1_6' title='bbox 317 645 455 711; x_wconf 85' lang='lat' dir='ltr'>Domini</span> <span class='ocrx_word' id='word_1_7' title='bbox 483 644 548 710; x_wconf 92' lang='lat' dir='ltr'>Dei</span> <span class='ocrx_word' id='word_1_8' title='bbox 564 644 669 708; x_wconf 84' lang='lat' dir='ltr'>nostri</span> <span class='ocrx_word' id='word_1_9' title='bbox 697 644 924 709; x_wconf 84' lang='lat' dir='ltr'>invocabimus</span> <span class='ocrx_word' id='word_1_10' title='bbox 941 646 956 712; x_wconf 89' lang='lat'>&#39;.</span> <span class='ocrx_word' id='word_1_11' title='bbox 975 647 1026 710; x_wconf 89' lang='lat' dir='ltr'>Illi</span> <span class='ocrx_word' id='word_1_12' title='bbox 1044 668 1124 730; x_wconf 88' lang='lat' dir='ltr'>ergo</span> <span class='ocrx_word' id='word_1_13' title='bbox 1150 650 1207 730; x_wconf 92' lang='lat' dir='ltr'>qui</span> <span class='ocrx_word' id='word_1_14' title='bbox 1224 649 1443 714; x_wconf 85' lang='lat' dir='ltr'>ascenderunt</span> <span class='ocrx_word' id='word_1_15' title='bbox 1467 663 1581 727; x_wconf 89' lang='lat' dir='ltr'>equos,</span> <span class='ocrx_word' id='word_1_16' title='bbox 1595 643 1670 706; x_wconf 91' lang='lat' dir='ltr'>dor·</span> 
     </span>
     <span class='ocr_line' id='line_1_3' title="bbox 317 731 1672 835; baseline -0.004 -19"><span class='ocrx_word' id='word_1_17' title='bbox 317 751 519 816; x_wconf 88' lang='lat' dir='ltr'>mitaverunt</span> <span class='ocrx_word' id='word_1_18' title='bbox 534 757 568 832; x_wconf 72' lang='lat' dir='ltr'>et</span> <span class='ocrx_word' id='word_1_19' title='bbox 583 747 759 830; x_wconf 89' lang='lat' dir='ltr'>perierunt.</span> <span class='ocrx_word' id='word_1_20' title='bbox 779 747 894 814; x_wconf 86' lang='lat' dir='ltr'>Habet</span> <span class='ocrx_word' id='word_1_21' title='bbox 906 760 938 813; x_wconf 89' lang='lat' dir='ltr'>et</span> <span class='ocrx_word' id='word_1_22' title='bbox 953 731 1120 815; x_wconf 86' lang='lat' dir='ltr'>Dominus</span> <span class='ocrx_word' id='word_1_23' title='bbox 1134 762 1246 818; x_wconf 89' lang='lat' dir='ltr'>noster</span> <span class='ocrx_word' id='word_1_24' title='bbox 1255 772 1368 835; x_wconf 89' lang='lat' dir='ltr'>equos,</span> <span class='ocrx_word' id='word_1_25' title='bbox 1377 749 1478 814; x_wconf 91' lang='lat' dir='ltr'>habet</span> <span class='ocrx_word' id='word_1_26' title='bbox 1493 758 1527 814; x_wconf 89' lang='lat' dir='ltr'>et</span> <span class='ocrx_word' id='word_1_27' title='bbox 1539 757 1672 812; x_wconf 91' lang='lat' dir='ltr'>montes</span> 
     </span>
     <span class='ocr_line' id='line_1_4' title="bbox 317 846 1673 936; baseline -0.001 -18"><span class='ocrx_word' id='word_1_28' title='bbox 317 853 466 918; x_wconf 89' lang='lat' dir='ltr'>lucidos:</span> <span class='ocrx_word' id='word_1_29' title='bbox 482 846 668 918; x_wconf 90' lang='lat' dir='ltr'>econtrario</span> <span class='ocrx_word' id='word_1_30' title='bbox 679 861 712 914; x_wconf 91' lang='lat' dir='ltr'>et</span> <span class='ocrx_word' id='word_1_31' title='bbox 728 853 881 917; x_wconf 89' lang='lat' dir='ltr'>diabolus</span> <span class='ocrx_word' id='word_1_32' title='bbox 898 853 999 918; x_wconf 90' lang='lat' dir='ltr'>habet</span> <span class='ocrx_word' id='word_1_33' title='bbox 1016 867 1146 926; x_wconf 88' lang='lat' dir='ltr'>montes</span> <span class='ocrx_word' id='word_1_34' title='bbox 1162 857 1366 922; x_wconf 89' lang='lat' dir='ltr'>tenebrosos.</span> <span class='ocrx_word' id='word_1_35' title='bbox 1384 855 1477 920; x_wconf 88' lang='lat' dir='ltr'>Sicut</span> <span class='ocrx_word' id='word_1_36' title='bbox 1493 873 1573 936; x_wconf 93' lang='lat' dir='ltr'>ergo</span> <span class='ocrx_word' id='word_1_37' title='bbox 1596 864 1673 917; x_wconf 91' lang='lat' dir='ltr'>sunt</span> 
     </span>
     <span class='ocr_line' id='line_1_5' title="bbox 319 954 1672 1044; baseline -0.002 -20"><span class='ocrx_word' id='word_1_38' title='bbox 319 967 450 1024; x_wconf 91' lang='lat' dir='ltr'>montes</span> <span class='ocrx_word' id='word_1_39' title='bbox 467 954 567 1018; x_wconf 91' lang='lat' dir='ltr'>lucidi</span> <span class='ocrx_word' id='word_1_40' title='bbox 594 965 627 1020; x_wconf 88' lang='lat' dir='ltr'>et</span> <span class='ocrx_word' id='word_1_41' title='bbox 644 965 775 1021; x_wconf 90' lang='lat' dir='ltr'>montes</span> <span class='ocrx_word' id='word_1_42' title='bbox 801 956 976 1036; x_wconf 80' lang='lat' dir='ltr'>tenebrosi,</span> <span class='ocrx_word' id='word_1_43' title='bbox 992 960 1039 1023; x_wconf 90' lang='lat' dir='ltr'>ita</span> <span class='ocrx_word' id='word_1_44' title='bbox 1065 971 1191 1026; x_wconf 87' lang='lat' dir='ltr'>suntet</span> <span class='ocrx_word' id='word_1_45' title='bbox 1216 964 1291 1044; x_wconf 90' lang='lat' dir='ltr'>equi</span> <span class='ocrx_word' id='word_1_46' title='bbox 1308 962 1386 1028; x_wconf 90' lang='lat' dir='ltr'>boni</span> <span class='ocrx_word' id='word_1_47' title='bbox 1403 970 1436 1024; x_wconf 90' lang='lat' dir='ltr'>et</span> <span class='ocrx_word' id='word_1_48' title='bbox 1460 960 1579 1024; x_wconf 90' lang='lat' dir='ltr'>iterum</span> <span class='ocrx_word' id='word_1_49' title='bbox 1596 958 1672 1042; x_wconf 86' lang='lat' dir='ltr'>e&#39;qui</span> 
     </span>
    </p>

    <p class='ocr_par' dir='ltr' id='par_1_3' title="bbox 288 1059 1678 1567">
     <span class='ocr_line' id='line_1_6' title="bbox 288 1059 1674 1148; baseline -0.001 -21"><span class='ocrx_word' id='word_1_50' title='bbox 288 1086 301 1139; x_wconf 80' lang='lat'>5</span> <span class='ocrx_word' id='word_1_51' title='bbox 321 1061 408 1127; x_wconf 89' lang='lat' dir='ltr'>mali.</span> <span class='ocrx_word' id='word_1_52' title='bbox 434 1060 593 1124; x_wconf 85' lang='lat' dir='ltr'>Diximus</span> <span class='ocrx_word' id='word_1_53' title='bbox 608 1060 652 1123; x_wconf 91' lang='lat' dir='ltr'>de</span> <span class='ocrx_word' id='word_1_54' title='bbox 677 1059 772 1143; x_wconf 89' lang='lat' dir='ltr'>equis</span> <span class='ocrx_word' id='word_1_55' title='bbox 789 1061 893 1139; x_wconf 88' lang='lat' dir='ltr'>malis,</span> <span class='ocrx_word' id='word_1_56' title='bbox 919 1072 952 1125; x_wconf 89' lang='lat' dir='ltr'>et</span> <span class='ocrx_word' id='word_1_57' title='bbox 968 1063 1119 1128; x_wconf 89' lang='lat' dir='ltr'>dicamus</span> <span class='ocrx_word' id='word_1_58' title='bbox 1146 1067 1188 1130; x_wconf 91' lang='lat' dir='ltr'>de</span> <span class='ocrx_word' id='word_1_59' title='bbox 1204 1067 1298 1148; x_wconf 89' lang='lat' dir='ltr'>equis</span> <span class='ocrx_word' id='word_1_60' title='bbox 1321 1063 1426 1129; x_wconf 88' lang='lat' dir='ltr'>bonis.</span> <span class='ocrx_word' id='word_1_61' title='bbox 1446 1062 1508 1126; x_wconf 95' lang='lat' dir='ltr'>lllo</span> <span class='ocrx_word' id='word_1_62' title='bbox 1523 1072 1674 1146; x_wconf 90' lang='lat' dir='ltr'>ternpore</span> 
     </span>
     <span class='ocr_line' id='line_1_7' title="bbox 321 1161 1675 1252; baseline 0.003 -23"><span class='ocrx_word' id='word_1_63' title='bbox 321 1165 456 1249; x_wconf 88' lang='lat' dir='ltr'>quando</span> <span class='ocrx_word' id='word_1_64' title='bbox 470 1165 513 1227; x_wconf 92' lang='lat' dir='ltr'>ad</span> <span class='ocrx_word' id='word_1_65' title='bbox 532 1161 727 1228; x_wconf 83' lang='lat' dir='ltr'><strong>Helisaeum</strong></span> <span class='ocrx_word' id='word_1_66' title='bbox 754 1175 924 1243; x_wconf 89' lang='lat' dir='ltr'>venerunt,</span> <span class='ocrx_word' id='word_1_67' title='bbox 947 1179 984 1230; x_wconf 88' lang='lat' dir='ltr'>ut</span> <span class='ocrx_word' id='word_1_68' title='bbox 997 1188 1075 1234; x_wconf 89' lang='lat' dir='ltr'>eum</span> <span class='ocrx_word' id='word_1_69' title='bbox 1092 1171 1410 1252; x_wconf 85' lang='lat' dir='ltr'>conprehenderent,</span> <span class='ocrx_word' id='word_1_70' title='bbox 1436 1170 1520 1234; x_wconf 85' lang='lat' dir='ltr'>exiit</span> <span class='ocrx_word' id='word_1_71' title='bbox 1536 1189 1626 1252; x_wconf 92' lang='lat' dir='ltr'>puer,</span> <span class='ocrx_word' id='word_1_72' title='bbox 1641 1179 1675 1233; x_wconf 89' lang='lat' dir='ltr'>et</span> 
     </span>
     <span class='ocr_line' id='line_1_8' title="bbox 321 1267 1676 1352; baseline 0.003 -20"><span class='ocrx_word' id='word_1_73' title='bbox 321 1267 404 1332; x_wconf 88' lang='lat' dir='ltr'>vidit</span> <span class='ocrx_word' id='word_1_74' title='bbox 419 1267 604 1334; x_wconf 85' lang='lat' dir='ltr'>exercitum</span> <span class='ocrx_word' id='word_1_75' title='bbox 621 1267 653 1330; x_wconf 93' lang='lat' dir='ltr'>in</span> <span class='ocrx_word' id='word_1_76' title='bbox 670 1267 808 1332; x_wconf 89' lang='lat' dir='ltr'>circuitu</span> <span class='ocrx_word' id='word_1_77' title='bbox 825 1268 1051 1352; x_wconf 89' lang='lat' dir='ltr'>Assyriorum,</span> <span class='ocrx_word' id='word_1_78' title='bbox 1061 1283 1095 1338; x_wconf 90' lang='lat' dir='ltr'>et</span> <span class='ocrx_word' id='word_1_79' title='bbox 1109 1275 1197 1339; x_wconf 86' lang='lat' dir='ltr'>dixit</span> <span class='ocrx_word' id='word_1_80' title='bbox 1216 1276 1413 1340; x_wconf 89' lang='lat' dir='ltr'>Helisaeus:</span> <span class='ocrx_word' id='word_1_81' title='bbox 1429 1283 1436 1306; x_wconf 80' lang='lat'><strong>¹</strong></span> <span class='ocrx_word' id='word_1_82' title='bbox 1454 1273 1533 1338; x_wconf 93' lang='lat' dir='ltr'>Noli</span> <span class='ocrx_word' id='word_1_83' title='bbox 1549 1273 1676 1349; x_wconf 89' lang='lat' dir='ltr'>timere,</span> 
     </span>
     <span class='ocr_line' id='line_1_9' title="bbox 321 1370 1677 1461; baseline 0.004 -24"><span class='ocrx_word' id='word_1_84' title='bbox 321 1373 479 1458; x_wconf 90' lang='lat' dir='ltr'>quoniam</span> <span class='ocrx_word' id='word_1_85' title='bbox 507 1370 618 1454; x_wconf 91' lang='lat' dir='ltr'>plures</span> <span class='ocrx_word' id='word_1_86' title='bbox 642 1372 816 1436; x_wconf 90' lang='lat' dir='ltr'>nobiscum</span> <span class='ocrx_word' id='word_1_87' title='bbox 843 1384 930 1453; x_wconf 91' lang='lat' dir='ltr'>sunt,</span> <span class='ocrx_word' id='word_1_88' title='bbox 953 1389 1053 1458; x_wconf 78' lang='lat' dir='ltr'>quarn</span> <span class='ocrx_word' id='word_1_89' title='bbox 1081 1399 1157 1444; x_wconf 90' lang='lat' dir='ltr'>curn</span> <span class='ocrx_word' id='word_1_90' title='bbox 1175 1379 1239 1444; x_wconf 89' lang='lat' dir='ltr'>illis</span> <span class='ocrx_word' id='word_1_91' title='bbox 1254 1380 1270 1445; x_wconf 87' lang='lat'>&#39;.</span> <span class='ocrx_word' id='word_1_92' title='bbox 1299 1381 1345 1446; x_wconf 88' lang='lat' dir='ltr'>Et</span> <span class='ocrx_word' id='word_1_93' title='bbox 1361 1380 1405 1444; x_wconf 94' lang='lat' dir='ltr'>ibi</span> <span class='ocrx_word' id='word_1_94' title='bbox 1431 1380 1677 1461; x_wconf 88' lang='lat' dir='ltr'>scriptumest:</span> 
     </span>
     <span class='ocr_line' id='line_1_10' title="bbox 322 1477 1678 1567; baseline 0.004 -26"><span class='ocrx_word' id='word_1_95' title='bbox 322 1477 503 1554; x_wconf 68' lang='lat' dir='ltr'>‘Domine</span> <span class='ocrx_word' id='word_1_96' title='bbox 527 1477 663 1559; x_wconf 82' lang='lat' dir='ltr'>adaperi</span> <span class='ocrx_word' id='word_1_97' title='bbox 690 1477 804 1542; x_wconf 91' lang='lat' dir='ltr'>oculos</span> <span class='ocrx_word' id='word_1_98' title='bbox 821 1480 913 1561; x_wconf 90' lang='lat' dir='ltr'>pueri</span> <span class='ocrx_word' id='word_1_99' title='bbox 938 1483 994 1559; x_wconf 88' lang='lat' dir='ltr'>tui,</span> <span class='ocrx_word' id='word_1_100' title='bbox 1021 1494 1054 1546; x_wconf 92' lang='lat' dir='ltr'>et</span> <span class='ocrx_word' id='word_1_101' title='bbox 1082 1485 1193 1548; x_wconf 86' lang='lat' dir='ltr'>videat</span> <span class='ocrx_word' id='word_1_102' title='bbox 1210 1485 1225 1550; x_wconf 86' lang='lat'>&#39;.</span> <span class='ocrx_word' id='word_1_103' title='bbox 1255 1487 1298 1549; x_wconf 82' lang='lat' dir='ltr'>Et</span> <span class='ocrx_word' id='word_1_104' title='bbox 1324 1485 1449 1567; x_wconf 87' lang='lat' dir='ltr'>apertis</span> <span class='ocrx_word' id='word_1_105' title='bbox 1476 1482 1678 1565; x_wconf 84' lang='lat' dir='ltr'>oculis-puer</span> 
     </span>
    </p>

    <p class='ocr_par' dir='ltr' id='par_1_4' title="bbox 276 1586 1680 2087">
     <span class='ocr_line' id='line_1_11' title="bbox 276 1586 1678 1671; baseline 0 -21"><span class='ocrx_word' id='word_1_106' title='bbox 276 1613 306 1650; x_wconf 85' lang='lat' dir='ltr'>ro</span> <span class='ocrx_word' id='word_1_107' title='bbox 324 1586 405 1654; x_wconf 90' lang='lat' dir='ltr'>vidit</span> <span class='ocrx_word' id='word_1_108' title='bbox 423 1604 538 1650; x_wconf 91' lang='lat' dir='ltr'>currus</span> <span class='ocrx_word' id='word_1_109' title='bbox 553 1594 587 1648; x_wconf 89' lang='lat' dir='ltr'>et</span> <span class='ocrx_word' id='word_1_110' title='bbox 602 1605 715 1668; x_wconf 90' lang='lat' dir='ltr'>equos.</span> <span class='ocrx_word' id='word_1_111' title='bbox 738 1587 795 1650; x_wconf 93' lang='lat' dir='ltr'>Hii</span> <span class='ocrx_word' id='word_1_112' title='bbox 813 1600 907 1653; x_wconf 88' lang='lat' dir='ltr'>erant</span> <span class='ocrx_word' id='word_1_113' title='bbox 923 1589 1148 1666; x_wconf 80' lang='lat' dir='ltr'>auxiliatores.</span> <span class='ocrx_word' id='word_1_114' title='bbox 1165 1591 1287 1655; x_wconf 89' lang='lat' dir='ltr'>Videte</span> <span class='ocrx_word' id='word_1_115' title='bbox 1302 1609 1382 1671; x_wconf 89' lang='lat' dir='ltr'>ergo</span> <span class='ocrx_word' id='word_1_116' title='bbox 1397 1589 1477 1670; x_wconf 90' lang='lat' dir='ltr'>quid</span> <span class='ocrx_word' id='word_1_117' title='bbox 1494 1587 1594 1664; x_wconf 88' lang='lat' dir='ltr'>dicat,</span> <span class='ocrx_word' id='word_1_118' title='bbox 1608 1607 1678 1650; x_wconf 86' lang='lat' dir='ltr'>cur-</span> 
     </span>
     <span class='ocr_line' id='line_1_12' title="bbox 325 1691 1678 1777; baseline -0.001 -22"><span class='ocrx_word' id='word_1_119' title='bbox 325 1713 378 1755; x_wconf 91' lang='lat' dir='ltr'>rus</span> <span class='ocrx_word' id='word_1_120' title='bbox 394 1704 426 1754; x_wconf 90' lang='lat' dir='ltr'>et</span> <span class='ocrx_word' id='word_1_121' title='bbox 455 1710 565 1773; x_wconf 87' lang='lat' dir='ltr'>equos.</span> <span class='ocrx_word' id='word_1_122' title='bbox 584 1691 695 1754; x_wconf 91' lang='lat' dir='ltr'>Nemo</span> <span class='ocrx_word' id='word_1_123' title='bbox 714 1692 886 1755; x_wconf 89' lang='lat' dir='ltr'>hominum</span> <span class='ocrx_word' id='word_1_124' title='bbox 915 1705 984 1755; x_wconf 87' lang='lat' dir='ltr'>erat</span> <span class='ocrx_word' id='word_1_125' title='bbox 1001 1715 1100 1776; x_wconf 88' lang='lat' dir='ltr'>super</span> <span class='ocrx_word' id='word_1_126' title='bbox 1127 1696 1227 1777; x_wconf 86' lang='lat' dir='ltr'>ipsos,</span> <span class='ocrx_word' id='word_1_127' title='bbox 1242 1693 1299 1757; x_wconf 91' lang='lat' dir='ltr'>sed</span> <span class='ocrx_word' id='word_1_128' title='bbox 1328 1703 1423 1756; x_wconf 89' lang='lat' dir='ltr'>erant</span> <span class='ocrx_word' id='word_1_129' title='bbox 1438 1691 1499 1755; x_wconf 92' lang='lat' dir='ltr'>soli</span> <span class='ocrx_word' id='word_1_130' title='bbox 1516 1712 1629 1755; x_wconf 89' lang='lat' dir='ltr'>currus</span> <span class='ocrx_word' id='word_1_131' title='bbox 1645 1703 1678 1754; x_wconf 90' lang='lat' dir='ltr'>et</span> 
     </span>
     <span class='ocr_line' id='line_1_13' title="bbox 325 1795 1680 1880; baseline -0.001 -20"><span class='ocrx_word' id='word_1_132' title='bbox 325 1797 408 1880; x_wconf 89' lang='lat' dir='ltr'>equi.</span> <span class='ocrx_word' id='word_1_133' title='bbox 428 1795 504 1860; x_wconf 89' lang='lat' dir='ltr'>Hoc</span> <span class='ocrx_word' id='word_1_134' title='bbox 520 1805 571 1858; x_wconf 87' lang='lat' dir='ltr'>est</span> <span class='ocrx_word' id='word_1_135' title='bbox 587 1797 675 1877; x_wconf 90' lang='lat' dir='ltr'>quod</span> <span class='ocrx_word' id='word_1_136' title='bbox 694 1795 763 1859; x_wconf 90' lang='lat' dir='ltr'>vult</span> <span class='ocrx_word' id='word_1_137' title='bbox 779 1797 909 1860; x_wconf 90' lang='lat' dir='ltr'>dicere:</span> <span class='ocrx_word' id='word_1_138' title='bbox 938 1798 1185 1862; x_wconf 82' lang='lat' dir='ltr'>multitudinem</span> <span class='ocrx_word' id='word_1_139' title='bbox 1204 1797 1407 1880; x_wconf 88' lang='lat' dir='ltr'>angelorum.</span> <span class='ocrx_word' id='word_1_140' title='bbox 1427 1797 1494 1878; x_wconf 92' lang='lat' dir='ltr'>lpsi</span> <span class='ocrx_word' id='word_1_141' title='bbox 1518 1808 1551 1860; x_wconf 89' lang='lat' dir='ltr'>et</span> <span class='ocrx_word' id='word_1_142' title='bbox 1567 1815 1680 1859; x_wconf 87' lang='lat' dir='ltr'>currus</span> 
     </span>
     <span class='ocr_line' id='line_1_14' title="bbox 326 1899 1679 1984; baseline -0.001 -20"><span class='ocrx_word' id='word_1_143' title='bbox 326 1908 434 1976; x_wconf 81' lang='lat' dir='ltr'>erant,</span> <span class='ocrx_word' id='word_1_144' title='bbox 446 1899 508 1982; x_wconf 88' lang='lat' dir='ltr'>ipsi</span> <span class='ocrx_word' id='word_1_145' title='bbox 535 1909 568 1962; x_wconf 90' lang='lat' dir='ltr'>et</span> <span class='ocrx_word' id='word_1_146' title='bbox 593 1899 691 1980; x_wconf 93' lang='lat' dir='ltr'>equi:</span> <span class='ocrx_word' id='word_1_147' title='bbox 719 1921 873 1964; x_wconf 86' lang='lat' dir='ltr'>ascensor</span> <span class='ocrx_word' id='word_1_148' title='bbox 898 1911 1009 1966; x_wconf 91' lang='lat' dir='ltr'>autem</span> <span class='ocrx_word' id='word_1_149' title='bbox 1036 1913 1106 1966; x_wconf 89' lang='lat' dir='ltr'>erat</span> <span class='ocrx_word' id='word_1_150' title='bbox 1132 1902 1307 1967; x_wconf 89' lang='lat' dir='ltr'>Dominus.</span> <span class='ocrx_word' id='word_1_151' title='bbox 1335 1905 1514 1984; x_wconf 88' lang='lat' dir='ltr'>Propterea</span> <span class='ocrx_word' id='word_1_152' title='bbox 1538 1901 1620 1964; x_wconf 89' lang='lat' dir='ltr'>dicit</span> <span class='ocrx_word' id='word_1_153' title='bbox 1647 1901 1679 1962; x_wconf 95' lang='lat' dir='ltr'>in</span> 
     </span>
     <span class='ocr_line' id='line_1_15' title="bbox 326 2003 1679 2087; baseline 0.001 -19"><span class='ocrx_word' id='word_1_154' title='bbox 326 2005 457 2070; x_wconf 84' lang='lat' dir='ltr'>cantico</span> <span class='ocrx_word' id='word_1_155' title='bbox 473 2003 655 2066; x_wconf 85' lang='lat' dir='ltr'>Abbacuc:</span> <span class='ocrx_word' id='word_1_156' title='bbox 674 2004 738 2068; x_wconf 87' lang='lat' dir='ltr'>‘Et</span> <span class='ocrx_word' id='word_1_157' title='bbox 755 2005 917 2087; x_wconf 87' lang='lat' dir='ltr'>equitatio</span> <span class='ocrx_word' id='word_1_158' title='bbox 933 2017 990 2069; x_wconf 90' lang='lat' dir='ltr'>tua</span> <span class='ocrx_word' id='word_1_159' title='bbox 1006 2005 1095 2070; x_wconf 85' lang='lat' dir='ltr'>salus</span> <span class='ocrx_word' id='word_1_160' title='bbox 1106 2006 1121 2070; x_wconf 83' lang='lat'>’.</span> <span class='ocrx_word' id='word_1_161' title='bbox 1137 2007 1212 2070; x_wconf 89' lang='lat' dir='ltr'>Hoc</span> <span class='ocrx_word' id='word_1_162' title='bbox 1228 2008 1270 2070; x_wconf 84' lang='lat' dir='ltr'>ad</span> <span class='ocrx_word' id='word_1_163' title='bbox 1285 2005 1395 2072; x_wconf 90' lang='lat' dir='ltr'>Deurn</span> <span class='ocrx_word' id='word_1_164' title='bbox 1412 2005 1542 2070; x_wconf 89' lang='lat' dir='ltr'>dicitur.</span> <span class='ocrx_word' id='word_1_165' title='bbox 1555 2005 1587 2070; x_wconf 93' lang='grc' dir='ltr'>Ο</span> <span class='ocrx_word' id='word_1_166' title='bbox 1603 2006 1629 2066; x_wconf 93' lang='lat' dir='ltr'>si</span> <span class='ocrx_word' id='word_1_167' title='bbox 1646 2016 1679 2069; x_wconf 89' lang='lat' dir='ltr'>et</span> 
     </span>
    </p>

    <p class='ocr_par' dir='ltr' id='par_1_5' title="bbox 278 2107 1681 2296">
     <span class='ocr_line' id='line_1_16' title="bbox 278 2107 1681 2200; baseline -0.001 -26"><span class='ocrx_word' id='word_1_168' title='bbox 278 2137 306 2190; x_wconf 86' lang='lat'>¹5</span> <span class='ocrx_word' id='word_1_169' title='bbox 328 2129 387 2173; x_wconf 92' lang='lat' dir='ltr'>nos</span> <span class='ocrx_word' id='word_1_170' title='bbox 406 2126 555 2172; x_wconf 88' lang='lat' dir='ltr'>essemus</span> <span class='ocrx_word' id='word_1_171' title='bbox 570 2107 646 2188; x_wconf 90' lang='lat' dir='ltr'>equi</span> <span class='ocrx_word' id='word_1_172' title='bbox 664 2107 739 2186; x_wconf 85' lang='lat' dir='ltr'>Dei,</span> <span class='ocrx_word' id='word_1_173' title='bbox 754 2119 787 2172; x_wconf 92' lang='lat' dir='ltr'>et</span> <span class='ocrx_word' id='word_1_174' title='bbox 803 2130 902 2192; x_wconf 90' lang='lat' dir='ltr'>super</span> <span class='ocrx_word' id='word_1_175' title='bbox 918 2131 979 2174; x_wconf 91' lang='lat' dir='ltr'>nos</span> <span class='ocrx_word' id='word_1_176' title='bbox 1002 2111 1203 2193; x_wconf 83' lang='lat' dir='ltr'>dignabatur</span> <span class='ocrx_word' id='word_1_177' title='bbox 1221 2111 1313 2174; x_wconf 90' lang='lat' dir='ltr'>Deus</span> <span class='ocrx_word' id='word_1_178' title='bbox 1329 2111 1514 2200; x_wconf 80' lang='lat' dir='ltr'>ascendere.</span> <span class='ocrx_word' id='word_1_179' title='bbox 1533 2109 1584 2173; x_wconf 92' lang='lat' dir='ltr'>Illi</span> <span class='ocrx_word' id='word_1_180' title='bbox 1602 2130 1681 2192; x_wconf 89' lang='lat' dir='ltr'>ergo</span> 
     </span>
     <span class='ocr_line' id='line_1_17' title="bbox 326 2210 1347 2296; baseline -0.001 -19"><span class='ocrx_word' id='word_1_181' title='bbox 326 2211 482 2277; x_wconf 90' lang='lat' dir='ltr'>contrarii</span> <span class='ocrx_word' id='word_1_182' title='bbox 498 2210 574 2292; x_wconf 89' lang='lat' dir='ltr'>equi</span> <span class='ocrx_word' id='word_1_183' title='bbox 589 2211 863 2290; x_wconf 86' lang='lat' dir='ltr'>dormitaverunt,</span> <span class='ocrx_word' id='word_1_184' title='bbox 878 2224 911 2296; x_wconf 78' lang='lat' dir='ltr'>et</span> <span class='ocrx_word' id='word_1_185' title='bbox 921 2233 1112 2280; x_wconf 85' lang='lat' dir='ltr'>ascensores</span> <span class='ocrx_word' id='word_1_186' title='bbox 1127 2235 1250 2278; x_wconf 90' lang='lat' dir='ltr'>eorum.</span> <span class='ocrx_word' id='word_1_187' title='bbox 1343 2267 1347 2276; x_wconf 91' lang='lat'>.</span> 
     </span>
    </p>

    <p class='ocr_par' dir='ltr' id='par_1_6' title="bbox 328 2315 1684 2613">
     <span class='ocr_line' id='line_1_18' title="bbox 370 2315 1684 2402; baseline 0.002 -22"><span class='ocrx_word' id='word_1_188' title='bbox 370 2315 426 2380; x_wconf 81' lang='lat' dir='ltr'>Ex</span> <span class='ocrx_word' id='word_1_189' title='bbox 439 2326 517 2380; x_wconf 88' lang='lat' dir='ltr'>tunc</span> <span class='ocrx_word' id='word_1_190' title='bbox 531 2315 584 2378; x_wconf 83' lang='lat' dir='ltr'>ira</span> <span class='ocrx_word' id='word_1_191' title='bbox 599 2325 665 2379; x_wconf 89' lang='lat' dir='ltr'>tua.</span> <span class='ocrx_word' id='word_1_192' title='bbox 684 2315 740 2379; x_wconf 86' lang='lat' dir='ltr'>Ex</span> <span class='ocrx_word' id='word_1_193' title='bbox 760 2336 827 2399; x_wconf 93' lang='lat' dir='ltr'>quo</span> <span class='ocrx_word' id='word_1_194' title='bbox 842 2326 993 2401; x_wconf 87' lang='lat' dir='ltr'>ternpore</span> <span class='ocrx_word' id='word_1_195' title='bbox 1009 2320 1056 2382; x_wconf 92' lang='lat' dir='ltr'>ira</span> <span class='ocrx_word' id='word_1_196' title='bbox 1074 2319 1163 2382; x_wconf 86' lang='lat' dir='ltr'>Dei?</span> <span class='ocrx_word' id='word_1_197' title='bbox 1191 2318 1338 2402; x_wconf 89' lang='lat' dir='ltr'>Quando</span> <span class='ocrx_word' id='word_1_198' title='bbox 1358 2319 1501 2402; x_wconf 93' lang='lat' dir='ltr'>populus</span> <span class='ocrx_word' id='word_1_199' title='bbox 1516 2318 1684 2382; x_wconf 86' lang='lat' dir='ltr'>clamabat</span> 
     </span>
     <span class='ocr_line' id='line_1_19' title="bbox 328 2419 1682 2508; baseline 0.001 -22"><span class='ocrx_word' id='word_1_200' title='bbox 328 2421 371 2486; x_wconf 86' lang='lat' dir='ltr'>ad</span> <span class='ocrx_word' id='word_1_201' title='bbox 387 2419 503 2484; x_wconf 88' lang='lat' dir='ltr'>Aaron</span> <span class='ocrx_word' id='word_1_202' title='bbox 520 2421 553 2483; x_wconf 92' lang='lat' dir='ltr'>in</span> <span class='ocrx_word' id='word_1_203' title='bbox 570 2420 707 2484; x_wconf 89' lang='lat' dir='ltr'>heremo</span> <span class='ocrx_word' id='word_1_204' title='bbox 722 2421 837 2486; x_wconf 90' lang='lat' dir='ltr'>dicens</span> <span class='ocrx_word' id='word_1_205' title='bbox 851 2446 858 2488; x_wconf 91' lang='lat'><strong>:</strong></span> <span class='ocrx_word' id='word_1_206' title='bbox 874 2427 880 2455; x_wconf 81' lang='lat'><strong>¹</strong></span> <span class='ocrx_word' id='word_1_207' title='bbox 902 2423 969 2488; x_wconf 86' lang='lat' dir='ltr'>Fac</span> <span class='ocrx_word' id='word_1_208' title='bbox 986 2423 1081 2488; x_wconf 89' lang='lat' dir='ltr'>nobis</span> <span class='ocrx_word' id='word_1_209' title='bbox 1097 2423 1187 2502; x_wconf 89' lang='lat' dir='ltr'>deos,</span> <span class='ocrx_word' id='word_1_210' title='bbox 1204 2445 1287 2507; x_wconf 90' lang='lat' dir='ltr'>quos</span> <span class='ocrx_word' id='word_1_211' title='bbox 1303 2444 1502 2508; x_wconf 89' lang='lat' dir='ltr'>sequamur:</span> <span class='ocrx_word' id='word_1_212' title='bbox 1526 2424 1579 2488; x_wconf 89' lang='lat' dir='ltr'>hic</span> <span class='ocrx_word' id='word_1_213' title='bbox 1595 2424 1682 2488; x_wconf 90' lang='lat' dir='ltr'>enirn</span> 
     </span>
     <span class='ocr_line' id='line_1_20' title="bbox 330 2525 1683 2613; baseline 0.001 -23"><span class='ocrx_word' id='word_1_214' title='bbox 330 2527 477 2610; x_wconf 90' lang='lat' dir='ltr'>Moyses,</span> <span class='ocrx_word' id='word_1_215' title='bbox 492 2526 548 2609; x_wconf 92' lang='lat' dir='ltr'>qui</span> <span class='ocrx_word' id='word_1_216' title='bbox 573 2525 694 2591; x_wconf 88' lang='lat' dir='ltr'>eduxit</span> <span class='ocrx_word' id='word_1_217' title='bbox 709 2547 770 2591; x_wconf 91' lang='lat' dir='ltr'>nos</span> <span class='ocrx_word' id='word_1_218' title='bbox 790 2529 833 2592; x_wconf 89' lang='lat' dir='ltr'>de</span> <span class='ocrx_word' id='word_1_219' title='bbox 860 2537 946 2592; x_wconf 86' lang='lat' dir='ltr'>terra</span> <span class='ocrx_word' id='word_1_220' title='bbox 971 2528 1131 2612; x_wconf 83' lang='lat' dir='ltr'>Aegypti,</span> <span class='ocrx_word' id='word_1_221' title='bbox 1147 2529 1315 2593; x_wconf 88' lang='lat' dir='ltr'>nescimus</span> <span class='ocrx_word' id='word_1_222' title='bbox 1340 2530 1422 2613; x_wconf 94' lang='lat' dir='ltr'>quid</span> <span class='ocrx_word' id='word_1_223' title='bbox 1439 2530 1467 2594; x_wconf 91' lang='lat' dir='ltr'>ei</span> <span class='ocrx_word' id='word_1_224' title='bbox 1494 2528 1652 2593; x_wconf 89' lang='lat' dir='ltr'>acciderit</span> <span class='ocrx_word' id='word_1_225' title='bbox 1668 2527 1683 2591; x_wconf 85' lang='lat'>&#39;.</span> 
     </span>
    </p>

    <p class='ocr_par' dir='ltr' id='par_1_7' title="bbox 276 2630 1684 3030">
     <span class='ocr_line' id='line_1_21' title="bbox 276 2630 1683 2716; baseline -0.004 -16"><span class='ocrx_word' id='word_1_226' title='bbox 276 2663 312 2700; x_wconf 63' lang='grc' dir='ltr'>ιο</span> <span class='ocrx_word' id='word_1_227' title='bbox 331 2631 489 2696; x_wconf 89' lang='lat' dir='ltr'>Eduxisti</span> <span class='ocrx_word' id='word_1_228' title='bbox 505 2651 562 2694; x_wconf 89' lang='lat' dir='ltr'>eos</span> <span class='ocrx_word' id='word_1_229' title='bbox 578 2632 620 2694; x_wconf 90' lang='lat' dir='ltr'>de</span> <span class='ocrx_word' id='word_1_230' title='bbox 636 2642 723 2694; x_wconf 89' lang='lat' dir='ltr'>terra</span> <span class='ocrx_word' id='word_1_231' title='bbox 738 2630 900 2716; x_wconf 83' lang='lat' dir='ltr'>Aegypti,</span> <span class='ocrx_word' id='word_1_232' title='bbox 916 2640 949 2696; x_wconf 90' lang='lat' dir='ltr'>et</span> <span class='ocrx_word' id='word_1_233' title='bbox 965 2634 1125 2696; x_wconf 88' lang='lat' dir='ltr'>continuo</span> <span class='ocrx_word' id='word_1_234' title='bbox 1140 2642 1173 2696; x_wconf 90' lang='lat' dir='ltr'>te</span> <span class='ocrx_word' id='word_1_235' title='bbox 1196 2644 1408 2716; x_wconf 79' lang='lat' dir='ltr'>negaverunt,</span> <span class='ocrx_word' id='word_1_236' title='bbox 1425 2634 1476 2697; x_wconf 80' lang='lat' dir='ltr'>De</span> <span class='ocrx_word' id='word_1_237' title='bbox 1490 2633 1574 2698; x_wconf 82' lang='lat' dir='ltr'>carlo</span> <span class='ocrx_word' id='word_1_238' title='bbox 1588 2632 1683 2698; x_wconf 79' lang='lat' dir='ltr'>audi-</span> 
     </span>
     <span class='ocr_line' id='line_1_22' title="bbox 330 2733 1684 2820; baseline 0.001 -22"><span class='ocrx_word' id='word_1_239' title='bbox 330 2745 400 2799; x_wconf 88' lang='lat' dir='ltr'>tum</span> <span class='ocrx_word' id='word_1_240' title='bbox 418 2733 536 2814; x_wconf 66' lang='lat' dir='ltr'>socrati</span> <span class='ocrx_word' id='word_1_241' title='bbox 548 2733 716 2799; x_wconf 82' lang='lat' dir='ltr'>iudicium.</span> <span class='ocrx_word' id='word_1_242' title='bbox 733 2735 880 2800; x_wconf 88' lang='lat' dir='ltr'>Locutus</span> <span class='ocrx_word' id='word_1_243' title='bbox 896 2756 935 2802; x_wconf 86' lang='lat' dir='ltr'>es</span> <span class='ocrx_word' id='word_1_244' title='bbox 947 2738 989 2800; x_wconf 90' lang='lat' dir='ltr'>de</span> <span class='ocrx_word' id='word_1_245' title='bbox 1012 2736 1113 2812; x_wconf 90' lang='lat' dir='ltr'>caelo,</span> <span class='ocrx_word' id='word_1_246' title='bbox 1128 2738 1256 2800; x_wconf 90' lang='lat' dir='ltr'>audivit</span> <span class='ocrx_word' id='word_1_247' title='bbox 1273 2740 1382 2802; x_wconf 91' lang='lat' dir='ltr'>omnis</span> <span class='ocrx_word' id='word_1_248' title='bbox 1399 2738 1542 2820; x_wconf 89' lang='lat' dir='ltr'>populus</span> <span class='ocrx_word' id='word_1_249' title='bbox 1558 2749 1590 2801; x_wconf 89' lang='lat' dir='ltr'>et</span> <span class='ocrx_word' id='word_1_250' title='bbox 1607 2757 1684 2801; x_wconf 90' lang='lat' dir='ltr'>con-</span> 
     </span>
     <span class='ocr_line' id='line_1_23' title="bbox 331 2841 1684 2925; baseline -0.005 -18"><span class='ocrx_word' id='word_1_251' title='bbox 331 2843 466 2908; x_wconf 89' lang='lat' dir='ltr'>tremuit</span> <span class='ocrx_word' id='word_1_252' title='bbox 482 2866 488 2906; x_wconf 94' lang='lat'><strong>:</strong></span> <span class='ocrx_word' id='word_1_253' title='bbox 504 2853 537 2906; x_wconf 90' lang='lat' dir='ltr'>et</span> <span class='ocrx_word' id='word_1_254' title='bbox 553 2852 667 2908; x_wconf 85' lang='lat' dir='ltr'>tamen</span> <span class='ocrx_word' id='word_1_255' title='bbox 684 2843 716 2906; x_wconf 91' lang='lat' dir='ltr'>in</span> <span class='ocrx_word' id='word_1_256' title='bbox 734 2854 767 2909; x_wconf 93' lang='lat' dir='ltr'>te</span> <span class='ocrx_word' id='word_1_257' title='bbox 784 2864 850 2908; x_wconf 94' lang='lat' dir='ltr'>non</span> <span class='ocrx_word' id='word_1_258' title='bbox 874 2845 1094 2908; x_wconf 88' lang='lat' dir='ltr'>crediderunt.</span> <span class='ocrx_word' id='word_1_259' title='bbox 1117 2843 1148 2906; x_wconf 88' lang='lat' dir='ltr'><em>T</em></span> <span class='ocrx_word' id='word_1_260' title='bbox 1144 2865 1219 2909; x_wconf 80' lang='lat' dir='ltr'>erra</span> <span class='ocrx_word' id='word_1_261' title='bbox 1236 2844 1349 2908; x_wconf 86' lang='lat' dir='ltr'>timuit</span> <span class='ocrx_word' id='word_1_262' title='bbox 1365 2852 1397 2906; x_wconf 83' lang='lat' dir='ltr'>et</span> <span class='ocrx_word' id='word_1_263' title='bbox 1410 2842 1541 2925; x_wconf 79' lang='lat' dir='ltr'>quievit.</span> <span class='ocrx_word' id='word_1_264' title='bbox 1560 2841 1684 2904; x_wconf 74' lang='lat' dir='ltr'>israhel</span> 
     </span>
     <span class='ocr_line' id='line_1_24' title="bbox 330 2947 875 3030; baseline 0.004 -20"><span class='ocrx_word' id='word_1_265' title='bbox 330 2958 442 3016; x_wconf 86' lang='lat' dir='ltr'>autem</span> <span class='ocrx_word' id='word_1_266' title='bbox 459 2967 520 3010; x_wconf 88' lang='lat' dir='ltr'>nec</span> <span class='ocrx_word' id='word_1_267' title='bbox 536 2947 648 3012; x_wconf 87' lang='lat' dir='ltr'>timuit</span> <span class='ocrx_word' id='word_1_268' title='bbox 664 2965 724 3010; x_wconf 90' lang='lat' dir='ltr'>nec</span> <span class='ocrx_word' id='word_1_269' title='bbox 740 2948 875 3030; x_wconf 90' lang='lat' dir='ltr'>quievit.</span> 
     </span>
    </p>

    <p class='ocr_par' dir='ltr' id='par_1_8' title="bbox 376 3048 1686 3135">
     <span class='ocr_line' id='line_1_25' title="bbox 376 3048 1686 3135; baseline -0.003 -21"><span class='ocrx_word' id='word_1_270' title='bbox 376 3051 540 3128; x_wconf 81' lang='lat' dir='ltr'>Quoniam</span> <span class='ocrx_word' id='word_1_271' title='bbox 554 3052 706 3134; x_wconf 82' lang='lat' dir='ltr'>cogitatio</span> <span class='ocrx_word' id='word_1_272' title='bbox 721 3052 1075 3135; x_wconf 77' lang='lat' dir='ltr'>laominr&#39;sconfitebitur</span> <span class='ocrx_word' id='word_1_273' title='bbox 1090 3050 1157 3115; x_wconf 86' lang='lat' dir='ltr'>tibi.</span> <span class='ocrx_word' id='word_1_274' title='bbox 1177 3052 1252 3115; x_wconf 92' lang='lat' dir='ltr'>Hoc</span> <span class='ocrx_word' id='word_1_275' title='bbox 1263 3061 1313 3115; x_wconf 90' lang='lat' dir='ltr'>est</span> <span class='ocrx_word' id='word_1_276' title='bbox 1329 3051 1419 3133; x_wconf 91' lang='lat' dir='ltr'>quod</span> <span class='ocrx_word' id='word_1_277' title='bbox 1435 3049 1555 3114; x_wconf 88' lang='lat' dir='ltr'>dicitur</span> <span class='ocrx_word' id='word_1_278' title='bbox 1572 3049 1603 3110; x_wconf 92' lang='lat' dir='ltr'>in</span> <span class='ocrx_word' id='word_1_279' title='bbox 1621 3048 1686 3111; x_wconf 91' lang='lat' dir='ltr'>alio</span> 
     </span>
    </p>

    <p class='ocr_par' dir='ltr' id='par_1_9' title="bbox 280 3155 1689 3760">
     <span class='ocr_line' id='line_1_26' title="bbox 280 3155 1686 3238; baseline -0.004 -13"><span class='ocrx_word' id='word_1_280' title='bbox 280 3185 312 3238; x_wconf 84' lang='lat'>²5</span> <span class='ocrx_word' id='word_1_281' title='bbox 332 3157 425 3220; x_wconf 89' lang='lat' dir='ltr'>loco:</span> <span class='ocrx_word' id='word_1_282' title='bbox 453 3155 538 3220; x_wconf 83' lang='lat' dir='ltr'>‘Ab</span> <span class='ocrx_word' id='word_1_283' title='bbox 564 3155 703 3220; x_wconf 86' lang='lat' dir='ltr'>occultis</span> <span class='ocrx_word' id='word_1_284' title='bbox 730 3157 811 3220; x_wconf 87' lang='lat' dir='ltr'>meis</span> <span class='ocrx_word' id='word_1_285' title='bbox 840 3158 965 3219; x_wconf 89' lang='lat' dir='ltr'>munda</span> <span class='ocrx_word' id='word_1_286' title='bbox 993 3177 1055 3230; x_wconf 90' lang='lat' dir='ltr'>me,</span> <span class='ocrx_word' id='word_1_287' title='bbox 1081 3163 1115 3218; x_wconf 89' lang='lat' dir='ltr'>et</span> <span class='ocrx_word' id='word_1_288' title='bbox 1139 3155 1182 3218; x_wconf 88' lang='lat' dir='ltr'>ab</span> <span class='ocrx_word' id='word_1_289' title='bbox 1209 3155 1325 3219; x_wconf 90' lang='lat' dir='ltr'>alienis</span> <span class='ocrx_word' id='word_1_290' title='bbox 1352 3174 1450 3237; x_wconf 91' lang='lat' dir='ltr'>parce</span> <span class='ocrx_word' id='word_1_291' title='bbox 1476 3175 1571 3218; x_wconf 91' lang='lat' dir='ltr'>servo</span> <span class='ocrx_word' id='word_1_292' title='bbox 1586 3164 1646 3218; x_wconf 92' lang='lat' dir='ltr'>tuo</span> <span class='ocrx_word' id='word_1_293' title='bbox 1668 3155 1686 3220; x_wconf 82' lang='lat'>³.</span> 
     </span>
     <span class='ocr_line' id='line_1_27' title="bbox 331 3258 1685 3343; baseline -0.003 -17"><span class='ocrx_word' id='word_1_294' title='bbox 331 3261 462 3327; x_wconf 89' lang='lat' dir='ltr'>Alienis</span> <span class='ocrx_word' id='word_1_295' title='bbox 489 3271 567 3338; x_wconf 87' lang='lat' dir='ltr'>ate,</span> <span class='ocrx_word' id='word_1_296' title='bbox 590 3281 675 3343; x_wconf 90' lang='lat' dir='ltr'>quas</span> <span class='ocrx_word' id='word_1_297' title='bbox 700 3261 866 3324; x_wconf 86' lang='lat' dir='ltr'>submittit</span> <span class='ocrx_word' id='word_1_298' title='bbox 891 3259 1052 3324; x_wconf 87' lang='lat' dir='ltr'>diabolus.</span> <span class='ocrx_word' id='word_1_299' title='bbox 1083 3259 1127 3323; x_wconf 89' lang='lat' dir='ltr'>Et</span> <span class='ocrx_word' id='word_1_300' title='bbox 1154 3258 1234 3341; x_wconf 91' lang='lat' dir='ltr'>quid</span> <span class='ocrx_word' id='word_1_301' title='bbox 1251 3259 1424 3342; x_wconf 86' lang='lat' dir='ltr'>sequitur?</span> <span class='ocrx_word' id='word_1_302' title='bbox 1451 3258 1512 3323; x_wconf 86' lang='lat' dir='ltr'>‘Si</span> <span class='ocrx_word' id='word_1_303' title='bbox 1530 3259 1594 3323; x_wconf 91' lang='lat' dir='ltr'>rnei</span> <span class='ocrx_word' id='word_1_304' title='bbox 1619 3278 1685 3322; x_wconf 91' lang='lat' dir='ltr'>non</span> 
     </span>
     <span class='ocr_line' id='line_1_28' title="bbox 332 3363 1687 3446; baseline -0.007 -11"><span class='ocrx_word' id='word_1_305' title='bbox 332 3369 453 3434; x_wconf 89' lang='lat' dir='ltr'>luerint</span> <span class='ocrx_word' id='word_1_306' title='bbox 468 3365 642 3442; x_wconf 87' lang='lat' dir='ltr'>dominati,</span> <span class='ocrx_word' id='word_1_307' title='bbox 659 3374 739 3428; x_wconf 91' lang='lat' dir='ltr'>tunc</span> <span class='ocrx_word' id='word_1_308' title='bbox 755 3363 976 3428; x_wconf 86' lang='lat' dir='ltr'>inmaculatus</span> <span class='ocrx_word' id='word_1_309' title='bbox 992 3383 1049 3427; x_wconf 93' lang='lat' dir='ltr'>ero</span> <span class='ocrx_word' id='word_1_310' title='bbox 1065 3363 1082 3427; x_wconf 88' lang='lat'>&#39;.</span> <span class='ocrx_word' id='word_1_311' title='bbox 1110 3363 1145 3430; x_wconf 89' lang='lat' dir='ltr'>Si</span> <span class='ocrx_word' id='word_1_312' title='bbox 1164 3383 1300 3442; x_wconf 79' lang='lat' dir='ltr'>menon</span> <span class='ocrx_word' id='word_1_313' title='bbox 1319 3363 1458 3427; x_wconf 89' lang='lat' dir='ltr'>vicerint</span> <span class='ocrx_word' id='word_1_314' title='bbox 1475 3364 1582 3426; x_wconf 86' lang='lat' dir='ltr'>malae</span> <span class='ocrx_word' id='word_1_315' title='bbox 1597 3363 1687 3446; x_wconf 88' lang='lat' dir='ltr'>cogi·</span> 
     </span>
     <span class='ocr_line' id='line_1_29' title="bbox 332 3467 1688 3551; baseline -0.007 -12"><span class='ocrx_word' id='word_1_316' title='bbox 332 3475 485 3548; x_wconf 89' lang='lat' dir='ltr'>tationes,</span> <span class='ocrx_word' id='word_1_317' title='bbox 510 3481 590 3534; x_wconf 92' lang='lat' dir='ltr'>tunc</span> <span class='ocrx_word' id='word_1_318' title='bbox 606 3490 662 3532; x_wconf 89' lang='lat' dir='ltr'>ero</span> <span class='ocrx_word' id='word_1_319' title='bbox 688 3470 833 3538; x_wconf 89' lang='lat' dir='ltr'>mundus</span> <span class='ocrx_word' id='word_1_320' title='bbox 858 3469 890 3532; x_wconf 92' lang='lat' dir='ltr'>in</span> <span class='ocrx_word' id='word_1_321' title='bbox 919 3479 1099 3549; x_wconf 89' lang='lat' dir='ltr'>conspectu</span> <span class='ocrx_word' id='word_1_322' title='bbox 1116 3478 1184 3532; x_wconf 87' lang='lat' dir='ltr'>tuo.</span> <span class='ocrx_word' id='word_1_323' title='bbox 1206 3468 1252 3531; x_wconf 84' lang='lat' dir='ltr'>Et</span> <span class='ocrx_word' id='word_1_324' title='bbox 1277 3468 1357 3551; x_wconf 89' lang='lat' dir='ltr'>quid</span> <span class='ocrx_word' id='word_1_325' title='bbox 1373 3467 1486 3542; x_wconf 81' lang='lat' dir='ltr'>statim</span> <span class='ocrx_word' id='word_1_326' title='bbox 1515 3467 1688 3549; x_wconf 83' lang='lat' dir='ltr'>sequitur?</span> 
     </span>
     <span class='ocr_line' id='line_1_30' title="bbox 332 3571 1687 3655; baseline -0.007 -12"><span class='ocrx_word' id='word_1_327' title='bbox 332 3586 340 3613; x_wconf 78' lang='lat'>⁸</span> <span class='ocrx_word' id='word_1_328' title='bbox 364 3580 408 3643; x_wconf 89' lang='lat' dir='ltr'>Et</span> <span class='ocrx_word' id='word_1_329' title='bbox 424 3573 612 3642; x_wconf 89' lang='lat' dir='ltr'>mundabor</span> <span class='ocrx_word' id='word_1_330' title='bbox 631 3595 650 3636; x_wconf 89' lang='lat' dir='ltr'>a</span> <span class='ocrx_word' id='word_1_331' title='bbox 677 3571 801 3638; x_wconf 83' lang='lat' dir='ltr'>delicto</span> <span class='ocrx_word' id='word_1_332' title='bbox 818 3571 969 3636; x_wconf 87' lang='lat' dir='ltr'>maximo</span> <span class='ocrx_word' id='word_1_333' title='bbox 984 3571 1000 3636; x_wconf 87' lang='lat'>’.</span> <span class='ocrx_word' id='word_1_334' title='bbox 1024 3571 1148 3636; x_wconf 91' lang='lat' dir='ltr'>Videte</span> <span class='ocrx_word' id='word_1_335' title='bbox 1175 3571 1254 3655; x_wconf 91' lang='lat' dir='ltr'>quid</span> <span class='ocrx_word' id='word_1_336' title='bbox 1281 3573 1381 3635; x_wconf 90' lang='lat' dir='ltr'>dicat.</span> <span class='ocrx_word' id='word_1_337' title='bbox 1398 3571 1433 3636; x_wconf 92' lang='lat' dir='ltr'>Si</span> <span class='ocrx_word' id='word_1_338' title='bbox 1459 3591 1512 3634; x_wconf 92' lang='lat' dir='ltr'>me</span> <span class='ocrx_word' id='word_1_339' title='bbox 1526 3571 1687 3652; x_wconf 82' lang='lat' dir='ltr'>cogitatio</span> 
     </span>
     <span class='ocr_line' id='line_1_31' title="bbox 281 3676 1689 3760; baseline -0.006 -11"><span class='ocrx_word' id='word_1_340' title='bbox 281 3709 316 3760; x_wconf 80' lang='lat'>30</span> <span class='ocrx_word' id='word_1_341' title='bbox 334 3703 400 3749; x_wconf 92' lang='lat' dir='ltr'>non</span> <span class='ocrx_word' id='word_1_342' title='bbox 417 3680 532 3745; x_wconf 87' lang='lat' dir='ltr'>vicerit</span> <span class='ocrx_word' id='word_1_343' title='bbox 547 3689 580 3742; x_wconf 88' lang='lat' dir='ltr'>et</span> <span class='ocrx_word' id='word_1_344' title='bbox 598 3679 641 3742; x_wconf 88' lang='lat' dir='ltr'>ad</span> <span class='ocrx_word' id='word_1_345' title='bbox 657 3696 742 3759; x_wconf 91' lang='lat' dir='ltr'>opus</span> <span class='ocrx_word' id='word_1_346' title='bbox 768 3696 833 3742; x_wconf 90' lang='lat' dir='ltr'>non</span> <span class='ocrx_word' id='word_1_347' title='bbox 859 3676 1063 3758; x_wconf 87' lang='lat' dir='ltr'>perduxerit,</span> <span class='ocrx_word' id='word_1_348' title='bbox 1078 3695 1099 3740; x_wconf 86' lang='lat' dir='ltr'>a</span> <span class='ocrx_word' id='word_1_349' title='bbox 1124 3696 1248 3760; x_wconf 88' lang='lat' dir='ltr'>magno</span> <span class='ocrx_word' id='word_1_350' title='bbox 1264 3685 1401 3758; x_wconf 88' lang='lat' dir='ltr'>peccato</span> <span class='ocrx_word' id='word_1_351' title='bbox 1425 3676 1584 3740; x_wconf 84' lang='lat' dir='ltr'>liberatus</span> <span class='ocrx_word' id='word_1_352' title='bbox 1606 3695 1689 3740; x_wconf 89' lang='lat' dir='ltr'>sum.</span> 
     </span>
    </p>
   </div>
   <div class='ocr_carea' id='block_1_3' title="bbox 244 3878 1693 4285">
    <p class='ocr_par' dir='ltr' id='par_1_10' title="bbox 244 3878 1693 4285">
     <span class='ocr_line' id='line_1_32' title="bbox 369 3878 1690 3952; baseline -0.005 -16"><span class='ocrx_word' id='word_1_353' title='bbox 369 3899 383 3952; x_wconf 82' lang='lat'>5</span> <span class='ocrx_word' id='word_1_354' title='bbox 403 3894 427 3936; x_wconf 81' lang='lat' dir='ltr'>at</span> <span class='ocrx_word' id='word_1_355' title='bbox 442 3883 566 3944; x_wconf 81' lang='lat' dir='ltr'>dr&#39;caurus]</span> <span class='ocrx_word' id='word_1_356' title='bbox 583 3883 696 3932; x_wconf 83' lang='lat' dir='ltr'>rir&#39;raruus</span> <span class='ocrx_word' id='word_1_357' title='bbox 714 3888 737 3930; x_wconf 87' lang='lat' dir='ltr'>et</span> <span class='ocrx_word' id='word_1_358' title='bbox 757 3878 806 3947; x_wconf 82' lang='grc' dir='ltr'>βΑ.</span> <span class='ocrx_word' id='word_1_359' title='bbox 820 3937 833 3948; x_wconf 26' lang='grc' dir='ltr'>,Δ</span> <span class='ocrx_word' id='word_1_360' title='bbox 908 3889 921 3940; x_wconf 83' lang='lat'>7</span> <span class='ocrx_word' id='word_1_361' title='bbox 944 3879 1100 3928; x_wconf 81' lang='lat' dir='ltr'>incircuitu</span> <span class='ocrx_word' id='word_1_362' title='bbox 1120 3879 1295 3944; x_wconf 55' lang='lat' dir='ltr'>firmiorum]</span> <span class='ocrx_word' id='word_1_363' title='bbox 1315 3880 1453 3948; x_wconf 74' lang='lat' dir='ltr'>asr&#39;rt’qrum</span> <span class='ocrx_word' id='word_1_364' title='bbox 1474 3879 1629 3929; x_wconf 81' lang='lat' dir='ltr'>incircuitu</span> <span class='ocrx_word' id='word_1_365' title='bbox 1652 3880 1690 3939; x_wconf 70' lang='grc' dir='ltr'>ῦς</span> 
     </span>
     <span class='ocr_line' id='line_1_33' title="bbox 335 3955 1692 4031; baseline -0.007 -11"><span class='ocrx_word' id='word_1_366' title='bbox 335 3969 493 4020; x_wconf 86' lang='lat' dir='ltr'>scribendum</span> <span class='ocrx_word' id='word_1_367' title='bbox 506 3975 559 4018; x_wconf 85' lang='lat' dir='ltr'>erat</span> <span class='ocrx_word' id='word_1_368' title='bbox 570 3967 692 4031; x_wconf 86' lang='lat' dir='ltr'>Syrorum</span> <span class='ocrx_word' id='word_1_369' title='bbox 796 3975 812 4024; x_wconf 91' lang='lat'>9</span> <span class='ocrx_word' id='word_1_370' title='bbox 823 3970 846 4011; x_wconf 81' lang='lat' dir='ltr'>ct</span> <span class='ocrx_word' id='word_1_371' title='bbox 857 3961 950 4022; x_wconf 83' lang='lat' dir='ltr'>videat]</span> <span class='ocrx_word' id='word_1_372' title='bbox 969 3961 1012 4011; x_wconf 90' lang='lat' dir='ltr'>BC</span> <span class='ocrx_word' id='word_1_373' title='bbox 1024 3963 1070 4026; x_wconf 83' lang='lat' dir='ltr'>(gr.</span> <span class='ocrx_word' id='word_1_374' title='bbox 1085 3957 1130 4010; x_wconf 85' lang='grc' dir='ltr'>καὶ</span> <span class='ocrx_word' id='word_1_375' title='bbox 1142 3955 1246 4022; x_wconf 51' lang='lat' dir='ltr'>iditum</span> <span class='ocrx_word' id='word_1_376' title='bbox 1265 3971 1294 4011; x_wconf 87' lang='lat' dir='ltr'>ut</span> <span class='ocrx_word' id='word_1_377' title='bbox 1312 3963 1394 4012; x_wconf 83' lang='lat' dir='ltr'>videat</span> <span class='ocrx_word' id='word_1_378' title='bbox 1407 3961 1477 4030; x_wconf 69' lang='lat' dir='ltr'>[ssu.</span> <span class='ocrx_word' id='word_1_379' title='bbox 1581 3975 1609 4025; x_wconf 85' lang='lat'>13</span> <span class='ocrx_word' id='word_1_380' title='bbox 1620 3962 1692 4024; x_wconf 68' lang='lat' dir='ltr'>distr]</span> 
     </span>
     <span class='ocr_line' id='line_1_34' title="bbox 335 4044 1689 4111; baseline -0.007 -7"><span class='ocrx_word' id='word_1_381' title='bbox 335 4053 478 4111; x_wconf 77' lang='lat' dir='ltr'>dr&#39;rr&#39;tur03</span> <span class='ocrx_word' id='word_1_382' title='bbox 494 4051 591 4100; x_wconf 78' lang='lat' dir='ltr'>dicite!</span> <span class='ocrx_word' id='word_1_383' title='bbox 602 4049 628 4099; x_wconf 92' lang='lat' dir='ltr'>S.</span> <span class='ocrx_word' id='word_1_384' title='bbox 716 4059 744 4108; x_wconf 74' lang='lat'>14</span> <span class='ocrx_word' id='word_1_385' title='bbox 756 4045 879 4107; x_wconf 81' lang='lat' dir='ltr'>Abboruc]</span> <span class='ocrx_word' id='word_1_386' title='bbox 892 4045 930 4094; x_wconf 90' lang='lat' dir='ltr'>BS</span> <span class='ocrx_word' id='word_1_387' title='bbox 938 4064 945 4105; x_wconf 93' lang='lat'>;</span> <span class='ocrx_word' id='word_1_388' title='bbox 963 4045 1061 4093; x_wconf 82' lang='lat' dir='ltr'>Abacuc</span> <span class='ocrx_word' id='word_1_389' title='bbox 1073 4044 1128 4095; x_wconf 87' lang='lat' dir='ltr'>CG.</span> <span class='ocrx_word' id='word_1_390' title='bbox 1216 4054 1244 4108; x_wconf 82' lang='lat'>15</span> <span class='ocrx_word' id='word_1_391' title='bbox 1255 4044 1417 4109; x_wconf 69' lang='lat' dir='ltr'>dagarabatur]</span> <span class='ocrx_word' id='word_1_392' title='bbox 1431 4045 1452 4094; x_wconf 91' lang='lat' dir='ltr'>G</span> <span class='ocrx_word' id='word_1_393' title='bbox 1466 4044 1508 4105; x_wconf 75' lang='lat' dir='ltr'>(cl.</span> <span class='ocrx_word' id='word_1_394' title='bbox 1523 4060 1598 4109; x_wconf 82' lang='lat' dir='ltr'>supra</span> <span class='ocrx_word' id='word_1_395' title='bbox 1610 4061 1634 4108; x_wconf 90' lang='lat' dir='ltr'>p.</span> <span class='ocrx_word' id='word_1_396' title='bbox 1649 4059 1689 4105; x_wconf 76' lang='grc'>44,</span> 
     </span>
     <span class='ocr_line' id='line_1_35' title="bbox 335 4119 1693 4200; baseline -0.01 -13"><span class='ocrx_word' id='word_1_397' title='bbox 335 4137 423 4198; x_wconf 79' lang='lat' dir='ltr'>l.10l;</span> <span class='ocrx_word' id='word_1_398' title='bbox 446 4135 599 4200; x_wconf 68' lang='lat' dir='ltr'>dignaretur</span> <span class='ocrx_word' id='word_1_399' title='bbox 618 4130 735 4199; x_wconf 73' lang='lat' dir='ltr'>[iABCS.</span> <span class='ocrx_word' id='word_1_400' title='bbox 839 4127 868 4178; x_wconf 86' lang='lat'>18</span> <span class='ocrx_word' id='word_1_401' title='bbox 879 4127 985 4189; x_wconf 74' lang='lat' dir='ltr'>hercula]</span> <span class='ocrx_word' id='word_1_402' title='bbox 1004 4144 1033 4178; x_wconf 85' lang='lat' dir='ltr'>ex</span> <span class='ocrx_word' id='word_1_403' title='bbox 1052 4127 1146 4178; x_wconf 78' lang='lat' dir='ltr'>han&#39;ruo</span> <span class='ocrx_word' id='word_1_404' title='bbox 1166 4127 1195 4177; x_wconf 88' lang='lat' dir='ltr'>B.</span> <span class='ocrx_word' id='word_1_405' title='bbox 1297 4139 1328 4190; x_wconf 90' lang='lat'>29</span> <span class='ocrx_word' id='word_1_406' title='bbox 1346 4126 1383 4176; x_wconf 85' lang='lat' dir='ltr'>Et</span> <span class='ocrx_word' id='word_1_407' title='bbox 1403 4119 1551 4184; x_wconf 76' lang='lat' dir='ltr'>ruuutator]</span> <span class='ocrx_word' id='word_1_408' title='bbox 1570 4125 1653 4185; x_wconf 70' lang='lat'>0803</span> <span class='ocrx_word' id='word_1_409' title='bbox 1669 4132 1693 4174; x_wconf 82' lang='lat' dir='ltr'>et</span> 
     </span>
     <span class='ocr_line' id='line_1_36' title="bbox 244 4216 545 4285; baseline -0.003 -15"><span class='ocrx_word' id='word_1_410' title='bbox 244 4271 254 4280; x_wconf 75' lang='grc'><strong>,</strong></span> <span class='ocrx_word' id='word_1_411' title='bbox 312 4216 545 4285; x_wconf 67' lang='lat' dir='ltr'>,emntauaplt</span> 
     </span>
    </p>
   </div>
   <div class='ocr_carea' id='block_1_4' title="bbox 338 4381 1690 4794">
    <p class='ocr_par' dir='ltr' id='par_1_11' title="bbox 379 4381 1690 4632">
     <span class='ocr_line' id='line_1_37' title="bbox 381 4381 1690 4468; baseline -0.011 -14"><span class='ocrx_word' id='word_1_412' title='bbox 381 4417 404 4454; x_wconf 92' lang='lat'>1.</span> <span class='ocrx_word' id='word_1_413' title='bbox 421 4385 626 4468; x_wconf 82' lang='lat' dir='ltr'>invocabimus]</span> <span class='ocrx_word' id='word_1_414' title='bbox 643 4390 689 4448; x_wconf 89' lang='lat' dir='ltr'>Ps.</span> <span class='ocrx_word' id='word_1_415' title='bbox 710 4406 754 4464; x_wconf 86' lang='lat'>19,</span> <span class='ocrx_word' id='word_1_416' title='bbox 768 4390 794 4446; x_wconf 91' lang='lat'>8.</span> <span class='ocrx_word' id='word_1_417' title='bbox 1040 4402 1118 4460; x_wconf 83' lang='lat' dir='ltr'>quae</span> <span class='ocrx_word' id='word_1_418' title='bbox 1142 4386 1180 4443; x_wconf 93' lang='lat' dir='ltr'>de</span> <span class='ocrx_word' id='word_1_419' title='bbox 1206 4384 1321 4462; x_wconf 87' lang='lat' dir='ltr'>psalmo</span> <span class='ocrx_word' id='word_1_420' title='bbox 1345 4381 1412 4442; x_wconf 89' lang='lat' dir='ltr'>heic</span> <span class='ocrx_word' id='word_1_421' title='bbox 1435 4382 1575 4443; x_wconf 91' lang='lat' dir='ltr'>dicuntur</span> <span class='ocrx_word' id='word_1_422' title='bbox 1600 4399 1690 4458; x_wconf 84' lang='lat' dir='ltr'>quam</span> 
     </span>
     <span class='ocr_line' id='line_1_38' title="bbox 379 4467 1205 4549; baseline -0.012 -13"><span class='ocrx_word' id='word_1_423' title='bbox 379 4479 404 4536; x_wconf 81' lang='lat'>6.</span> <span class='ocrx_word' id='word_1_424' title='bbox 422 4477 464 4534; x_wconf 88' lang='lat' dir='ltr'>ad</span> <span class='ocrx_word' id='word_1_425' title='bbox 476 4467 658 4549; x_wconf 82' lang='lat' dir='ltr'>Helisaeum]</span> <span class='ocrx_word' id='word_1_426' title='bbox 674 4471 779 4546; x_wconf 86' lang='lat' dir='ltr'>4Reg.</span> <span class='ocrx_word' id='word_1_427' title='bbox 796 4487 820 4528; x_wconf 92' lang='lat' dir='ltr'>c.</span> <span class='ocrx_word' id='word_1_428' title='bbox 839 4471 863 4528; x_wconf 89' lang='lat'>6.</span> <span class='ocrx_word' id='word_1_429' title='bbox 1040 4485 1128 4525; x_wconf 89' lang='lat' dir='ltr'>ovum</span> <span class='ocrx_word' id='word_1_430' title='bbox 1140 4485 1205 4526; x_wconf 86' lang='lat' dir='ltr'>ovo.</span> 
     </span>
     <span class='ocr_line' id='line_1_39' title="bbox 384 4543 1509 4632; baseline -0.007 -17"><span class='ocrx_word' id='word_1_431' title='bbox 384 4578 426 4632; x_wconf 78' lang='lat'>¹4·</span> <span class='ocrx_word' id='word_1_432' title='bbox 439 4549 582 4632; x_wconf 85' lang='lat' dir='ltr'>Abbocuc]</span> <span class='ocrx_word' id='word_1_433' title='bbox 595 4571 624 4631; x_wconf 84' lang='lat'>3,</span> <span class='ocrx_word' id='word_1_434' title='bbox 636 4555 663 4611; x_wconf 91' lang='lat'>8.</span> <span class='ocrx_word' id='word_1_435' title='bbox 678 4553 763 4628; x_wconf 79' lang='lat' dir='ltr'>Quae</span> <span class='ocrx_word' id='word_1_436' title='bbox 777 4561 876 4610; x_wconf 89' lang='lat' dir='ltr'>autem</span> <span class='ocrx_word' id='word_1_437' title='bbox 890 4549 927 4608; x_wconf 86' lang='lat' dir='ltr'>ad</span> <span class='ocrx_word' id='word_1_438' title='bbox 940 4547 989 4606; x_wconf 87' lang='lat' dir='ltr'>illa</span> <span class='ocrx_word' id='word_1_439' title='bbox 1085 4567 1128 4625; x_wconf 89' lang='lat'>¹9·</span> <span class='ocrx_word' id='word_1_440' title='bbox 1144 4543 1289 4627; x_wconf 82' lang='lat' dir='ltr'>occr&#39;derr&#39;t]</span> <span class='ocrx_word' id='word_1_441' title='bbox 1306 4547 1400 4608; x_wconf 85' lang='lat' dir='ltr'>Exod.</span> <span class='ocrx_word' id='word_1_442' title='bbox 1419 4565 1466 4623; x_wconf 82' lang='lat'>32,</span> <span class='ocrx_word' id='word_1_443' title='bbox 1487 4566 1509 4607; x_wconf 92' lang='lat' dir='ltr'>r.</span> 
     </span>
    </p>

    <p class='ocr_par' dir='ltr' id='par_1_12' title="bbox 338 4627 1457 4718">
     <span class='ocr_line' id='line_1_40' title="bbox 338 4627 1457 4718; baseline -0.011 -18"><span class='ocrx_word' id='word_1_444' title='bbox 338 4641 501 4718; x_wconf 88' lang='lat' dir='ltr'>prophetae</span> <span class='ocrx_word' id='word_1_445' title='bbox 522 4637 611 4696; x_wconf 86' lang='lat' dir='ltr'>verba</span> <span class='ocrx_word' id='word_1_446' title='bbox 634 4635 664 4692; x_wconf 93' lang='lat' dir='ltr'>in</span> <span class='ocrx_word' id='word_1_447' title='bbox 687 4632 747 4692; x_wconf 91' lang='lat' dir='ltr'>suis</span> <span class='ocrx_word' id='word_1_448' title='bbox 768 4629 988 4692; x_wconf 88' lang='lat' dir='ltr'>commentariis</span> <span class='ocrx_word' id='word_1_449' title='bbox 1083 4647 1127 4707; x_wconf 84' lang='lat'>²5·</span> <span class='ocrx_word' id='word_1_450' title='bbox 1145 4627 1206 4710; x_wconf 87' lang='lat' dir='ltr'>tuo]</span> <span class='ocrx_word' id='word_1_451' title='bbox 1222 4633 1267 4690; x_wconf 91' lang='lat' dir='ltr'>Ps.</span> <span class='ocrx_word' id='word_1_452' title='bbox 1290 4633 1392 4706; x_wconf 82' lang='lat'>18,13.</span> <span class='ocrx_word' id='word_1_453' title='bbox 1414 4649 1457 4703; x_wconf 87' lang='lat'>¹4·</span> 
     </span>
    </p>

    <p class='ocr_par' dir='ltr' id='par_1_13' title="bbox 338 4710 989 4794">
     <span class='ocr_line' id='line_1_41' title="bbox 338 4710 989 4794; baseline -0.018 -11"><span class='ocrx_word' id='word_1_454' title='bbox 338 4719 439 4783; x_wconf 86' lang='lat' dir='ltr'>scribit</span> <span class='ocrx_word' id='word_1_455' title='bbox 456 4718 667 4794; x_wconf 85' lang='lat' dir='ltr'>Hieronymus,</span> <span class='ocrx_word' id='word_1_456' title='bbox 679 4725 739 4779; x_wconf 88' lang='lat' dir='ltr'>tam</span> <span class='ocrx_word' id='word_1_457' title='bbox 750 4713 856 4775; x_wconf 88' lang='lat' dir='ltr'>similia</span> <span class='ocrx_word' id='word_1_458' title='bbox 871 4723 939 4774; x_wconf 86' lang='lat' dir='ltr'>sunt</span> <span class='ocrx_word' id='word_1_459' title='bbox 954 4710 989 4772; x_wconf 91' lang='lat' dir='ltr'>iis</span> 
     </span>
    </p>
   </div>
   <div class='ocr_carea' id='block_1_5' title="bbox 0 0 2116 5492">
    <p class='ocr_par' dir='ltr' id='par_1_14' title="bbox 0 0 2116 5492">
     <span class='ocr_line' id='line_1_42' title="bbox 0 0 2116 5492; baseline 0 0"><span class='ocrx_word' id='word_1_460' title='bbox 0 0 2116 5492; x_wconf 95' lang='lat' dir='ltr'> </span> 
     </span>
    </p>
   </div>
  </div>
 </body>
</html>
