4158 5492
454 405 532 487 108
800 420 1524 488 INDEXLECTIONVMEXHEXAPLIS.

494 639 613 706 XCIX
696 655 714 702 2
738 635 829 701 hebr.
848 633 915 718 ipsa
921 633 1007 715 fecit
1025 655 1091 714 nos,
1105 635 1220 702 eteius
1235 658 1292 702 nos
1302 658 1424 704 snmus.

494 779 556 847 CV
675 779 717 858 48
732 774 815 859 fiat]
835 774 924 839 hebr.
940 795 1056 852 amem·
1071 795 1118 857 gr.
1134 775 1396 868 γένοιτογένοιτο.

494 921 597 988 CVII
679 937 718 984 10
742 914 923 999 inmittam]
940 915 1065 999 Aquila
1073 914 1242 999 proiciam.

496 1057 616 1126 CVIII
698 1058 720 1120 6
741 1053 903 1144 diabolas]
919 1053 1009 1119 hebr.
1019 1063 1117 1118 satan
1129 1053 1147 1117 i.
1164 1073 1191 1118 e.
1206 1051 1407 1118 criminator.

496 1195 615 1262 CXIV
695 1211 717 1272 9
731 1189 875 1274 placebo]
895 1188 985 1254 hebr.
1000 1187 1218 1255 deambulabo.

496 1333 594 1399 CXV
639 1335 646 1364 ‘
665 1331 766 1394 Hunc
783 1326 948 1412 psalmum
965 1327 1082 1410 quinta
1093 1336 1126 1391 et
1141 1337 1238 1393 sexta
1254 1328 1358 1393 editio
1373 1347 1449 1392 cum
1465 1327 1691 1410 superioribus
1704 1347 1806 1410 copu-

453 1421 523 1484 lant
539 1445 545 1485 :
563 1416 786 1502 Symmachus
802 1435 880 1479 vero
895 1423 929 1477 et
946 1413 1167 1497 Septuaginta
1182 1416 1379 1498 interpretes
1392 1417 1546 1480 dIvidunt
1562 1415 1577 1479 ’.
1671 1433 1704 1480 ιι
1720 1435 1806 1478 toten-

452 1505 531 1590 dax]
548 1506 638 1571 hebr.
653 1503 797 1581 liner&
814 1501 941 1585 Symm.
959 1500 1162 1568 mendacium
1173 1526 1189 1577 ,·
1208 1504 1324 1588 quinta
1339 1505 1389 1568 ed.
1412 1503 1526 1586 deficit.

497 1648 614 1716 CXVI
708 1664 719 1710 1
746 1644 877 1709 landate
900 1643 1095 1726 Dominum]
1116 1641 1207 1709 hebr.
1221 1643 1362 1708 alleluia.

498 1783 634 1850 CXVII
683 1794 720 1862 25
746 1801 794 1863 gr.
810 1779 910 1845 σῶσον
926 1774 981 1856 δής
1006 1777 1097 1846 hebr.
1112 1780 1257 1845 osianna.

499 1920 617 1988 CXIX
705 1939 728 2000 4
748 1918 963 2004 desolatoriis]
976 1919 1067 1986 hebr.
1083 1916 1279 2011 ἀρκευθίνοις.

501 2062 657 2129 CXXIII
707 2076 721 2142 5
748 2061 838 2127 hebr.
861 2072 985 2126 torrens
1010 2061 1231 2144 pertransivit
1252 2061 1510 2143 simeranirnam
1525 2071 1680 2126 nostram.

460 2148 707 2232 intolerabilem]
721 2148 846 2232 Aquila
862 2149 991 2232 symm.
1007 2149 1171 2214 Theodot.
1187 2159 1248 2214 etc.
1262 2149 1415 2232 superbas
1430 2169 1534 2232 aquas
1552 2158 1587 2213 et
1607 2149 1809 2231 adrogantes.

501 2284 656 2352 CXXIV
703 2282 887 2367 3m'rgam]
920 2283 1009 2348 hebr.
1036 2295 1201 2368 sceptmm.
1379 2298 1395 2364 5
1430 2282 1653 2366 obligationes]
1685 2283 1810 2366 Aquila

458 2368 642 2449 διαπλοκάς;
669 2369 798 2455 Synrm.
814 2367 1029 2448 σκολιότητας
1055 2371 1173 2455 quInIa
1187 2371 1238 2436 ed.
1255 2367 1506 2462 διεπραμμὲνας.

500 2513 635 2580 CXXV
704 2530 715 2575 1
741 2512 912 2596 consolati]
927 2533 1045 2576 ornnes
1060 2512 1224 2578 editi0nes
1238 2511 1444 2576 somniantes.

500 2648 653 2715 CXXVI
699 2666 718 2713 2
741 2647 875 2731 doloris]
891 2647 1055 2714 Theodot.
1072 2657 1105 2712 et
1121 2649 1239 2733 quinta
1249 2649 1353 2715 editio
1364 2648 1523 2714 idolorum
1535 2671 1550 2724 ,·
1566 2658 1666 2714 sexta
1679 2649 1814 2716 erroris.

461 2752 476 2818 5
502 2735 715 2819 desiderium]
730 2735 821 2800 hebr.
829 2735 1032 2819 pharetram.

501 2871 690 2937 CXXVIII
736 2890 758 2952 4
780 2869 927 2954 corones]
945 2869 1035 2937 hebr.
1051 2870 1183 2936 vincula
1195 2871 1245 2936 vel
1260 2881 1397 2936 catenas.

500 3019 652 3084 CXXXI
736 3016 873 3100 zsicnt]
892 3014 983 3083 hebr.
997 3017 1062 3100 qui.
1199 3033 1234 3098 15
1260 3016 1413 3100 viduam]
1432 2973 1522 3086 hebr.
1547 3027 1579 3082 et
1602 3032 1676 3082 Lxx
1702 3014 1811 3108 θήρανς

457 3110 586 3196 Symm.
614 3120 647 3175 et
673 3109 800 3194 Aquila
825 3109 957 3174 cibaria.
1094 3103 1131 3173 18
1154 3108 1381 3192 sanctificatio]
1405 3109 1496 3175 hebr.
1535 3129 1659 3184 nazer,·
1686 3107 1811 3192 Aquila

455 3207 680 3263 consecratum.

500 3333 691 3401 CXXXIII
743 3351 754 3396 ι
782 3333 817 3396 in
833 3333 932 3396 atriis
946 3333 976 3398 d.
989 3333 1031 3396 D.
1045 3332 1166 3416 nostri]
1178 3353 1244 3398 om.
1260 3331 1351 3398 hebr.
1367 3347 1443 3396 Lxx
1459 3343 1492 3397 et
1507 3353 1625 3397 omnes
1641 3332 1814 3398 editiones.

500 3472 689 3538 CXXXIV
733 3489 756 3550 4
776 3469 1000 3553 substantiale]
1019 3469 1145 3554 Aquila
1172 3480 1207 3535 et
1234 3471 1350 3553 quinta
1372 3471 1476 3535 editio
1498 3467 1686 3559 περιούσιονς
1714 3469 1810 3554 Syrn-

456 3564 593 3627 machus
617 3555 766 3652 ἐξαίρετον
791 3563 809 3627 i.
825 3583 851 3626 e.
860 3562 1097 3644 praecipuum
1110 3561 1199 3626 hebr.
1214 3560 1345 3642 sugnlla
1355 3562 1374 3625 i.
1391 3581 1416 3624 e.
1423 3561 1597 3644 peculium.

501 3704 688 3770 CXXXVI
735 3705 754 3767 8
777 3701 963 3786 Babylonis]
981 3703 1070 3768 hebr.
1087 3703 1229 3784 Babylon
1241 3704 1395 3769 vocativo
1409 3723 1498 3769 casu.
1543 3701 1678 3786 misera]
1689 3701 1813 3785 Aquila

459 3802 492 3857 et
509 3791 636 3876 Symm.
649 3791 837 3874 depopulata
848 3801 949 3874 etque
961 3800 1099 3855 vastata.

502 3907 727 3996 CXXXVIII
773 3927 947 4011 6Symm.
956 3926 1442 4011 praetergreditnrmesciartia
1468 3937 1535 3992 tna.
1628 3946 1661 3991 11
1684 3927 1812 4010 Syrum.

456 4028 489 4082 et
503 4039 565 4080 nox
578 4018 638 4080 lux
650 4017 769 4080 circum
786 4037 843 4079 rne.
994 4032 1030 4095 13
1054 4017 1170 4097 quInta
1186 4015 1290 4078 editIo
1307 4039 1315 4078 ι
1339 4013 1488 4098 conflasti
1502 4036 1551 4078 me
1567 4015 1602 4078 in
1618 4025 1730 4079 aenlre
1744 4037 1812 4079 ma-

456 4106 627 4256 ‘'issa‘'
764 4104 802 4166 16
826 4103 956 4185 Symm.
976 4103 1045 4165 dies
1059 4102 1176 4184 quibus
1186 4102 1334 4182 formati
1347 4111 1480 4180 stentem
1499 4123 1566 4164 rena
1577 4101 1707 4184 quidem
1728 4102 1814 4166 deest

453 4215 495 4257 ex
535 4213 572 4257 rs.

497 4328 593 4395 CXL
638 4327 809 4411 7Symm.
844 4327 928 4392 sicut
946 4327 1089 4410 agricola
1108 4347 1181 4392 cum
1206 4328 1329 4392 scindet
1350 4337 1481 4404 terram,
1501 4328 1548 4391 sic
1561 4327 1721 4411 dissitam
1735 4339 1814 4392 sunt

452 4437 524 4481 ossa
537 4424 648 4480 nostra
664 4419 698 4479 in
719 4436 773 4479 ore
788 4416 899 4498 inseri.

496 4553 646 4620 CXLIV
695 4570 731 4634 13
745 4552 900 4635 fidelos...
933 4553 1078 4634 operibns
1092 4553 1175 4636 suis]
1188 4553 1264 4619 add.
1281 4567 1355 4617 Lxx
1369 4575 1377 4634 ;
1392 4575 1456 4618 orn.
1473 4554 1562 4619 hebr.

497 4689 644 4759 CXLVI
718 4689 888 4757 llaudate
896 4689 1091 4776 Dominum]
1102 4689 1193 4756 hebr.
1201 4689 1352 4767 alleluia·
1362 4691 1478 4777 quinta
1489 4689 1792 4760 editiolandatela.
