4092 5502
551 441 807 505 TRACTATUS
830 441 887 500 DE
912 439 1078 501 PSALMO
1101 439 1294 504 CXLVIIII.
1512 435 1597 518 313

288 653 377 732 Quia
393 651 620 734 beneplacitum
635 659 684 714 est
699 649 840 714 Domino
865 649 899 712 in
912 647 1026 730 populo
1040 667 1108 724 suo,
1120 655 1153 708 et
1171 643 1329 708 exaltabit
1351 655 1535 709 mansuetos
1562 645 1596 708 in

241 756 352 820 solute.
369 761 382 810 ⁶.
395 755 491 819 Beati
508 754 614 830 mites,
630 754 788 837 quoniam
806 753 869 837 ipsi
886 751 1105 835 possidebunt
1122 759 1243 814 terram
1260 749 1276 812 ¹.
1293 748 1330 814 Si
1346 768 1427 842 ergo
1443 749 1488 813 ibi
1515 750 1596 813 dici-

242 874 304 938 tur,
320 862 416 925 Beati
433 861 540 936 mites,
555 859 618 923 hoc
634 870 684 924 est
711 859 886 934 mansueti,
902 855 1060 940 quoniam
1078 854 1139 939 ipsi
1163 854 1383 936 possidebunt
1403 863 1546 919 terram:
1562 863 1597 920 et

243 965 296 1028 hic
311 964 443 1038 dicitur,
458 963 503 1025 Et
519 961 685 1027 exaltabit
702 971 894 1026 mansuetos
911 962 943 1023 in
961 959 1089 1023 salute:
1104 965 1139 1021 et
1157 957 1210 1020 isti
1228 958 1392 1022 mansueti
1410 957 1597 1023 hereditate

212 1085 225 1137 5
243 1069 463 1152 possidebunt
491 1076 633 1130 terram:
650 1087 730 1148 ergo
758 1066 821 1129 ista
837 1073 924 1128 terra
949 1082 1015 1127 non
1044 1071 1094 1126 est
1118 1061 1286 1139 deorsum,
1301 1060 1360 1125 sed
1388 1081 1518 1126 sursum
1535 1067 1596 1128 est.

244 1172 333 1255 Quid
350 1173 440 1234 enim
456 1171 563 1234 dicit?
590 1169 766 1234 Exaltabit
796 1176 987 1234 mansuetos
1014 1166 1047 1228 in
1064 1163 1180 1228 salute.
1197 1164 1234 1230 Si
1251 1166 1340 1228 enim
1359 1164 1524 1230 mansueti
1542 1165 1596 1228 isti

244 1287 366 1340 terram
383 1276 592 1358 possiderent
608 1293 695 1356 quae
711 1274 865 1336 deorsum
882 1283 941 1348 est,
957 1290 1024 1334 non
1040 1270 1175 1346 diceret,
1192 1268 1376 1333 Exaltabit.

288 1377 494 1442 Exultabunt
507 1377 614 1441 sancti
626 1378 786 1460 ingloria.
801 1379 839 1440 ln
857 1397 921 1461 qua
938 1376 1066 1459 gloria?
1079 1380 1086 1409 ¹
1101 1376 1240 1460 Exurge
1252 1374 1358 1456 gloria
1371 1395 1455 1452 mea,
1471 1393 1599 1458 exurge

245 1484 437 1566 psalterium
454 1493 487 1546 et
503 1482 630 1547 cithara
644 1507 650 1547 :
665 1503 828 1564 exurgam
845 1481 991 1546 diluculo
1007 1481 1022 1545 ’.
1041 1481 1080 1546 In
1097 1479 1211 1564 gloria.
1226 1485 1234 1512 ‘
1252 1478 1405 1544 Necdum
1421 1479 1511 1543 enim
1527 1489 1599 1543 erat

200 1607 229 1643 ¹0
246 1587 389 1670 Spiritus
405 1587 512 1664 datus,
528 1585 607 1667 quia
636 1586 728 1650 lesus
754 1587 894 1651 necdum
923 1585 1030 1650 luerat
1053 1583 1257 1668 glorificatus
1273 1584 1280 1612 ’
1299 1584 1362 1647 hoc
1379 1593 1439 1662 est,
1454 1583 1596 1648 necdum

246 1691 352 1756 luerat
373 1690 561 1755 crucifixus.
581 1691 656 1754 Hoc
683 1691 845 1774 scriptura
868 1689 958 1768 dicit,
975 1687 1128 1753 Necdum
1145 1698 1216 1753 erat
1232 1668 1378 1771 Spiritus
1396 1687 1505 1765 datus,
1521 1685 1600 1770 quia

248 1795 341 1858 lesus
368 1815 434 1871 non
464 1793 570 1858 luerat
592 1791 806 1876 glorificatus,
821 1793 884 1857 hoc
909 1804 970 1870 est,
985 1813 1052 1857 non
1079 1801 1151 1857 erat
1174 1789 1361 1857 crucifixus.
1385 1790 1599 1854 Exultabunt

246 1899 350 1963 sancti
376 1899 409 1961 in
426 1897 540 1980 gloria.
560 1899 636 1962 Hoc
652 1906 760 1962 totum
778 1918 880 1982 quare
895 1897 995 1962 dico?
1013 1896 1100 1980 Quia
1117 1896 1247 1972 dicitur,
1264 1895 1479 1959 Exultabunt
1492 1893 1599 1958 sancti

248 2003 279 2067 in
311 2003 426 2086 gloria.
455 2003 532 2067 Hoc
561 2023 642 2085 ergo
673 2003 771 2066 dico:
799 2001 1000 2067 exultabunt
1031 2001 1136 2066 sancti
1168 2001 1200 2063 in
1226 2006 1354 2064 cruca·
1376 1999 1460 2062 Mihi
1486 2007 1599 2062 autern

202 2127 229 2180 ¹5
247 2107 333 2170 absit
347 2105 491 2189 gloriari,
507 2105 569 2168 nisi
585 2106 618 2166 in
635 2125 731 2168 cruce
749 2105 885 2168 Domini
915 2104 1017 2168 nostri
1045 2103 1121 2168 lesu
1138 2102 1250 2185 Xpisti
1267 2102 1283 2167 '.
1310 2102 1397 2166 Ecce
1422 2121 1503 2166 voce
1519 2121 1600 2186 apo·

247 2211 322 2273 stoli
340 2209 516 2292 prophetia
531 2208 686 2290 conpleta
702 2219 761 2273 est.
775 2208 940 2272 Exultent
956 2208 1062 2272 sancti
1073 2208 1106 2270 in
1122 2207 1236 2290 gloria.
1251 2207 1431 2272 Laetantur
1441 2208 1475 2271 in
1487 2207 1600 2271 cubili-

247 2314 416 2378 bussur's.‘
434 2313 573 2377 Lavabo
598 2333 655 2395 per
682 2311 831 2392 singulas
859 2321 972 2376 noctes
1000 2312 1121 2377 lectum
1148 2330 1269 2386 meum,
1285 2311 1318 2374 ln
1344 2311 1489 2375 lacrimis
1517 2312 1599 2374 meis

248 2427 389 2480 stratum
418 2435 528 2478 meum
558 2415 674 2496 rigabo
692 2415 707 2478 '.
726 2414 812 2479 lllud
838 2416 1022 2498 peccatoris
1046 2424 1108 2492 est,
1122 2413 1202 2484 illud
1219 2415 1432 2499 ¹paenitentis
1448 2424 1499 2478 est
1514 2435 1521 2492 ;
1537 2414 1601 2478 hoc

249 2541 328 2584 vero
342 2522 431 2603 quod
460 2520 590 2596 dicitur,
608 2519 838 2583 Laetabuntur
854 2520 886 2582 in
904 2518 1068 2584 cubilibus
1085 2520 1161 2596 suis,
1178 2517 1220 2581 ad
1238 2528 1371 2582 sanctos
1387 2519 1540 2602 pertinet,
1557 2517 1599 2581 ad

198 2651 231 2686 20
249 2626 356 2688 iustos
369 2624 522 2706 pertinet.
539 2621 623 2704 Quis
639 2625 681 2686 de
706 2623 802 2686 nobis
830 2623 862 2686 in
887 2623 988 2687 cubili
1004 2644 1066 2688 suo
1081 2623 1249 2690 laetatur?
1266 2625 1350 2708 Quis
1378 2645 1444 2690 non
1472 2633 1600 2708 pugnat

249 2749 324 2792 cum
341 2748 439 2792 carne
455 2733 541 2790 sua?
555 2729 629 2810 Ego
641 2748 717 2791 cum
731 2726 764 2789 in
778 2727 900 2792 lectulo
912 2747 989 2792 meo
1000 2728 1190 2810 vigilavero,
1202 2748 1268 2794 non
1283 2730 1395 2805 laetor,
1405 2727 1463 2792 sed
1475 2747 1601 2810 pugno:

249 2853 315 2896 non
334 2852 471 2915 regnum
489 2831 655 2895 caelorum
683 2831 823 2913 suspiro,
838 2830 896 2895 sed
924 2853 1000 2895 cum
1017 2853 1116 2896 carne
1140 2853 1262 2916 pugno.
1281 2832 1477 2897 Incendium
1494 2829 1602 2896 carnis

250 2937 325 3019 rigo
339 2931 493 3010 lacrimis,
508 2945 540 2998 et
556 2934 730 3016 extinguo.
748 2935 927 3017 Propterea
942 2936 1074 3015 dicitur,
1091 2937 1229 3001 Lavabo
1245 2956 1304 3019 per
1322 2936 1470 3018 singulas
1487 2945 1602 3001 noctes

251 3042 372 3104 lectum
390 3055 512 3113 meum,
527 3037 560 3100 in
588 3035 733 3101 lacrimis
760 3037 842 3100 meis
869 3048 1010 3103 stratum
1040 3059 1150 3104 meum
1172 3040 1296 3122 rigabo.
1315 3040 1474 3104 Lectulus
1502 3055 1605 3116 meus,

198 3171 230 3223 25
249 3146 306 3232 qui
334 3147 428 3208 ardet
453 3143 600 3217 libidine,
615 3141 825 3225 extinguitur
850 3141 1001 3206 lacrimis.
1027 3141 1154 3207 Felices
1182 3143 1246 3220 isti,
1261 3143 1304 3207 de
1330 3143 1452 3226 quibus
1476 3143 1605 3220 dicitur,

252 3249 482 3312 Laetabuntur
498 3247 531 3309 in
548 3244 712 3310 cubilibus
727 3245 804 3308 suis.

294 3351 519 3428 Exultqtiones
534 3349 600 3412 Dei
615 3349 649 3412 in
660 3358 796 3446 gutture
819 3368 936 3413 corurn.
963 3349 1089 3431 Utique
1103 3351 1160 3432 qui
1177 3349 1308 3426 clamat,
1336 3369 1403 3415 non
1420 3351 1454 3414 in
1469 3359 1605 3433 gutture

250 3457 383 3534 clamat,
397 3458 455 3520 sed
472 3457 505 3519 in
522 3453 638 3519 labiis:
655 3452 718 3515 hoc
734 3461 793 3528 est,
810 3471 875 3516 non
893 3451 1016 3516 clamat
1032 3452 1065 3515 in
1083 3462 1227 3534 gutture,
1242 3453 1300 3518 sed
1317 3454 1441 3536 clamat
1455 3454 1487 3517 in
1502 3453 1606 3519 labiis.

252 3562 298 3628 Et
313 3561 484 3644 quomodo
499 3559 552 3624 hic
567 3557 657 3634 dicit,
681 3555 917 3620 Exultationes
935 3555 998 3618 Dei
1016 3556 1048 3618 in
1074 3566 1209 3638 gutture
1233 3578 1348 3622 eorum
1360 3562 1393 3621 i‘
1411 3557 1605 3623 Clamantes

287 3743 297 3778 t
318 3746 372 3796 sqq.
387 3731 416 3778 in
435 3727 524 3788 salute]
543 3729 716 3778 Sconstanter
734 3727 780 3790 (gr.
796 3718 822 3774 iv
841 3719 990 3791 σωτηρίᾳ);
1010 3725 1039 3773 in
1061 3723 1195 3793 solutemb
1215 3735 1240 3777 et
1259 3735 1308 3777 cet.
1410 3725 1608 3790 §possidebam

246 3813 372 3876 possident
382 3812 412 3862 C.
512 3804 929 3874 rursum1desursumssrrursum
942 3806 973 3856 G.
1066 3806 1312 3869 eisrt]sc;istanr
1325 3806 1349 3876 β.
1444 3808 1608 3872 9Inglorr'a]

249 3895 315 3944 codd
326 3911 333 3954 ;
344 3895 362 3943 ι’.
376 3893 470 3958 quagl.
486 3889 510 3959 β.
615 3903 640 3940 11
654 3907 691 3956 sq.
706 3891 759 3940 Hoc
775 3890 902 3951 scriptura
967 3887 1113 3954 cmcr'farrrs]
1132 3906 1181 3940 om.
1201 3888 1235 3957 β;
1257 3891 1268 3940 1
1281 3907 1332 3941 non
1352 3897 1429 3956 repet.
1444 3889 1486 3940 hoc
1504 3897 1539 3940 erl
1558 3905 1608 3939 non

246 3976 457 4043 eratcrucr'fixus.
546 3988 574 4040 13
585 3991 623 4040 sq.
634 3976 688 4025 Hoc
698 3973 864 4036 totana....r‘n
871 3973 966 4035 gloria]
978 3989 1027 4023 orn.
1041 3971 1065 4041 β.
1162 3989 1191 4035 14
1199 3971 1263 4038 ergo]
1271 3990 1312 4038 ego
1320 3973 1350 4024 C.
1446 3972 1611 4022 16Exullent

249 4075 270 4110 s.
285 4061 302 4109 ἰ.
312 4059 405 4123 gloria]
416 4077 466 4110 om.
482 4057 506 4127 β.
609 4070 638 4120 17
651 4059 680 4108 in
699 4055 821 4116 lacrimis]
842 4053 864 4103 G
877 4055 924 4118 (gr.
940 4049 966 4104 ἐν
978 4049 1088 4124 δάκρυσί
1100 4060 1180 4120 μου);
1202 4056 1217 4125 β
1234 4066 1259 4108 et
1272 4067 1319 4107 cet.
1333 4072 1383 4107 om.
1398 4057 1435 4106 ἐκ.
1536 4067 1565 4104 21
1580 4055 1609 4104 in

249 4139 603 4206 lectulohlectulolhsom.
618 4141 837 4206 praepositionem.
916 4155 947 4189 22
960 4136 1074 4202 regnum]
1086 4155 1160 4203 regno
1172 4141 1197 4190 S.
1283 4152 1314 4203 23
1326 4136 1455 4203 extinguo]
1463 4136 1565 4200 extingv
1575 4137 1606 4187 C.

252 4240 284 4286 24
303 4228 332 4274 in
351 4226 463 4275 lacrimo
482 4221 553 4284 meis]
565 4223 582 4272 S
595 4223 653 4273 add.
668 4225 697 4272 in
708 4239 763 4287 sup.
779 4223 813 4272 lin
824 4242 831 4282 ;
843 4239 892 4272 orn.
908 4223 976 4271 neeis.
1078 4220 1175 4286 27'sqq.
1190 4221 1376 4282 Exaerariones]
1394 4219 1570 4270 exsultationes
1582 4216 1607 4286 β,

249 4309 329 4358 exult.
344 4309 373 4358 C.
470 4302 584 4371 guuure]
598 4312 693 4370 guture
713 4305 753 4364 C;
769 4312 857 4368 gallor
876 4305 902 4355 S.
1005 4303 1035 4353 28
1055 4304 1152 4353 horest
1171 4299 1498 4367 n.c.i.g.s.c.i.labiis]
1517 4297 1607 4366 οηι.β.

251 4389 405 4456 aphic]om.
422 4388 446 4456 β.

296 4559 320 4599 2.
334 4533 455 4618 terram]
468 4538 575 4596 Matth.
593 4554 619 4614 5,
637 4557 663 4606 4.
1004 4551 1046 4610 15.
1057 4535 1160 4608 Xpr'str'
1185 4535 1250 4594 Gal.
1268 4536 1294 4604 6,
1315 4553 1356 4604 14·

292 4640 318 4696 9.
335 4615 471 4699 diluculo]
484 4620 529 4678 Ps.
553 4635 616 4692 107,
633 4637 658 4693 3.
1005 4618 1046 4674 18.
1065 4616 1164 4689 rigabo
1194 4617 1238 4672 l’s.
1252 4617 1280 4686 6,
1298 4631 1322 4690 7.

299 4723 342 4764 ro.
351 4696 540 4780 glorificatus]
555 4701 599 4760 Io.
616 4717 643 4776 7,
656 4717 703 4775 39.

304 4829 658 4876 monumentorum.
