4202 5492
639 422 895 486 TRACTATUS
918 421 976 480 DE
998 419 1166 479 PSALMO
1190 419 1358 480 LXXXVI.
1615 431 1671 514 99

316 643 523 710 tabernacula
538 641 640 707 Jacob.
658 641 744 704 Istas
761 650 875 724 portas
891 637 1010 720 diligit,
1025 657 1108 720 quas
1130 636 1281 699 videmus
1297 641 1458 704 corruisse
1474 645 1487 704 t
1503 642 1584 707 istas
1597 665 1670 728 por-

316 760 368 814 tas
379 749 498 832 diligit,
513 758 547 812 et
564 748 661 810 istam
675 745 755 810 Sion
772 745 891 829 diligit,
906 763 992 826 quae
1008 751 1102 806 arata
1114 753 1165 806 est
1181 742 1267 805 sicut
1282 763 1361 824 ager
1375 744 1387 807 l
1405 744 1449 809 Et
1466 746 1671 831 videtequid

316 855 414 928 dicat,
427 853 548 934 Diligit
565 850 731 914 Dominus
748 859 860 931 portas
878 847 958 913 Sion
973 867 1071 930 super
1083 848 1196 910 omnia
1206 847 1420 911 tabernacula
1433 848 1674 918 Iacob.Videte

317 957 396 1038 quid
413 955 503 1020 dicat
518 979 526 1019 ε
542 973 640 1037 super
655 973 774 1018 omnes
795 954 946 1018 civitates
974 953 1087 1032 Iacob,
1102 952 1164 1015 hoc
1181 962 1230 1015 est
1253 951 1408 1030 iudaeae,
1425 953 1523 1017 islam
1535 964 1672 1022 tantum

284 1077 298 1130 5
317 1059 425 1142 diligit
440 1058 620 1123 civitatem.
637 1058 682 1121 Et
697 1058 869 1140 quomodo
885 1058 1036 1121 videmus
1052 1055 1135 1120 allas
1151 1075 1195 1119 ex
1208 1065 1301 1138 parte
1317 1065 1452 1134 stare,et
1465 1057 1562 1121 istam
1581 1063 1673 1142 peni-

317 1172 371 1226 tus
385 1163 573 1226 corruisse?
590 1161 760 1244 Legamus
784 1160 1015 1245 Apocalypsin
1034 1159 1204 1238 Iohannis,
1221 1160 1371 1242 legamus
1397 1171 1430 1226 et
1447 1163 1593 1242 Esaiam,
1618 1165 1672 1229 ubi

317 1266 637 1332 aedificaturcivitas
655 1265 877 1341 Hierusalem,
892 1275 926 1329 et
937 1264 1114 1329 duodecim
1132 1273 1248 1345 portae
1260 1264 1363 1346 ipsius
1375 1264 1531 1330 dicuntur
1546 1281 1618 1331 esse
1631 1269 1675 1332 dc

318 1371 483 1452 lapidibus
511 1374 664 1455 pretiosis
694 1379 914 1446 constructae,
940 1382 973 1432 et
1001 1370 1074 1451 ipsa
1101 1369 1217 1433 civitas
1243 1369 1286 1432 de
1310 1368 1404 1432 caelo
1430 1369 1615 1449 descendit,
1640 1381 1673 1436 et

317 1476 473 1540 dicuntur
498 1476 582 1539 muri
607 1477 678 1540 eius
694 1495 766 1539 esse
786 1474 887 1550 aurei,
901 1482 936 1538 et
950 1474 1107 1537 dicuutur
1122 1471 1254 1554 plateae
1269 1471 1340 1535 eius
1356 1479 1480 1536 stratae
1496 1493 1569 1537 esse
1584 1493 1673 1538 zma-

271 1599 300 1636 ιο
318 1579 431 1661 ragdo,
446 1589 480 1644 et
500 1579 656 1644 dicuntur
679 1580 831 1664 singulae
847 1590 964 1664 portae
980 1580 1120 1662 singulis
1137 1578 1303 1662 lapidibus
1320 1581 1474 1662 pretiosis
1501 1600 1573 1646 esse
1595 1602 1673 1646 con·

317 1693 471 1748 structae.
504 1684 598 1748 Haec
630 1695 708 1749 sunt
738 1694 830 1750 totae
861 1684 999 1749 Domini
1030 1683 1177 1760 divitiae,
1206 1693 1240 1746 et
1270 1682 1330 1746 has
1362 1684 1471 1768 diligit
1506 1685 1673 1749 Dominus

316 1788 489 1870 quomodo
504 1798 536 1851 et
553 1787 728 1852 homines?
746 1789 903 1853 Prohibet
920 1809 980 1852 nos
996 1789 1038 1852 ab
1053 1788 1239 1864 avaritia,et
1252 1788 1322 1867 ipse
1337 1787 1380 1850 de
1391 1787 1531 1852 avaritia
1546 1789 1673 1852 extruit

317 1893 511 1957 civitatem?
529 1893 739 1976 Ergodiligit
750 1894 917 1957 Dominus
934 1905 1046 1976 portas
1064 1892 1155 1970 Sion,
1169 1891 1241 1956 illas
1253 1902 1366 1975 portas
1379 1892 1460 1958 Sion
1474 1894 1652 1958 duodecim
1666 1917 1673 1959 :

318 1996 531 2060 manifestum
563 2010 613 2061 est
641 1998 731 2080 quod
762 1999 805 2061 de
829 1999 991 2080 apostolis
1021 1997 1160 2077 scripsit.
1197 1996 1304 2078 Super
1328 1997 1440 2061 omnia
1465 1997 1673 2063 tabernacula

267 2121 298 2174 15
318 2099 429 2165 Iacob:
446 2121 545 2184 super
560 2121 677 2166 omnes
695 2112 821 2167 veteres
838 2113 979 2168 sanctos.

365 2204 439 2268 Hoc
455 2205 587 2269 interim
601 2207 750 2271 diximus
761 2208 943 2271 secundum
956 2226 1058 2271 unum
1069 2216 1212 2288 tropum.
1220 2206 1380 2269 Dicamus
1393 2216 1505 2271 autem
1519 2217 1552 2270 et
1564 2208 1670 2273 aliter.

317 2307 444 2391 Diligit
456 2309 621 2373 Dominus
628 2320 745 2392 portas
772 2310 863 2375 Sr'orr.
889 2311 974 2374 Mihi
1000 2310 1154 2375 videntur
1180 2320 1296 2393 portae
1324 2308 1406 2374 Sion
1434 2331 1505 2375 esse
1526 2313 1672 2376 virtutes.

319 2411 511 2477 Sicutenim
528 2423 645 2495 portae
657 2415 772 2478 mortis
782 2423 860 2478 sunt
872 2415 953 2480 vitia
963 2424 1065 2497 atque
1075 2425 1222 2498 peccata,
1234 2414 1281 2478 ita
1292 2425 1408 2499 portae
1425 2415 1506 2481 Sion
1517 2416 1671 2481 videntur

318 2515 399 2578 mihi
420 2535 492 2579 esse
508 2517 655 2582 virtutes.
673 2517 827 2600 Denique
842 2519 922 2582 dicit
947 2519 979 2581 in
996 2517 1063 2580 alio
1078 2518 1152 2581 loco
1167 2541 1174 2582 :
1189 2517 1276 2600 ‘Qui
1292 2520 1423 2583 exaltas
1441 2539 1493 2584 me
1509 2521 1552 2584 de
1568 2523 1672 2604 portis

265 2645 301 2682 so
319 2620 435 2684 mortis
447 2621 463 2686 ¹.
487 2620 523 2685 Si
550 2631 662 2684 autem
690 2633 806 2704 portae
833 2623 950 2686 mortis
976 2633 1113 2705 peecata
1129 2633 1217 2699 sunt,
1232 2643 1312 2705 ergo
1327 2635 1443 2706 portae
1461 2624 1671 2690 Hierusalem

318 2730 456 2793 virtutes
472 2738 558 2794 sunt.
575 2729 683 2812 Super
696 2731 808 2795 orunia
823 2731 1029 2795 tabernacula
1045 2729 1144 2792 Jacob.
1168 2727 1291 2792 Videte
1307 2729 1464 2810 quoniam
1485 2729 1595 2808 lacob,
1610 2729 1673 2794 hoe

318 2843 368 2896 est
385 2843 479 2896 vetus
507 2833 659 2916 populus,
683 2855 749 2898 non
777 2836 879 2899 habet
903 2835 1169 2910 fundamentum,
1195 2853 1255 2897 nec
1282 2834 1421 2897 domum
1447 2833 1673 2897 fundamentis

318 2939 473 3021 positam,
487 2938 545 3001 sed
563 2939 776 3004 tabernacula
793 2960 879 3022 quae
894 2940 960 3004 cito
978 2947 1218 3020 pertranseunt.

365 3039 515 3104 Gloriosa
540 3040 627 3104 dicta
641 3052 720 3105 sunt
740 3042 779 3108 dc
793 3054 831 3121 tc,
846 3042 963 3106 civitas
979 3042 1052 3106 Dei.
1070 3042 1162 3124 Ergo
1179 3041 1242 3105 hoc
1257 3040 1348 3123 quod
1364 3039 1491 3104 dictum
1508 3049 1567 3117 est,
1585 3040 1672 3104 Fun·

351 3223 682 3289 4tarrturrr]tantorrrcch.
784 3229 1023 3294 7essc]om.ACH.
1125 3228 1374 3291 8constructae101n.
1389 3229 1451 3278 GH.
1555 3230 1674 3292 11Hacr]

318 3309 365 3358 hae
377 3307 423 3376 βΡ.
497 3311 552 3372 hos]
564 3311 605 3360 hoc
618 3309 641 3380 β.
722 3323 750 3360 12
762 3313 879 3377 quomodo
889 3319 913 3360 ct
922 3307 1043 3370 tornines]
1054 3311 1140 3376 scripsi
1152 3327 1181 3360 cx
1194 3311 1336 3360 coniectura
1348 3328 1354 3370 ;
1367 3327 1422 3358 cum
1433 3310 1504 3359 hodie
1513 3311 1623 3359 hcrrrirres
1633 3312 1674 3370 A;

317 3408 374 3441 curu
386 3391 473 3442 hedure
483 3393 595 3442 horrirrcs
613 3395 649 3453 P;
665 3411 721 3442 curn
734 3393 804 3444 hodie
814 3409 897 3444 orrrucs
909 3395 929 3444 C
943 3412 949 3453 ;
967 3394 1033 3458 quod
1040 3401 1065 3442 ct
1075 3393 1185 3442 hortinas
1197 3390 1221 3460 β.
1326 3392 1355 3441 16
1366 3409 1447 3441 rcrrum
1459 3392 1569 3457 tropum]
1580 3391 1674 3460 tropho-

318 3475 409 3538 lcgiam
421 3476 451 3536 C,
466 3475 485 3524 P
498 3489 513 3524 2
524 3492 558 3526 m.
660 3489 690 3525 22
695 3476 884 3541 ficudamerrtis]
887 3477 1057 3541 fundamenti
1067 3476 1119 3536 (ΖΡ,
1133 3477 1156 3526 Α
1168 3493 1180 3525 s
1190 3493 1268 3526 erasa.

365 3659 388 3699 1.
404 3659 477 3717 quas
501 3641 627 3700 ruiiemus
649 3643 787 3700 corruisse
801 3638 826 3722 t]
846 3641 968 3702 Hieron.
1023 3643 1109 3703 detur
1121 3640 1150 3702 in
1162 3641 1296 3703 ultimam
1309 3640 1593 3719 partemEzechielis
1605 3659 1675 3702 con-

320 3739 366 3797 ep.
387 3724 451 3795 108,
464 3741 492 3781 n.
510 3742 527 3798 9
551 3723 687 3796 ‘Diligit
704 3724 851 3782 Dominus
868 3731 972 3800 portas
1021 3723 1231 3784 siderationem
1248 3723 1419 3784 intendisse.

322 3803 393 3863 Sicu
401 3805 592 3880 superomnia
603 3804 789 3863 tabernacula
800 3805 891 3863 Iacob.
900 3807 970 3865 Non
1065 3810 1109 3865 18.
1127 3807 1210 3866 Sicut
1217 3807 1292 3865 enim
1298 3813 1400 3883 portur
1411 3805 1511 3863 mortis
1520 3800 1590 3884 etc]
1603 3804 1675 3864 Hie-

321 3903 371 3943 eas
383 3900 491 3962 ponas,
508 3903 582 3961 quas
597 3885 687 3944 hodie
712 3887 862 3945 cernimus
876 3886 906 3944 in
932 3888 971 3946 fa·
1021 3905 1084 3947 ron.
1107 3885 1137 3946 in
1164 3889 1202 3947 Is.
1230 3889 1276 3960 2⁶,
1304 3907 1319 3946 2
1345 3905 1409 3963 sqq,
1435 3888 1497 3945 ‘Et
1520 3887 1676 3962 quomodo

321 3964 419 4024 villam
435 3965 609 4027 etcinerem
634 3966 812 4026 dissolutas:
829 3968 882 4028 sed
908 3987 971 4044 por·
1021 3979 1120 4044 portas
1146 3970 1248 4028 mortis
1274 3987 1339 4029 reor
1364 3987 1428 4028 esse
1454 3980 1613 4045 peccata...
1631 3967 1674 4025 sic

322 4058 365 4106 tas
390 4047 498 4124 quibus
525 4067 585 4106 non
611 4050 758 4125 praevalet
784 4047 925 4122 internus,
941 4064 971 4109 et
1022 4061 1120 4124 portas
1135 4048 1481 4126 iustitiae'omniaopera
1496 4048 1637 4109 virtutum
1649 4049 1676 4122 ’ς

322 4147 373 4205 per
387 4147 461 4205 quas
475 4129 661 4189 credentium
686 4130 725 4189 ad
751 4129 903 4191 Christum
930 4130 971 4188 in·
1021 4131 1051 4190 in
1067 4135 1161 4192 Amos
1177 4149 1204 4209 5,
1224 4152 1260 4191 10
1276 4137 1283 4162 ⁴
1299 4129 1559 4206 Duplicesportss,
1573 4127 1675 4188 mortis

321 4209 452 4286 greditur
466 4209 663 4285 multitudo’;
678 4229 726 4287 ep.
742 4231 805 4287 129,
817 4231 844 4269 n.
863 4231 877 4269 2
896 4213 970 4270 ‘Di-
1020 4224 1050 4272 et
1065 4213 1151 4286 vitae,
1167 4212 1305 4274 vitiorum
1319 4223 1409 4290 atque
1421 4210 1571 4281 virtutum,
1585 4229 1674 4286 saepe

320 4292 386 4367 tigit
398 4292 440 4352 D.
451 4301 483 4368 p.
501 4292 530 4352 S
557 4311 578 4351 s.
603 4311 627 4350 o.
648 4299 668 4352 t.
694 4293 786 4351 Iacob.
812 4292 969 4369 Numquid
1021 4291 1051 4353 in
1066 4293 1217 4371 scripturis
1233 4294 1368 4370 legimus,
1386 4305 1417 4352 ut
1443 4291 1517 4351 illud
1544 4291 1574 4350 in
1600 4291 1674 4368 psal·

321 4371 389 4432 istas
404 4385 503 4450 portus
517 4371 612 4450 diligit
629 4375 720 4446 Deus,
736 4393 811 4450 quas
833 4373 970 4434 videmus
1021 4375 1076 4434 mis
1095 4377 1158 4452 Qui
1168 4378 1284 4434 exaltas
1298 4394 1341 4433 rue
1364 4375 1398 4433 de
1416 4375 1510 4452 portis
1533 4373 1671 4432 mortis...

322 4451 350 4512 in
365 4452 479 4515 cineres
493 4464 522 4514 et
537 4453 649 4514 favillas
663 4473 727 4515 esse
742 4456 938 4515 conversasi'
1021 4457 1086 4534 Ego
1115 4470 1214 4534 portas
1238 4455 1373 4529 civitatis,
1404 4457 1461 4516 hoc
1490 4466 1534 4514 est
1557 4452 1674 4513 animae

363 4554 386 4593 2.
403 4535 476 4594 sicut
488 4554 561 4611 ager
569 4532 594 4616 t]
611 4537 715 4595 ierem.
736 4539 781 4608 26,
802 4540 845 4595 18.
1019 4537 1167 4598 credentis
1183 4537 1213 4597 in
1229 4537 1391 4611 Christum,
1407 4550 1481 4616 puto
1506 4553 1571 4596 esse
1586 4533 1672 4594 virtu-

361 4618 386 4676 6.
403 4617 596 4694 Apocalypsin
612 4614 767 4698 Iohannis]
782 4637 807 4676 c.
826 4637 870 4677 ar.
1020 4629 1063 4679 tes
1077 4620 1084 4648 ¹
1099 4632 1154 4679 etc.

419 4693 558 4778 Escrbrrr]
573 4717 598 4758 c.
616 4700 652 4757 62
669 4717 743 4776 sqq,
766 4709 796 4758 at
818 4697 906 4759 simul
929 4697 968 4761 vi·
1062 4722 1107 4760 ro.
1124 4697 1237 4781 rrrcrtis]
1256 4703 1301 4760 Ps.
1318 4720 1345 4776 9,
1366 4717 1409 4777 15.
1520 4720 1524 4728 ⁴
