4060 5498
554 415 810 477 essemus
840 418 898 476 uu
928 418 1096 478 usstuo
1126 417 1189 478 xc.
1499 403 1553 507 67

196 635 266 678 ram
285 625 378 678 tuam
402 614 448 678 sic
465 624 580 678 notam
598 615 660 693 iac,
672 635 760 680 nunc
774 618 854 699 quia
865 618 1066 680 exauditum
1083 635 1119 681 se
1137 637 1209 681 esse
1226 619 1338 696 sentit,
1351 618 1508 700 adiungit
1521 628 1555 681 et

197 720 291 795 dicit,
305 718 443 801 Repleti
460 739 576 784 sumus
593 739 692 783 mane
709 722 937 786 misericordia
953 732 1021 796 tua,
1033 723 1170 804 quando
1182 722 1286 786 Filius
1299 733 1375 786 tuus
1388 723 1443 786 die
1455 723 1554 787 tertia

197 824 375 886 amortuis
392 824 585 888 resurrexit.
604 825 648 886 Et
665 825 743 906 quia
759 827 800 888 ad
819 845 992 908 vesperam
1010 845 1070 908 pro
1095 837 1210 890 nostra
1237 827 1305 890 vita
1336 828 1369 889 in
1399 827 1553 890 tenebras

198 929 315 992 mortis
331 927 517 1004 descendit,
534 939 569 991 ut
587 949 647 992 nos
663 930 705 991 ad
731 928 839 992 lucem
865 929 1066 992 matutinam
1093 931 1299 1007 extraheret,
1322 951 1361 993 ea
1385 931 1467 994 hora
1492 951 1552 994 nos

147 1055 159 1108 5
197 1031 441 1113 plenitudinem
460 1043 537 1096 tuae
554 1034 1060 1115 misericordiaecognoscimus.
1091 1033 1192 1098 Unde
1220 1035 1396 1099 vicesimus
1425 1037 1551 1118 primus

196 1134 345 1217 psalmus
373 1137 436 1200 hoc
454 1136 552 1199 titulo
579 1147 819 1218 praenotatur:
836 1139 923 1200 ‘Pro
946 1138 1177 1221 assumptione
1197 1140 1394 1202 matutina'.
1412 1138 1554 1220 Semper

197 1241 331 1324 quidem
349 1251 407 1303 tua
425 1241 652 1304 misericordia
669 1244 826 1323 apparuit
842 1245 967 1306 sanctis
983 1265 991 1321 ;
1007 1245 1065 1305 sed
1083 1263 1268 1325 numquam
1287 1254 1357 1306 tam
1373 1242 1549 1307 manifeste

195 1357 227 1408 et
244 1356 313 1408 tam
331 1345 430 1427 plene
445 1344 551 1409 effusa
568 1355 627 1422 est,
643 1365 744 1428 quam
762 1348 900 1428 quando
923 1349 1118 1428 redemptor
1133 1347 1283 1410 omnium
1303 1367 1363 1429 pro
1379 1348 1550 1410 communi

196 1449 303 1512 salute
325 1451 514 1513 resurrexit.
531 1449 579 1512 Et
591 1450 815 1513 exultavimus
829 1461 860 1514 et
873 1451 1024 1515 delectati
1042 1471 1165 1514 sumus.
1195 1453 1275 1514 Post
1301 1451 1551 1514 resurrectionis

48 1569 64 1590 ⁴
147 1575 178 1614 ιο
196 1552 358 1616 laetitiam
389 1553 528 1616 Domini
555 1556 668 1629 nostri,
691 1576 757 1636 qua
785 1575 846 1618 nos
871 1567 904 1618 et
930 1559 1124 1637 redemptos
1147 1565 1181 1618 er
1209 1566 1449 1619 resurrecturos
1477 1576 1551 1618 esse

194 1657 260 1719 iam
277 1659 455 1732 credimus,
472 1658 606 1740 reliquis
619 1660 706 1723 vitae
720 1671 854 1723 nostrae
867 1660 984 1723 diebus
997 1660 1185 1738 gaudentes
1200 1661 1230 1722 in
1244 1659 1307 1722 hac
1320 1658 1442 1722 fiducia
1455 1659 1549 1722 exul-

194 1769 359 1836 tamus,et
377 1761 513 1843 hymnis
537 1763 743 1845 canticisque
770 1764 999 1846 spiritualibus
1028 1764 1103 1827 Deo
1131 1763 1303 1827 reddimus
1331 1761 1465 1825 laudem
1492 1783 1550 1843 per

199 1863 306 1928 lesum
325 1865 496 1930 Christum
516 1867 702 1930 Dominum
719 1877 870 1932 nostrum
887 1891 894 1930 :
911 1869 964 1930 cui
983 1877 1035 1932 est
1051 1867 1159 1949 gloria
1181 1869 1213 1930 in
1242 1865 1377 1930 saecula
1401 1866 1550 1930 saeculo·

195 1989 276 2034 rum.
296 1969 415 2033 Amen.

145 2179 174 2232 „
650 2133 725 2206 ns
759 2133 982 2206 PSALMO
1011 2133 1092 2206 xe.

239 2287 327 2348 Laus
341 2286 458 2348 cantici
478 2297 540 2366 :pst
557 2285 678 2348 David
699 2285 775 2348 Hoc
801 2287 945 2367 primum
970 2286 1053 2348 scire
1077 2285 1250 2360 debemus,
1274 2285 1364 2366 quod
1389 2285 1432 2348 ab
1455 2293 1548 2348 octo-

192 2392 322 2473 gesimo
348 2401 472 2453 octavo
497 2409 603 2470 usque
630 2391 672 2452 ad
704 2391 935 2466 centesimum,
968 2389 1031 2453 hoc
1057 2399 1118 2464 est,
1143 2389 1298 2451 undecim
1332 2387 1480 2470 psalmos
1515 2387 1547 2448 in

193 2496 338 2559 hebraeo
354 2494 489 2557 titulum
507 2513 572 2556 non
591 2494 712 2557 habere
729 2517 736 2572 ;
751 2504 786 2559 et
802 2515 870 2570 eos,
885 2495 971 2557 sicut
989 2497 1021 2556 in
1050 2494 1213 2576 superiori
1238 2493 1370 2574 psalmo
1393 2491 1548 2573 proxime

192 2599 420 2672 tractavimus,
435 2598 477 2661 ad
505 2599 662 2661 eumdem
691 2599 865 2679 pertinere,
892 2599 934 2660 ad
960 2617 1060 2680 quem
1088 2596 1232 2679 pertinet
1260 2606 1294 2659 et
1321 2596 1377 2658 ille
1398 2597 1455 2677 qui
1483 2596 1546 2658 hoc

139 2735 174 2770 20
192 2701 292 2767 titulo
308 2711 545 2784 praenotatur:
562 2707 568 2731 ¹
586 2701 703 2764 Oratio
723 2703 833 2782 Moysi
855 2702 1001 2766 hominis
1019 2702 1082 2764 Dei
1096 2702 1113 2768 ¹.

224 2921 238 2970 3
250 2925 265 2956 a
278 2913 349 2957 ruorl.
364 2906 474 2967 rerum]
486 2907 537 2956 LM
551 2924 557 2964 ;
570 2922 666 2956 resurr.
680 2922 696 2953 a
708 2913 779 2954 morl.
795 2907 851 2956 OV.
928 2907 964 2956 E!
975 2906 1049 2970 quia]
1062 2906 1109 2955 OV
1122 2923 1129 2964 ;
1142 2906 1178 2953 E!
1189 2906 1237 2968 qui
1248 2905 1309 2953 Lll.
1386 2905 1414 2950 r'n
1426 2901 1549 2962 tenebras]

192 2991 243 3038 Lu
257 3007 263 3048 ;
277 2989 422 3038 intenebris
435 2989 491 3038 OV.
592 2989 929 3049 4luccmmatulinarrr]L;
947 2990 1099 3038 stratheren:
1113 2987 1199 3038 MOV.
1301 2983 1494 3049 5tuaemt'srr.]
1509 2983 1547 3040 L;

191 3074 274 3121 miser.
288 3079 346 3118 tuae
360 3071 446 3120 MOV.
546 3071 897 3131 vicerimus]vr'cesrr'musV;
917 3072 1090 3120 eltrr'crsr'mus
1103 3069 1132 3118 L.
1234 3068 1368 3130 osumus]
1388 3066 1465 3116 MOV
1486 3065 1545 3115 add.

190 3162 213 3202 rt
230 3161 316 3202 cetera.
422 3167 451 3201 10
470 3161 493 3202 et
511 3153 654 3217 redemptos]
675 3153 745 3211 LM:
766 3153 814 3202 OV
835 3169 885 3202 orn.
907 3161 937 3202 el.
1043 3165 1069 3215 15
1093 3161 1136 3199 DE
1146 3151 1337 3212 PSALMOXC]
1358 3151 1397 3199 Ex
1417 3164 1469 3199 uno
1488 3148 1544 3198 cod.

190 3234 403 3295 Laurentiano,in
410 3253 462 3300 quo
470 3237 629 3285 solummodo
638 3235 793 3285 inscribitur:
806 3237 911 3284 LXXX
911 3237 945 3286 X.
955 3236 1024 3285 Prior
1033 3236 1064 3286 de
1072 3237 1121 3286 hoe
1128 3236 1225 3299 psalmo
1235 3242 1355 3284 tractatus
1364 3240 1445 3283 exstat
1456 3242 1473 3282 t.
1485 3231 1546 3289 111²,

190 3335 234 3384 pp.
258 3331 302 3381 113
323 3335 378 3384 sqq.
484 3319 511 3367 18
531 3321 595 3366 sicut
613 3319 653 3380 in]
671 3318 778 3382 scripsi:
797 3319 872 3366 sicuti
891 3317 920 3366 L.
1025 3318 1242 3380 19lractavr'ntus]
1253 3318 1417 3367 tractabimus
1428 3317 1457 3365 L.

232 3492 257 3547 6.
275 3484 435 3566 nralulina]
451 3489 495 3546 Ps.
516 3508 561 3559 21,
579 3507 601 3545 1.
619 3487 665 3548 cf.
679 3489 841 3549 Commcn·
893 3487 1072 3563 principium
1089 3499 1134 3546 est
1150 3487 1277 3544 Doun'ne
1292 3485 1436 3562 refugium
1445 3486 1548 3558 sactus

190 3570 284 3631 tariol.
301 3591 347 3646 32·
365 3573 390 3627 8.
892 3589 920 3628 cs
929 3571 1119 3644 erudiensque
1130 3569 1169 3628 ad
1179 3569 1408 3645 nonagesimum
1422 3585 1545 3638 nonum,

236 3656 279 3713 16.
303 3653 339 3712 ab
361 3652 522 3728 octogesimo
541 3646 650 3730 octavo]
681 3653 749 3709 Hoc
776 3651 841 3726 ipso
892 3651 943 3724 qui
960 3649 1130 3709 inscribitur
1140 3650 1279 3709 Psalmus
1293 3651 1324 3709 in
1335 3648 1542 3722 consessione...

190 3733 304 3793 scilicet
333 3735 413 3792 haud
442 3734 649 3804 adnumerato,
679 3732 756 3791 sicut
785 3750 841 3790 nec
892 3733 970 3792 hanc
985 3732 1119 3791 habente
1140 3731 1287 3808 scriptura
1302 3743 1405 3789 sancta
1421 3749 1546 3788 consue-

190 3817 283 3875 altero
296 3815 430 3874 termino.
440 3817 583 3876 Ceterum
596 3814 766 3873 audiendus
777 3813 841 3889 ipse
893 3813 1039 3884 tudinem,
1056 3826 1089 3872 ut
1104 3833 1210 3872 omnes
1237 3813 1354 3888 psalmi,
1380 3811 1433 3888 qui
1459 3809 1545 3869 cuius

192 3898 408 3973 Hieronymus,
436 3895 486 3955 ubi
513 3898 625 3956 Contra
642 3895 743 3955 Rufin.
762 3895 785 3966 Ι,
806 3913 840 3969 13
892 3895 951 3955 sint
967 3895 1069 3953 titulos
1085 3913 1145 3954 non
1159 3894 1280 3965 habent,
1292 3893 1337 3950 his
1352 3894 1543 3969 deputentur,

190 3981 266 4038 haec
289 3981 327 4038 de
349 3979 481 4054 Origene
504 3977 638 4036 adserit:
663 3977 842 4052 ‘Octogesb
893 3995 1022 4054 quorum
1046 3975 1077 4034 in
1104 3974 1251 4049 prioribus
1273 3973 1394 4050 psalmis
1421 3971 1544 4033 nomina

191 4080 273 4119 mum
304 4079 425 4136 quoque
454 4077 568 4118 nonum
601 4059 759 4134 psalmum,
789 4056 840 4132 qui
892 4057 1086 4119 continentur
1098 4059 1112 4114 '.
1127 4059 1265 4118 Eandem
1278 4055 1452 4131 opinionem
1466 4074 1545 4114 reco-

189 4141 329 4201 scribitur
346 4141 450 4201 Orati)
470 4139 573 4212 Moysi
581 4140 705 4198 hominis
723 4139 789 4208 Dcr',
812 4150 841 4196 et
893 4140 966 4217 quit,
985 4139 1108 4196 Praefat.
1124 4141 1296 4200 Comment.
1308 4137 1338 4196 in
1353 4137 1544 4197 Malachiam:

190 4225 321 4300 reliquos
337 4223 488 4293 undecim,
504 4221 557 4297 qui
573 4241 632 4280 non
649 4221 759 4279 habent
775 4223 842 4278 titu·
894 4223 1057 4297 ‘Tempus
1086 4239 1209 4296 quoque
1241 4220 1405 4294 titulusque
1436 4237 1544 4277 conve-

190 4308 246 4379 los,
274 4306 442 4365 secundum
480 4302 578 4362 Hiulli
612 4301 840 4377 expositionem,
894 4302 1096 4378 niuntzquod
1112 4313 1140 4360 et
1156 4302 1186 4362 in
1202 4301 1476 4380 psalmisdiximus,
1492 4297 1543 4374 qui

190 4389 327 4448 eiusdem
345 4384 445 4463 Moysi
461 4385 691 4462 putat’3Epist.
724 4404 786 4455 140,
812 4402 839 4442 n.
894 4386 995 4444 titulos
1011 4403 1071 4442 non
1088 4384 1209 4456 habent,
1222 4403 1326 4443 eorum
1342 4401 1407 4442 esse
1421 4383 1543 4441 creden-

193 4493 207 4529 2
228 4478 234 4503 ‘
251 4471 321 4528 Nun
337 4471 436 4528 solum
458 4466 546 4526 nobis
567 4465 701 4542 quinque
722 4466 840 4542 reliquit
894 4469 959 4540 dos,
975 4484 1104 4542 quorum
1121 4465 1233 4543 priores
1249 4463 1353 4542 psalmi
1370 4461 1542 4524 nominibus

190 4554 282 4614 libros
292 4549 479 4628 (Moysesl...
497 4550 550 4608 sed
564 4546 704 4608 undecim
718 4567 841 4624 quoque
894 4545 1060 4625 praenotati
1075 4559 1143 4606 sunt
1159 4548 1174 4610 ’.

191 4638 333 4716 psalmos,
362 4633 401 4692 ab
425 4630 611 4709 octogesimo
635 4649 725 4701 non0,
755 4630 841 4689 cuius
936 4623 1198 4705 20.Dei]Ps.89,
1218 4649 1241 4688 1.
