4202 5492
491 423 569 504 140
861 423 889 481 S.
919 420 1174 481 HIERONYMI
1197 417 1461 480 PRESBYTERI

484 650 601 726 gentes
618 643 650 705 in
664 641 803 705 circuitu
817 638 1001 715 subiecerit,
1013 647 1046 702 et
1062 638 1095 700 in
1109 657 1203 702 suam
1222 637 1384 721 redegerit
1398 645 1609 719 potestatem.
1623 637 1700 702 Hoc
1713 639 1842 704 interim

485 748 668 812 secundum
695 746 850 820 litteram,
866 753 903 807 ut
932 742 1166 824 intellegamus
1193 743 1255 806 hoc
1281 742 1403 806 modo:
1432 740 1583 805 Psalmus
1612 741 1721 805 David
1746 763 1842 826 quem

486 852 606 917 cecinit
640 851 800 927 Domino,
822 849 959 932 quando
992 847 1089 911 victis
1120 847 1315 911 adversariis
1348 845 1493 909 reddidit
1528 855 1632 908 terrae
1663 865 1753 923 suae,
1782 847 1843 910 hoc

487 963 537 1021 est
580 957 723 1020 Iudaeae
761 973 887 1035 pacem.
920 951 997 1014 Hoc
1034 952 1217 1015 secundum
1255 951 1436 1015 historiam.
1469 947 1625 1013 Ceterum
1663 950 1691 1012 si
1734 951 1842 1015 David

486 1059 721 1140 interpretatur
749 1053 841 1117 tortis
872 1072 983 1128 manu,
1013 1051 1107 1115 fortis
1135 1059 1248 1114 autern
1280 1069 1381 1115 manu
1411 1071 1511 1115 nemo
1540 1061 1601 1128 est,
1627 1052 1690 1115 nisi
1718 1053 1843 1138 illequi
1876 1075 1890 1130 5

486 1161 565 1225 vicit
581 1179 697 1224 omnes
718 1166 845 1242 gentes,
860 1165 973 1219 noster
990 1154 1110 1232 David,
1126 1154 1169 1218 ad
1186 1172 1284 1237 quem
1302 1154 1493 1221 clamabant
1516 1157 1719 1222 daemones:
1735 1156 1841 1241 ‘Quid

483 1265 603 1330 venisti
634 1274 787 1346 torquere
818 1281 879 1324 nos
909 1268 987 1322 ante
1018 1271 1161 1341 tempus,
1193 1258 1237 1321 fili
1271 1259 1423 1323 Davidi’
1454 1260 1516 1324 iste
1547 1260 1696 1342 psalmus
1726 1263 1769 1327 ab
1802 1285 1842 1328 eo

484 1367 677 1449 conpositus
694 1375 754 1440 est,
774 1363 910 1445 quando
925 1361 1111 1425 constituta
1126 1369 1177 1424 est
1192 1361 1262 1424 eius
1280 1369 1374 1424 terra.
1394 1361 1437 1426 Et
1452 1365 1585 1448 egregie
1601 1365 1690 1430 dixit
1709 1377 1842 1430 sanctus

484 1473 665 1555 presbyter,
680 1469 837 1552 quoniam
855 1478 941 1532 terra
959 1466 1023 1528 ista
1039 1485 1124 1547 quae
1136 1465 1356 1542 constituitur,
1367 1485 1506 1549 corpora
1522 1477 1635 1532 nostra
1650 1480 1737 1535 sunt.
1754 1471 1841 1535 Vere

484 1579 573 1642 enirn
590 1597 630 1638 eo
655 1584 805 1655 tempore
821 1571 983 1636 debemus
1010 1579 1144 1632 cantare
1162 1569 1245 1646 Deo,
1261 1571 1397 1651 quando
1417 1581 1504 1635 terra
1531 1582 1644 1636 nostra
1664 1576 1840 1657 conposita
1861 1601 1892 1639 ro

484 1692 544 1748 est.
561 1681 724 1744 Dicamus
737 1687 848 1740 autem
866 1695 927 1738 nos
942 1683 976 1737 et
988 1673 1082 1737 aliter
1098 1694 1105 1750 ;
1122 1674 1289 1738 nonenim
1307 1685 1414 1751 nocet,
1426 1675 1453 1737 si
1469 1677 1610 1740 eandem
1627 1697 1696 1742 rem
1708 1678 1840 1743 duobus

484 1793 517 1848 et
537 1784 642 1847 tribus
660 1781 767 1844 modis
794 1779 1032 1860 intellegamus.
1051 1775 1220 1858 Scriptum
1240 1786 1289 1841 est
1320 1779 1408 1841 enirn
1434 1779 1467 1842 in
1485 1780 1687 1847 Salomone:
1704 1787 1712 1814 ‘
1728 1783 1839 1848 Adsu-

485 1907 564 1962 nres,
580 1885 696 1967 inquit,
712 1904 751 1947 ea
778 1883 811 1946 in
828 1881 941 1946 tabula
958 1881 1067 1945 cordis
1089 1881 1136 1945 tui
1160 1880 1360 1962 tripliciter.’
1382 1881 1458 1946 Non
1475 1895 1573 1948 nocet
1590 1886 1756 1950 diversum
1781 1888 1840 1951 ali·

484 1989 564 2070 quid
591 1989 710 2065 dicere,
730 2007 805 2051 cum
823 2007 890 2051 uno
913 1986 1029 2068 spiritu
1055 1985 1183 2050 dicitur.
1213 1982 1350 2061 Quando
1374 1996 1463 2052 terro
1489 1989 1559 2052 eius
1584 1992 1759 2055 constituta
1785 2002 1840 2056 est.

485 2093 587 2156 Terra
603 2093 667 2155 ista
682 2101 862 2173 antequam
888 2090 996 2153 David
1015 2100 1127 2153 noster
1142 2109 1259 2152 omnes
1286 2091 1440 2170 vinceret,
1458 2113 1522 2156 non
1540 2094 1686 2159 habebat
1714 2116 1839 2178 pacem,
1861 2119 1890 2176 ις

484 2197 541 2259 sed
559 2195 682 2278 ubique
696 2202 768 2258 erat
783 2194 957 2258 discordia.
981 2192 1061 2256 Alia
1075 2212 1158 2274 gens
1174 2192 1304 2256 colebat
1323 2193 1448 2272 Iouem,
1464 2197 1529 2270 alia
1548 2198 1759 2277 Mercurium,
1776 2201 1840 2263 alia

487 2302 659 2378 Iunonem,
675 2311 708 2364 et
724 2319 841 2363 omnes
857 2307 974 2380 gentes
989 2298 1121 2362 diversa
1138 2295 1227 2360 idola
1244 2297 1419 2365 trabebant.
1432 2301 1604 2366 Vexillum
1619 2304 1723 2368 crucis
1734 2305 1839 2370 eleva-

485 2414 555 2466 tum
573 2413 633 2477 est,
648 2411 683 2467 et
698 2403 807 2465 omnis
824 2413 910 2466 terra
926 2402 1109 2465 constituta
1124 2411 1184 2466 cst.

528 2506 691 2569 Dominus
719 2505 878 2588 regiravit,
897 2507 1016 2568 exrrltet
1039 2514 1136 2569 terra.
1154 2504 1317 2570 Universa
1345 2517 1440 2586 terra,
1466 2518 1500 2574 et
1526 2512 1635 2575 omnis
1662 2514 1762 2592 orbis,
1784 2517 1839 2598 qui

486 2612 707 2676 daemonibus
732 2623 765 2675 et
792 2611 890 2674 idolis
915 2610 1019 2672 tuerat
1044 2619 1123 2673 ante
1144 2610 1321 2688 subiectus,
1338 2612 1487 2676 Domino
1507 2624 1668 2697 regnante
1692 2617 1840 2682 laetetur.
1859 2645 1891 2683 ro

485 2714 650 2779 Dominus
674 2713 832 2798 regnauit.
851 2715 1016 2777 Dominus
1040 2714 1179 2778 Creator
1194 2713 1250 2794 qui
1270 2735 1329 2779 vos
1355 2714 1442 2794 lecit,
1458 2717 1528 2800 ipse
1552 2721 1759 2803 regnavito
1783 2742 1841 2786 vos

486 2818 542 2900 qui
569 2827 647 2881 ante
673 2818 812 2882 subiecti
838 2818 937 2880 eratis
964 2816 1027 2879 sub
1057 2816 1195 2880 domino
1220 2818 1365 2895 diabulo,
1393 2840 1480 2883 nunc
1506 2823 1646 2887 subiecti
1674 2825 1754 2888 estis
1781 2827 1843 2891 sub

488 2921 636 2986 Domino
650 2921 817 2988 Creatore.
828 2921 1009 2984 Laetantur
1019 2920 1144 2983 insulae
1155 2922 1273 2984 multae
1286 2922 1370 2986 bene
1382 2925 1470 2988 dixit
1482 2925 1524 2988 de
1536 2927 1711 2990 animabus
1725 2931 1844 2993 nostris

488 3037 623 3091 sanctus
640 3027 823 3108 presbyter,
843 3045 929 3107 quae
945 3025 1043 3087 variis
1070 3023 1328 3106 cogitationibus
1344 3029 1438 3109 quasi
1456 3029 1553 3092 variis
1578 3030 1748 3096 hincinde
1770 3043 1842 3097 tun·

486 3133 611 3194 duntur
626 3131 790 3194 fluctibus.
808 3131 879 3194 Nos
896 3138 1008 3192 autem
1025 3127 1175 3191 dicamus
1192 3138 1225 3192 et
1242 3129 1364 3194 insulas
1380 3131 1543 3198 ecclesias.
1561 3134 1843 3217 Deniqucdicitur
1860 3165 1890 3220 ²5

487 3246 521 3299 et
537 3236 569 3297 in
581 3235 647 3298 alio
659 3235 732 3298 loco
746 3234 1028 3299 :‘Convertentur
1040 3232 1082 3296 ad
1100 3253 1153 3296 me
1164 3232 1289 3296 insulae
1303 3235 1434 3300 multae.
1448 3234 1578 3301 'Vultis
1590 3239 1672 3301 scire
1684 3243 1841 3322 quoniam

488 3339 615 3402 insulae
631 3338 785 3402 dicantur
808 3337 989 3402 ecclesiae?
1007 3337 1143 3400 Dictum
1160 3347 1210 3401 est
1227 3339 1258 3400 in
1277 3338 1440 3419 propheta
1465 3359 1509 3402 ex
1526 3360 1666 3422 persona
1684 3341 1843 3408 Domini:

487 3443 667 3525 ‘Loquere
683 3443 799 3524 inquit,
815 3441 1057 3504 habitatoribus
1081 3440 1207 3504 insulae
1232 3441 1356 3506 huius.’
1373 3442 1552 3506 laetentur
1567 3443 1692 3508 insulae
1715 3447 1844 3512 urultoe.

494 3671 497 3680 .
521 3632 648 3683 8sauctus
657 3632 793 3696 presbyter]
814 3631 903 3689 ABG;
922 3637 1022 3680 sanctur
1033 3631 1154 3694 proptera
1166 3629 1206 3689 C;
1226 3630 1329 3694 quritoru
1350 3629 1374 3698 β,
1388 3631 1440 3680 Pin
1448 3648 1549 3692 rasurn;
1568 3635 1666 3698 quentin
1676 3634 1705 3684 ‘il
1720 3641 1806 3684 mutat.
1821 3633 1844 3684 in

488 3716 604 3780 quondm
616 3731 666 3765 orn.
682 3715 707 3764 S.
809 3727 826 3775 9
836 3729 900 3778 quae
910 3707 1083 3768 coristitru'tur]
1094 3728 1157 3776 quae
1168 3714 1313 3761 restituitur
1325 3711 1340 3778 β
1350 3733 1358 3772 ;
1375 3717 1507 3764 conutituta
1520 3716 1551 3766 G.
1656 3730 1684 3780 13
1697 3714 1735 3776 ra]
1745 3733 1800 3766 eam
1812 3717 1844 3766 G.

491 3810 521 3862 15
534 3799 628 3859 ourrrrr]
641 3797 682 3846 BC
697 3797 755 3846 add.
767 3805 860 3857 ,tritten
962 3808 988 3843 at
1004 3797 1051 3858 qui
1061 3795 1112 3855 vos]
1129 3797 1177 3859 qui
1187 3810 1229 3843 nos
1242 3793 1257 3861 β
1270 3813 1276 3854 3
1294 3797 1389 3859 an'uur
1402 3798 1429 3846 B.
1531 3811 1563 3849 22
1574 3799 1618 3848 sui
1628 3801 1728 3850 ‹tourirro
1738 3800 1846 3861 orando]

489 3883 534 3930 suh
545 3881 656 3930 dominio
667 3879 760 3928 dr'oboli
772 3876 827 3945 (ill.
923 3891 954 3938 24
965 3884 1064 3926 sanctus
1071 3877 1207 3941 presbyter]
1219 3878 1321 3941 puidam
1333 3895 1368 3928 scr
1374 3881 1424 3942 pbr
1435 3880 1452 3930 S
1464 3897 1470 3938 ;
1482 3896 1531 3930 om.
1548 3878 1601 3948 βΗ.
1691 3881 1848 3942 tunduntur]

489 3963 631 4012 torutuutur
640 3962 661 4011 C
673 3977 736 4012 corr.

531 4149 557 4208 5.
574 4127 882 4205 r'rrtrrpretoturs'rutr's
898 4123 1000 4206 rrranu]
1018 4125 1143 4186 Hieron.
1198 4145 1258 4186 ron.
1276 4147 1322 4204 ep.
1343 4149 1407 4200 120,
1424 4147 1447 4186 c.
1470 4148 1503 4185 12
1533 4129 1737 4206 ‘Praecipltur
1762 4127 1847 4188 nobis

491 4212 520 4270 in
538 4215 574 4271 ls.
594 4210 642 4270 tib.
665 4228 697 4286 17
716 4209 778 4268 init.
798 4210 883 4268 ‘Iste
899 4226 971 4284 puer
992 4207 1044 4283 qui
1060 4208 1145 4266 inter·
1197 4207 1359 4269 Salomone
1369 4211 1507 4268 dicente:
1527 4212 1571 4268 Tu
1581 4219 1676 4268 auteur
1687 4211 1807 4269 describe
1816 4229 1847 4266 co

492 4303 622 4371 pretatur
627 4293 829 4369 sortisurnnu,
840 4289 869 4348 in
883 4287 932 4348 die
944 4308 1002 4363 qua
1013 4289 1144 4348 liberavit
1197 4291 1386 4366 tripliciter...
1418 4291 1538 4366 Triplex
1566 4291 1595 4350 in
1625 4293 1716 4350 corde
1749 4303 1848 4351 nostro

490 4395 558 4434 eum
587 4374 736 4432 Dominus
761 4373 800 4432 de
826 4389 915 4430 manu
942 4371 1090 4442 Saul...’;
1115 4369 1143 4428 in
1197 4371 1357 4448 descriptio
1372 4385 1400 4433 et
1416 4374 1517 4449 regula
1542 4375 1752 4450 scripturarum
1774 4389 1817 4432 est
1832 4373 1845 4429 '.

491 4458 558 4517 Ose.
578 4475 606 4531 3,
622 4475 641 4528 4
660 4475 701 4530 sq.
721 4458 772 4514 ‘et
800 4452 898 4511 David
923 4471 1021 4528 regern
1047 4471 1144 4525 suum,
1240 4456 1285 4512 26.
1303 4451 1446 4534 ruuttoe]?

491 4537 579 4614 qui...
599 4535 806 4612 interpretatur
811 4534 905 4611 sortis
920 4535 1032 4591 rrrunu'
1048 4544 1103 4592 etc.
1240 4538 1283 4593 28.
1302 4533 1402 4615 liuius]
1425 4535 1470 4596 Ct.
1496 4535 1534 4594 Ie.
1560 4555 1605 4608 ao,
1633 4539 1650 4594 6
1681 4537 1742 4594 ‘Et
1771 4535 1848 4596 dicet

535 4638 559 4694 7.
578 4619 684 4675 David
693 4615 716 4696 t]
734 4618 840 4675 Mattlr.
859 4619 886 4688 8,
905 4635 950 4692 29.
1197 4615 1344 4675 habitator
1369 4617 1422 4693 (gr.
1441 4618 1543 4691 ἐροῦσιν
1555 4621 1579 4674 ol
1591 4619 1789 4696 κατοικοῦντες)
1811 4617 1849 4675 irt-

536 4721 546 4758 ι
553 4720 578 4776 3.
596 4696 760 4780 tripliciter]
785 4700 870 4758 Prov.
889 4717 935 4770 22,
955 4717 1000 4754 20.
1021 4729 1055 4739 -
1073 4695 1143 4755 Hie·
1196 4699 1277 4757 sulae
1292 4697 1379 4757 huius
1394 4701 1408 4757 '.
