4202 5492
446 401 500 504 58
827 428 854 485 s.
880 428 1133 488 urnxoumu
1156 431 1447 490 Pnnsavrnnr‘

449 639 551 705 habet
565 640 664 706 flores
690 640 869 724 plurimos:
885 643 961 706 bine
984 664 1057 708 rosa
1074 644 1179 721 rubet,
1206 646 1284 710 inde'
1308 645 1453 710 candent
1469 642 1545 723 lilia,
1560 639 1800 710 diversi'flores

450 755 535 810 sunt.
552 745 678 810 Anima
694 753 807 810 nostra
831 745 896 810 huc
912 745 1056 830 illucque
1071 748 1221 825 trahitur,
1238 749 1325 812 unde
1351 747 1449 812 flores
1464 748 1667 831 pulchriores
1682 749 1801 831 capiat.

451 849 487 916 Si
505 869 613 914 rosam
630 849 829 933 colligimus,
844 849 948 915 lilium
966 851 1182 935 relinquimus
1197 874 1205 932 ;
1220 853 1248 916 si
1264 852 1368 916 lilium
1385 849 1567 928 tulerimus,
1582 850 1691 914 violae
1706 848 1803 914 nobis

449 963 636 1036 supersunt.
653 954 707 1019 lta
724 961 757 1019 et
782 954 815 1018 in
840 955 1089 1038 septuagesimo
1109 957 1254 1039 septimo
1269 955 1408 1039 psalmo,
1431 953 1488 1037 qui
1505 953 1666 1036 mysticus
1692 963 1743 1018 est
1769 962 1803 1017 et

449 1057 666 1123 sacramentis
691 1059 841 1141 plurimis
866 1058 1044 1138 involutus,
1059 1073 1306 1143 quamcumque
1330 1058 1501 1140 aspexeris
1527 1058 1683 1135 litteram,
1706 1056 1803 1121 ilores
1839 1083 1853 1136 5

449 1172 537 1240 sunt,
553 1161 649 1226 flores
665 1161 795 1240 diversi,
810 1169 843 1227 et
860 1182 926 1226 non
945 1183 1122 1245 possumus
1135 1173 1224 1228 totos
1239 1161 1369 1256 eligere.
1387 1162 1562 1244 Eligamus
1578 1161 1691 1227 autein
1704 1159 1804 1227 omne

449 1267 538 1349 quod
563 1285 762 1348 possumus:
778 1286 822 1331 ex
839 1267 953 1349 paucis
969 1277 1082 1350 potest
1096 1277 1130 1332 et
1153 1275 1263 1333 cetera
1279 1267 1396 1332 florum
1413 1266 1560 1349 dignitas
1576 1267 1806 1349 contemplari.

492 1371 676 1435 Intellectus
690 1370 816 1456 Asaple.
836 1373 912 1438 Hoc
938 1371 1038 1437 titulo
1053 1382 1278 1456 praenotatur.
1295 1372 1372 1456 Ipse
1398 1391 1458 1434 nos
1475 1370 1600 1434 titulus·
1617 1372 1660 1434 ad
1677 1367 1805 1435 intelle·

449 1475 597 1557 gentiam
627 1485 795 1558 provocat.
811 1475 930 1560 Asapb
947 1495 1033 1542 unus
1053 1477 1116 1541 suit
1142 1478 1186 1541 de
1209 1473 1501 1552 chorodidascalis,
1515 1475 1601 1539 sicut
1624 1473 1756 1540 luerunt
1773 1485 1806 1540 et

447 1579 506 1660 filii
531 1580 649 1658 Chore,
664 1594 698 1644 et
722 1579 870 1659 ldithun,
884 1592 918 1645 et
933 1582 1041 1646 ceteri.
1060 1581 1153 1664 Ergo
1168 1581 1211 1645 de
1233 1581 1352 1646 ceteris
1374 1577 1657 1642 chorodidascalis
1683 1588 1716 1643 et
1745 1579 1806 1642 iste
1827 1605 1856 1642 ro

451 1704 536 1750 unus
551 1693 602 1749 est
617 1685 790 1768 propheta.
806 1683 896 1768 Quia
912 1702 992 1766 ergo
1007 1685 1194 1750 intellectus
1209 1693 1261 1750 est
1277 1683 1432 1766 simplex,
1447 1691 1481 1744 et
1496 1680 1679 1764 inpsalmo
1693 1702 1802 1746 narra·
1823 1686 1830 1698 '

450 1798 504 1854 tur
519 1787 676 1853 historia:
693 1789 891 1852 necessitate
903 1788 1124 1870 conpellimur
1138 1807 1249 1865 omne,
1264 1785 1528 1871 quodscriptum
1545 1794 1605 1864 est,
1622 1786 1804 1851 secundum

451 1891 713 1976 intellegentiam
738 1890 939 1975 intellegere.
956 1891 1125 1974 Scriptum
1153 1901 1205 1958 est
1220 1891 1263 1956 Iu
1278 1901 1368 1956 terra
1386 1889 1534 1972 Aegypti,
1560 1889 1722 1973 inrumpo
1743 1891 1774 1954 T
1770 1911 1805 1954 α-

452 2018 546 2062 neos:
571 1995 747 2080 interrupit
767 2016 866 2074 mare,
889 2006 920 2059 et
945 1995 1059 2060 eduxit
1081 2017 1154 2060 eos:
1177 1995 1296 2060 statuit
1321 2015 1426 2076 aquas
1439 1994 1539 2077 quasi
1561 1994 1596 2058 iu
1623 2003 1753 2059 utrem:
1777 2003 1808 2058 et

451 2099 565 2164 eduxit
588 2120 639 2164 eos
662 2097 696 2164 in
724 2097 804 2164 nube
824 2099 899 2176 diei,
922 2109 954 2164 et
976 2108 1043 2164 tota
1070 2109 1156 2164 nocte
1180 2099 1215 2164 in
1240 2097 1491 2163 inluminatione
1517 2097 1606 2182 ignis
1631 2108 1664 2164 et
1689 2109 1806 2164 cetera
1827 2123 1856 2177 ις

452 2204 617 2269 Videmus
643 2203 722 2285 quia
746 2201 891 2285 simplex
908 2214 1060 2269 narratur
1084 2203 1229 2269 historia.
1257 2202 1295 2272 Si
1322 2222 1402 2285 ergo
1417 2202 1464 2266 sic
1492 2193 1754 2267 intellexerimus
1770 2213 1807 2268 ut

453 2309 612 2392 scriptum
628 2317 689 2384 est,
701 2308 773 2372 sine
788 2326 888 2372 causa
904 2306 1021 2372 titulus
1044 2315 1260 2389 praenotatus
1276 2315 1326 2370 est
1341 2310 1350 2339 ⁶
1369 2305 1562 2370 intellectus
1578 2305 1697 2388 Asaph
1713 2305 1729 2369 ¹.
1746 2305 1806 2371 Sin

453 2422 565 2480 autem
581 2410 844 2476 intellexerimus
861 2416 898 2473 ut
912 2409 1029 2474 titulus
1039 2419 1263 2493 praenotatur,
1276 2410 1473 2475 necessitate
1482 2409 1702 2492 conpellimur
1717 2412 1807 2476 aliud

454 2516 487 2578 in
504 2515 613 2580 littera
629 2515 760 2591 habere,
776 2514 866 2578 aliud
883 2515 915 2578 in
931 2515 1048 2599 spiritu
1065 2517 1228 2599 reperire.
1328 2521 1332 2528 '
1650 2517 1654 2526 '

496 2621 528 2683 Α
532 2619 676 2684 dtendr'te
690 2617 831 2702 populus
845 2638 934 2683 meus
948 2621 1047 2702 legem
1063 2639 1177 2698 meam,
1193 2617 1348 2684 inclinate
1361 2638 1477 2683 aurem
1501 2627 1644 2682 vestrum
1661 2618 1696 2682 iu
1711 2618 1809 2683 verba
1828 2648 1861 2685 ιο

453 2723 521 2787 oris
540 2723 609 2788 mei.
626 2723 786 2805 Aperiam
803 2723 837 2786 in
856 2724 1025 2807 parabolis
1047 2745 1083 2789 os
1106 2744 1221 2802 mum,
1236 2723 1370 2806 eloquar
1385 2721 1618 2805 propositiones
1640 2723 1682 2786 ab
1707 2723 1810 2788 initio.

454 2828 588 2893 Videtis
604 2829 683 2910 quia
702 2826 788 2891 bene
813 2847 912 2910 supra
938 2827 1165 2910 scriptumest
1189 2825 1409 2891 ‘Intellectus
1426 2827 1545 2909 Asaph
1570 2826 1585 2893 ’.
1606 2827 1761 2911 Denique
1777 2840 1810 2892 et

455 2933 526 3016 ipsa
543 2932 719 3015 prophetia
745 2932 792 2995 sic
808 2931 945 3014 incipit:
969 2929 1157 2994 Adtendite
1174 2929 1317 3012 populus
1344 2949 1437 2993 meus
1453 2927 1561 3013 legem
1579 2949 1688 2996 meam
1709 2954 1715 2994 :
1743 2951 1809 2995 non

457 3023 703 3118 Moysi'legem,
729 3036 787 3098 sed
805 3033 913 3117 legem
942 3053 1061 3097 meam.
1078 3030 1238 3096 Inclinato
1260 3051 1375 3096 aurem
1402 3043 1545 3097 vestram
1570 3033 1605 3098 ia
1622 3035 1721 3098 verba
1743 3035 1811 3100 oris

456 3136 527 3202 mei.
547 3138 623 3202 Hoc
639 3145 698 3214 est,
716 3137 806 3220 quod
819 3137 900 3201 dicit
916 3135 949 3200 in
965 3135 1141 3219 evangelio
1155 3135 1242 3220 ‘Qui
1254 3136 1357 3200 habet
1372 3157 1467 3201 aures
1483 3138 1651 3216 audiendi,
1666 3140 1781 3205 audiat
1794 3139 1810 3206 ¹.
1829 3168 1860 3221 25

458 3239 613 3326 Apertam
636 3239 670 3303 iu
679 3239 894 3324 parabolisos
909 3261 1015 3305 meum
1026 3262 1038 3305 .·
1055 3241 1148 3304 vobis
1163 3241 1311 3323 aperiam
1329 3242 1417 3324 quod
1437 3239 1570 3305 ludaeis
1585 3241 1734 3307 clausum
1752 3254 1812 3322 est,

441 3343 551 3410 uobis
578 3344 725 3427 aperiam
751 3345 783 3408 in
812 3345 979 3428 parabolis
1005 3365 1043 3408 os
1071 3364 1192 3410 meum.
1217 3345 1293 3409 ‘Et
1318 3347 1390 3410 sine
1412 3345 1581 3428 parabola,
1601 3346 1719 3430 inquit,
1743 3368 1810 3413 non

458 3447 656 3532 loquebatur
668 3447 714 3518 eis
727 3447 749 3526 '3
765 3448 936 3532 discipulis
948 3459 1061 3516 autern
1078 3449 1146 3512 suis
1157 3457 1284 3514 secreto
1296 3448 1448 3514 solvebat
1460 3450 1642 3532 parabolas.
1653 3452 1812 3534 Aperiam

458 3553 493 3617 in
508 3552 682 3636 parabolis
696 3573 731 3615 os
746 3573 853 3616 meum
864 3576 876 3616 :
895 3553 984 3636 quod
1001 3553 1066 3617 illis
1091 3552 1123 3616 in
1151 3551 1318 3636 parabolis
1337 3552 1456 3636 loquor
1481 3551 1569 3631 foris,
1585 3555 1679 3619 vobis
1695 3556 1811 3620 intrin-

458 3676 551 3720 secus
578 3657 734 3740 aperiam.
759 3655 909 3738 Eloquar
923 3653 1156 3739 propositiones
1180 3655 1222 3719 ab
1249 3655 1353 3721 initio.
1380 3657 1445 3720 Pro
1469 3656 1753 3742 propositionibus
1777 3657 1809 3720 in
1830 3692 1862 3743 30

457 3759 614 3825 hebraico
640 3757 741 3824 habet
769 3760 985 3843 ‘aenigmata
1001 3759 1017 3826 '.
1045 3759 1138 3842 Ergo
1164 3779 1274 3837 omne,
1298 3761 1388 3844 quod
1416 3759 1545 3838 dicitur,
1570 3761 1727 3843 aenigma
1753 3772 1813 3827 est.

491 3957 662 4021 3colligr'mus]
672 3954 784 4006 tollimus
795 3953 848 4006 SG.
949 3948 1055 4010 bomne]
1067 3959 1145 4004 totum
1155 3953 1187 4004 G.
1283 3949 1433 4012 8lroc]luic
1444 3955 1476 4006 A.
1571 3955 1811 4019 9clorodr'dascalls]

457 4038 527 4089 choro
539 4039 715 4104 irrugistroeum
727 4037 755 4088 S.
842 4035 871 4086 18
883 4051 920 4100 sq.
933 4035 1008 4086 aliud
1016 4039 1046 4084 ln
1056 4036 1074 4088 l.
1086 4035 1111 4087 h.
1121 4053 1144 4085 a.
1159 4036 1207 4088 us.
1218 4037 1336 4102 reperire]
1346 4053 1417 4088 omne
1427 4037 1494 4102 quod
1501 4037 1622 4102 scriptum
1632 4029 1668 4087 est
1677 4039 1811 4090 reundum

458 4121 651 4186 intellegentium
662 4120 801 4183 intellegere
812 4118 881 4168 AllC
894 4127 972 4182 repet.
984 4135 1014 4168 ex
1026 4119 1069 4168 lin.
1087 4131 1116 4168 12
1128 4134 1211 4184 supra.
1295 4131 1328 4168 20
1333 4120 1452 4184 populus]
1461 4121 1566 4184 papulae
1579 4120 1612 4170 G.
1696 4133 1724 4170 αι
1736 4128 1811 4186 para*

457 4204 525 4266 bolis]
539 4201 614 4270 βΑὸς
627 4202 760 4268 parabulis
767 4201 791 4250 G
799 4217 807 4261 3
813 4199 934 4264 parabola
942 4201 977 4274 C·;
986 4201 1130 4264 parabolam
1139 4201 1167 4250 Β.
1179 4201 1276 4252 Graeca
1289 4199 1400 4266 psalterii
1411 4203 1565 4269 exemplaria
1573 4203 1688 4254 similiter
1698 4204 1811 4254 variant:

457 4276 483 4332 ἐν
495 4281 660 4350 παραβολαῖς
672 4281 754 4332 Vatic.
769 4274 795 4330 ἐν
807 4279 951 4351 παραβολῇ
964 4279 1033 4334 5ἱη“.
1100 4277 1210 4348 eloquar]
1224 4281 1304 4344 Bes,
1321 4291 1344 4332 et
1354 4287 1445 4348 loquar
1456 4282 1487 4352 β;
1504 4287 1594 4351 loquar
1603 4286 1636 4336 G.
1705 4299 1736 4350 23
1749 4285 1814 4351 ipso]

458 4362 537 4432 pseu
554 4365 584 4415 iu
604 4365 658 4429 ipsu
676 4363 720 4414 BC
731 4380 740 4423 ς
760 4363 811 4427 ipse
830 4364 862 4412 A.
959 4361 1100 4430 prophetia]
1115 4365 1272 4430 prophetiam
1292 4367 1325 4416 A.
1425 4363 1569 4424 Adtendite]
1587 4369 1611 4418 G
1632 4369 1689 4418 edd.
1712 4369 1748 4418 ad
1764 4385 1810 4420 me.

457 4466 524 4499 urens
535 4448 620 4514 legem]
631 4449 736 4500 meusiu
747 4449 821 4513 legem
833 4449 865 4499 G.
967 4447 999 4496 26
1010 4442 1134 4503 clausum]
1142 4448 1238 4496 clusum
1250 4447 1283 4498 G.

499 4641 514 4680 2
520 4637 545 4697 5.
557 4615 676 4699 auditu]
693 4619 763 4678 Luc.
782 4620 809 4690 8,
827 4621 852 4676 8.
1192 4611 1809 4695 31.lrabet‘aemgnrato']Psalt.iuxtahebr.

472 4747 475 4756 .
500 4707 544 4761 28.
555 4699 607 4782 eis]
619 4704 711 4760 Marc.
729 4721 755 4772 4,
768 4719 813 4776 34.
1161 4697 1284 4754 Hieron.
1314 4699 1322 4729 ‘
1338 4697 1441 4772 loquar
1465 4699 1633 4773 aenigmata
1655 4698 1779 4776 antiqua
1793 4701 1811 4759 ’.
