4160 5500
635 779 1196 1002 PRAEFATIO.

349 1356 546 1420 Hieronymi
569 1357 730 1416 opuscula
754 1355 855 1406 huius
873 1359 955 1407 tomi
975 1359 1128 1420 partibus
1146 1360 1181 1410 11
1200 1362 1232 1410 et
1252 1360 1302 1410 111
1321 1362 1484 1412 contenta.

297 1551 322 1624 Ι.
355 1550 433 1625 Res
451 1549 604 1646 quidem
626 1567 848 1646 tempusque
867 1575 926 1623 me
944 1553 1144 1635 adducunt,
1162 1570 1201 1626 ut
1221 1551 1257 1626 in
1276 1551 1494 1626 emittendis
1514 1569 1595 1627 tan-

241 1671 329 1742 dem
360 1665 561 1764 aliquando
598 1666 821 1764 Hieronymi
858 1669 1078 1744 tractatibus
1109 1695 1175 1744 seu
1212 1667 1374 1744 homiliis
1402 1686 1596 1765 postremo

241 1785 398 1884 repertis
417 1809 545 1880 pauca,
566 1809 662 1881 quae
680 1802 790 1858 erunt
819 1787 1038 1874 necessaria,
1058 1812 1169 1885 quarn
1190 1786 1415 1861 brevissime
1432 1811 1475 1860 ac
1494 1787 1598 1862 velut

242 1903 371 2002 primis
398 1899 507 1975 lineis
536 1919 667 1976 notare
687 1902 777 1976 satis
797 1901 955 1978 habeam
971 1932 979 1993 ;
997 1929 1081 1978 cum
1106 1929 1197 2002 vero
1215 1921 1254 1978 et
1274 1904 1457 1979 eiusmodi
1477 1905 1598 1980 brevi-

243 2041 300 2096 tas
320 2019 604 2096 Anecdotorum
632 2045 800 2095 meorum
828 2022 998 2117 adprime
1025 2021 1225 2096 conveniat
1244 2021 1390 2108 rationi,
1424 2039 1462 2098 et
1480 2022 1598 2120 getni-

246 2163 331 2212 nam
350 2138 398 2213 de
417 2137 655 2233 Hieronymo
669 2138 933 2213 concionatore
947 2137 1022 2214 iam
1039 2139 1397 2218 commentationem
1416 2139 1598 2216 ediderim

247 2276 358 2332 antea
378 2255 437 2356 (¹),
459 2255 559 2352 quod
578 2255 638 2331 hic
656 2256 790 2331 deesse
810 2257 991 2342 videatur,
1015 2259 1077 2332 vix
1097 2282 1213 2358 aegre
1232 2257 1323 2333 lero.

301 2374 491 2470 imprimis
507 2371 610 2461 libet,
631 2399 728 2472 quae
747 2401 795 2450 ex
814 2375 860 2448 D.
882 2375 1108 2472 Hieronymi
1122 2375 1311 2474 opusculis
1325 2375 1478 2450 huiusce
1498 2377 1598 2452 tertii

248 2492 447 2568 voluminis
485 2492 650 2588 partibus
687 2516 715 2566 11
752 2511 789 2568 et
826 2517 869 2567 111
905 2495 1153 2580 continentur,
1188 2518 1255 2592 per
1289 2519 1435 2568 summa
1471 2496 1594 2592 capita

248 2635 555 2686 commemorare.
581 2611 690 2685 Haec
708 2611 806 2686 enim
826 2638 832 2686 :

304 2743 340 2804 1⁰
368 2730 568 2804 Tractatus
616 2752 724 2802 Lvuu
763 2729 800 2803 in
839 2728 972 2804 librum
1013 2730 1255 2816 Psalmorum,
1288 2753 1447 2826 quorum
1482 2731 1600 2804 maior

246 2849 368 2944 portio
395 2848 431 2920 in
463 2846 654 2920 Breviario
685 2845 901 2943 apocrypho
930 2847 1046 2923 multa
1073 2873 1140 2947 per
1163 2846 1312 2921 saecula
1333 2845 1480 2944 sepulta
1506 2865 1597 2932 erat,

244 2963 422 3040 adulteris
443 2965 629 3039 mercibus
648 2965 827 3052 immixta,
849 2965 1014 3064 reliquae
1042 2991 1133 3042 vero
1152 2965 1364 3060 particulae,
1386 2989 1534 3062 eaeque
1552 2967 1599 3038 ad

244 3081 532 3158 delectationem
568 3081 716 3158 lectoris
751 3083 980 3179 aptissimae,
1002 3085 1169 3159 nondum
1205 3082 1240 3154 in
1284 3079 1366 3158 luce
1403 3079 1605 3158 collocatae

247 3202 406 3276 fuerant.

302 3333 343 3394 20
368 3319 569 3394 Tractatus
594 3341 619 3390 x
642 3316 678 3390 in
702 3317 820 3390 Marci
844 3317 1107 3416 Evangelium,
1128 3321 1191 3417 qui
1210 3319 1306 3394 inter
1332 3316 1464 3392 silvam
1485 3316 1604 3393 homi·

248 3437 381 3511 liarum
401 3437 598 3511 latinarum
620 3435 667 3508 D.
693 3433 850 3508 Iohanni
872 3434 1147 3532 Chrysostomo
1162 3435 1256 3510 salso
1274 3435 1548 3533 adscriptarum
1570 3437 1606 3508 in

248 3554 413 3652 antiquis
432 3553 662 3628 editionibus
680 3551 802 3626 adhuc
822 3551 999 3629 latebant.

303 3685 344 3766 30
373 3673 544 3770 Itemque
562 3671 693 3745 decem
722 3668 782 3743 alii
810 3672 857 3744 de
880 3673 991 3745 variis
1019 3673 1261 3771 argumentis,
1287 3691 1325 3746 et
1345 3673 1412 3770 ipsi
1433 3672 1608 3746 densissi-

249 3791 322 3866 mis
349 3788 611 3888 Chrysostomi
628 3788 882 3886 Augustinive
907 3789 1175 3887 appendicibus
1204 3789 1397 3889 hucusque
1440 3787 1607 3876 admixti,

247 3930 362 4006 atque
394 3907 547 4007 insuper
577 3907 690 3982 etiam
721 3905 1044 4003 interpolamentis
1075 3905 1134 3981 vel
1172 3905 1282 3982 foeda
1318 3907 1609 3983 detruncatione

248 4026 449 4102 deformati
469 4025 529 4125 (²).

288 4303 309 4341 1.
329 4303 343 4343 (
355 4293 402 4342 Les
413 4299 571 4342 nunumems
582 4293 611 4342 de
622 4292 648 4341 la
656 4293 813 4358 prc‘dt'catr'on
824 4292 853 4342 de
861 4289 1059 4356 saintJlrdme)
1073 4293 1169 4352 (Revue
1181 4290 1310 4340 d‘histoire
1323 4296 1347 4340 et
1356 4291 1386 4339 de
1400 4287 1544 4340 littlralure
1551 4287 1610 4338 reli·

246 4367 354 4430 giemus,
368 4375 386 4415 t.
402 4367 423 4426 1,
440 4365 510 4428 1896,
524 4381 568 4430 pp.
582 4367 709 4428 393·434l.
727 4393 756 4402 -
767 4375 782 4416 t
793 4367 915 4426 Quatme
926 4379 1061 4414 mvcaux
1071 4365 1182 4414 discours
1195 4363 1287 4414 r‘uddris
1293 4365 1322 4413 de
1330 4365 1399 4413 saint
1404 4361 1506 4428 Jlrdme
1512 4375 1560 4410 sur
1580 4360 1611 4409 les

252 4440 399 4491 Psaumes)
422 4439 520 4500 (Renue
531 4439 702 4499 Benldt'ctinq
717 4451 733 4490 t.
749 4440 823 4498 xlx,
839 4451 910 4500 1902,
924 4453 950 4488 n.
965 4451 988 4498 2,
1003 4441 1178 4503 pp.tt3·t44).

286 4525 310 4563 2.
324 4513 355 4564 in
366 4529 472 4564 numero
483 4529 534 4564 oon
546 4514 611 4564 duco
624 4515 778 4576 Fragmenta
789 4515 818 4560 de
829 4513 893 4562 libro
905 4512 1087 4571 Numerorum,
1102 4528 1129 4575 p.
1141 4525 1190 4573 419
1203 4528 1253 4578 sq„
1266 4511 1362 4577 quippe
1373 4527 1439 4577 quae
1449 4527 1479 4560 ex
1494 4507 1612 4573 Origeois

250 4602 268 4636 a
289 4587 383 4638 Rufino
402 4589 525 4639 uanslnta
541 4587 567 4637 in
586 4588 667 4638 Iudic
682 4587 787 4636 homilia
800 4599 854 4636 viu
872 4585 923 4636 sint
941 4595 1071 4653 excerpta,
1089 4585 1168 4636 veluti
1185 4599 1234 4637 nec
1252 4586 1413 4638 tractatulnm
1426 4586 1459 4636 de
1472 4583 1572 4635 Pulmo
1585 4593 1610 4642 t,

251 4675 279 4726 p.
292 4671 378 4724 421-3,
390 4663 423 4713 de
434 4662 505 4713 cuius
516 4671 619 4713 auctore
630 4659 733 4712 difficile
745 4661 867 4711 iudicium
880 4659 988 4710 videtur.

303 4776 418 4819 enectos·
428 4777 584 4819 Maredsolans
593 4775 638 4820 111.
652 4789 670 4826 ³·
1539 4770 1555 4809 ll
