4202 5492
602 433 856 495 TRACTATUS
880 435 937 494 DE
960 433 1128 496 PSALMO
1149 435 1261 496 xcvt.
1541 431 1611 514 141

264 653 447 738 Quomodo
465 655 554 718 enim
574 651 702 716 insulae
718 653 751 716 in
769 652 880 717 medio
896 651 979 718 mari
994 651 1124 735 positae
1140 660 1227 730 sunt,
1242 651 1288 716 sic
1303 659 1337 715 et
1352 649 1510 714 ecclesiae
1525 649 1619 732 quasi

262 759 293 822 in
321 759 432 823 medio
462 759 543 823 mari
571 756 693 822 saeculi
711 756 804 820 istius
829 757 958 838 positae
983 766 1071 834 sunt,
1087 765 1121 820 et
1144 757 1191 819 ita
1217 753 1501 839 persecutionibus
1524 753 1619 836 quasi

260 863 401 928 diversis
425 863 612 929 tunduntur
641 860 805 926 fluctibus.
821 861 947 926 Verum
969 861 1052 925 istae
1067 860 1195 925 insulae
1211 863 1397 926 tunduntur
1411 859 1543 937 cotidie,
1559 861 1616 922 sed

261 988 327 1032 non
340 968 553 1032 subruuntur.
563 967 602 1030 In
616 965 699 1030 mari
714 966 849 1048 quidem
866 974 953 1042 sunt,
963 965 1020 1029 sed
1038 963 1163 1030 habent
1179 965 1434 1029 fundamentum
1450 963 1617 1046 Xpistum,

228 1073 315 1156 squi
334 1072 458 1137 moveri
471 1092 537 1136 non
554 1080 673 1154 potest.

305 1175 419 1240 Nubes
433 1186 464 1240 et
484 1174 588 1259 calrgro
604 1175 638 1238 in
653 1173 790 1238 circuitu
805 1173 881 1238 eius.
898 1174 977 1238 Duo
993 1183 1070 1238 sunt
1086 1174 1118 1237 in
1146 1173 1282 1237 circuitu
1301 1173 1448 1250 Domini,
1464 1173 1568 1237 nubes
1584 1183 1618 1237 ct

261 1281 377 1364 caligo
395 1281 471 1364 Ego
495 1290 578 1362 puto
605 1278 727 1343 nubem
755 1280 852 1342 istam
882 1297 963 1356 esse,
986 1280 1029 1342 de
1052 1299 1120 1362 qua
1146 1277 1267 1342 dicitur
1294 1278 1326 1340 in
1344 1277 1536 1360 evangelio:
1553 1278 1617 1341 ‘Et

260 1386 400 1468 operuit,
416 1384 532 1467 inquit,
548 1403 605 1446 eos
633 1383 718 1446 nubs
736 1381 847 1446 lucida
859 1381 885 1446 ':
912 1401 953 1446 eo
969 1391 1120 1464 tempore
1135 1384 1272 1465 quando
1296 1382 1550 1448 transformatus
1567 1392 1618 1447 est

261 1491 440 1568 Dominus,
459 1498 493 1553 et
519 1487 663 1571 apostoli
680 1485 878 1564 ceciderunt,
894 1495 927 1550 et
955 1488 1086 1569 operuit
1102 1507 1159 1550 eos
1187 1487 1272 1551 nubs
1300 1485 1417 1552 lucida.
1435 1488 1510 1570 Ego
1534 1498 1616 1570 puto

213 1615 243 1654 ιο
260 1595 339 1660 istas
364 1613 437 1658 esse
465 1593 578 1672 nubes,
605 1593 724 1676 quibus
752 1591 924 1656 mandavit
951 1590 1119 1654 Dominus
1147 1610 1189 1656 ne
1215 1593 1333 1674 pluant
1359 1612 1458 1676 super
1490 1591 1615 1656 Israhel

259 1699 408 1764 imbrem.
420 1700 496 1781 Ego
511 1708 594 1782 puto
610 1697 690 1760 istas
701 1715 774 1759 esse
790 1694 903 1772 nubes,
914 1696 957 1760 de
973 1695 1093 1778 quibus
1106 1695 1139 1759 in
1152 1695 1218 1759 alio
1231 1696 1305 1761 loco
1316 1696 1471 1762 dicitur:‘
1484 1697 1616 1760 Veritas

259 1815 317 1868 tua
333 1823 437 1886 usque
453 1802 496 1866 ad
512 1801 617 1866 nubes
630 1801 658 1865 ':
680 1801 801 1864 veritas
819 1799 957 1864 Domini
975 1799 1039 1876 illa,
1054 1819 1141 1882 quac
1156 1800 1237 1864 dicit
1253 1801 1286 1863 in
1303 1802 1499 1884 evangelio:
1521 1801 1617 1884 ‘Ego

259 1927 333 1972 sum
349 1908 402 1971 via
418 1917 452 1971 et
468 1905 589 1970 veritas
602 1914 635 1969 et
650 1902 744 1969 vita.'
757 1903 892 1967 Veritas
910 1903 973 1967 Dei
987 1903 1128 1984 Xpistus
1144 1913 1203 1968 est.
1216 1903 1350 1968 Veritas
1365 1905 1502 1970 Domini
1514 1925 1619 1988 usque

260 2014 302 2078 ad
328 2011 441 2076 nubes.
469 2011 585 2074 Nubes
612 2007 755 2091 apostoli
783 2018 861 2071 sunt
887 2016 921 2071 et
943 2006 1150 2091 prophetac;
1174 2008 1247 2072 istis
1273 2009 1469 2074 mandatum
1502 2019 1617 2073 estne

213 2137 241 2192 ις
261 2117 378 2199 pluant
401 2135 500 2200 super
518 2113 643 2178 Israhel
660 2113 811 2178 imbrem.
831 2111 885 2175 Ex
909 2131 977 2195 quo
1004 2111 1093 2176 enim
1109 2114 1293 2177 secundum
1318 2113 1502 2191 historiam,
1525 2114 1615 2197 quod

260 2221 490 2304 scriptumest
515 2219 546 2282 in
574 2218 659 2282 libro
681 2217 844 2294 ludicum,
859 2215 964 2280 vellus
991 2215 1072 2280 illud
1090 2217 1251 2280 siccatum
1268 2228 1327 2294 est,
1347 2218 1460 2302 pluvia
1487 2218 1520 2282 in
1546 2217 1616 2282 uni·

260 2344 354 2388 verso
369 2325 449 2388 orbe
464 2323 627 2386 discurrit.
644 2319 744 2403 Quod
761 2321 890 2396 dicitur,
905 2318 968 2383 hoc
984 2330 1054 2385 est:
1080 2319 1205 2385 Israhel
1222 2321 1365 2387 siccatus
1381 2331 1440 2400 est,
1456 2333 1489 2388 et
1505 2321 1618 2406 pluvia

260 2448 359 2510 super
373 2446 507 2491 omnem
525 2426 639 2492 orbem
656 2424 817 2489 discurrit.
834 2423 946 2488 Nubes
959 2433 992 2488 ct
1011 2424 1114 2506 calago
1135 2424 1321 2494 incircuitu
1336 2429 1414 2494 eius.
1432 2431 1619 2495 ‘Dominus

260 2531 399 2596 venitin
421 2529 619 2614 Aegyptum
641 2549 741 2612 super
766 2530 889 2592 nubem
916 2529 1032 2594 levem.
1049 2529 1056 2556 '
1072 2530 1196 2597 Videte
1222 2535 1302 2618 quid
1328 2535 1428 2600 dicat.
1451 2535 1619 2599 Dominus

210 2663 244 2701 ao
260 2638 359 2713 venit,
381 2635 548 2700 Dominus
568 2644 669 2718 alque
686 2634 851 2711 Salvator,
865 2633 898 2697 in
915 2632 1113 2717 Aegyptum
1143 2635 1251 2709 istam,
1268 2635 1301 2698 in
1323 2655 1388 2720 qua
1405 2656 1466 2700 nos
1482 2655 1619 2700 sumus:

260 2739 419 2806 inlocum
445 2739 667 2815 tenebrarum,
683 2738 739 2802 ubi
758 2738 866 2802 Farao
893 2748 952 2814 est,
968 2738 1136 2802 Dominus
1160 2738 1260 2803 venit.
1279 2739 1355 2803 Non
1379 2740 1471 2808 venit
1497 2739 1559 2802 nisi
1585 2740 1616 2802 in

260 2844 347 2909 nube
364 2843 436 2908 levi.
464 2842 561 2907 Nubs
578 2842 641 2906 ista
669 2841 750 2905 levis
777 2845 954 2924 quaeest?
975 2842 1119 2906 Videtur
1145 2843 1224 2907 mihi
1253 2853 1369 2907 sancta
1395 2843 1502 2906 Maria
1527 2843 1618 2908 nullo

260 2947 407 3012 humano
422 2948 549 3011 semine
577 2954 801 3028 praegravata.
821 2946 889 3009 lsta
903 2943 987 3008 nubs
1004 2945 1084 3008 levis
1101 2946 1192 3010 venit
1216 2947 1250 3009 in
1267 2948 1439 3023 mundum,
1455 2955 1488 3010 et
1506 2967 1617 3011 secum

292 3120 334 3180 67
348 3119 407 3168 Duo
417 3125 478 3167 scen!
531 3117 654 3182 etcalr‘go]
671 3133 721 3166 om.
737 3115 815 3184 pilu.
884 3115 984 3177 Souis]
1002 3116 1195 3178 Cconstanler;
1214 3119 1289 3167 num
1301 3117 1317 3184 β
1330 3126 1353 3168 el
1366 3117 1450 3168 celeri.
1521 3130 1547 3168 11
1562 3118 1620 3180 loco]

259 3215 309 3249 om.
323 3199 354 3249 C.
440 3211 468 3262 13
479 3201 606 3248 alacritas
617 3207 639 3247 el
650 3195 714 3256 vr'ta]
725 3201 812 3247 clvila
823 3204 847 3246 et
858 3199 950 3246 veritos
963 3199 988 3248 S.
1077 3211 1106 3260 14
1118 3198 1213 3260 Nubes]
1226 3209 1284 3250 ante
1296 3202 1400 3264 aposloli
1411 3199 1446 3267 βὸ
1457 3217 1464 3258 ;
1477 3215 1527 3249 non
1540 3211 1617 3264 repet.

260 3282 344 3332 ceteri.
433 3282 461 3332 16
472 3283 552 3331 uellus
563 3281 630 3330 illud
639 3280 768 3341 siccatum]
779 3281 857 3329 vellus
869 3280 912 3328 ille
922 3279 1025 3328 siccatus
1038 3280 1083 3330 CG
1096 3297 1103 3340 3
1116 3283 1187 3330 velles
1199 3284 1241 3332 illc
1252 3284 1356 3331 siccatus
1369 3284 1388 3331 P
1399 3300 1463 3333 corr.
1551 3295 1580 3344 19
1591 3283 1622 3332 r'n

260 3363 411 3428 Aegyptum]
424 3364 452 3412 r'n
464 3362 635 3427 AegyprG.
737 3374 769 3410 20
781 3357 865 3419 istam]
881 3362 958 3410 istum
971 3362 1022 3410 BC.
1125 3363 1227 3427 inqua]
1244 3367 1332 3431 inquo
1346 3367 1374 3416 B.
1476 3377 1503 3414 21
1519 3365 1623 3414 innuba

261 3447 324 3509 levi]
337 3446 366 3495 in
378 3446 441 3495 trube
452 3447 503 3494 leve
516 3446 533 3496 S
545 3462 552 3504 ;
565 3446 594 3494 in
606 3444 695 3492 narbam
707 3443 782 3492 levem
796 3444 827 3492 G.
929 3455 961 3490 22
974 3442 1074 3504 Maria]
1087 3443 1103 3493 S
1116 3443 1189 3492 inser.
1204 3461 1259 3495 esse.

302 3598 327 3655 3.
360 3577 529 3636 tunduntur
547 3573 699 3656 fiuctibus]
733 3575 855 3635 Hieron.
885 3573 915 3633 in
1013 3595 1055 3636 11.
1073 3573 1203 3656 rhrbrcm]
1220 3579 1258 3637 Is.
1276 3594 1303 3653 5,
1320 3580 1347 3636 6.

263 3661 300 3720 Is.
317 3679 365 3732 41,
388 3680 397 3716 r
415 3677 478 3736 sqq.
507 3665 514 3689 ‘
531 3659 652 3730 Gentes,
680 3658 710 3716 ld
733 3669 786 3729 est,
803 3655 916 3716 insulae
1014 3677 1056 3715 ra.
1074 3655 1172 3738 nubes]
1190 3661 1234 3716 Ps.
1253 3677 1300 3735 35,
1317 3662 1343 3717 6.

262 3759 340 3818 quae
376 3739 459 3800 salsis
487 3738 654 3815 amarisque
690 3739 778 3798 huius
806 3737 915 3797 saeculi
1013 3735 1209 3818 13.vr·ta]10.
1233 3760 1274 3812 ¹4·
1292 3744 1319 3799 6.

264 3822 429 3882 tunduntur
444 3821 619 3880 fluctibus...
637 3819 698 3880 sive
720 3819 863 3881 ecclesiae
877 3819 915 3878 de
1013 3824 1057 3879 16.
1073 3817 1220 3900 luditum]
1237 3825 1263 3892 6,
1282 3840 1379 3897 37-40.

263 3902 400 3980 gentibus
410 3913 614 3981 congregatae,
626 3919 703 3978 quac
715 3899 819 3961 mundi
830 3897 917 3959 huius
1071 3904 1103 3961 in
1125 3905 1256 3961 uur'nerso
1277 3899 1353 3983 orbe]
1371 3903 1494 3962 Hieron.
1512 3921 1558 3979 ep.
1576 3903 1623 3977 58,

264 3983 409 4044 sustinent
424 3986 652 4062 tempestates'3
667 3981 697 4042 in
710 3984 747 4042 Is.
763 4003 810 4054 42,
826 4001 836 4039 1
852 4000 915 4057 sqq.
971 4001 999 4041 n.
1018 4002 1034 4058 3
1052 3987 1059 4014 ‘
1076 3986 1239 4060 Postquam
1255 3983 1366 4044 siccato
1393 3986 1524 4044 Iudaeae
1539 3983 1623 4042 velle·

266 4065 317 4124 ‘in
333 4063 483 4142 scripturis
498 4065 685 4143 appellantur
710 4064 832 4134 insulae,
849 4063 919 4139 quia
972 4083 1003 4124 re
1019 4065 1172 4124 universus
1188 4065 1268 4124 orbis
1278 4065 1398 4126 caelesti
1410 4084 1475 4125 rore
1490 4065 1624 4141 perlusns

266 4147 396 4206 exomni
413 4157 494 4224 parte
510 4158 732 4222 persecutorum
747 4143 920 4204 incursioni·
974 4147 1078 4205 est...’

267 4227 320 4288 bus
335 4239 439 4304 patent
454 4229 478 4287 ':
494 4227 564 4288 ibid.
583 4245 631 4302 51,
648 4245 664 4304 5
684 4227 798 4302 ‘Quod
820 4237 920 4286 aulem
1018 4225 1232 4307 19.leuem]1s.
1253 4247 1296 4302 19,
1316 4248 1338 4286 1.

267 4305 392 4382 insulae,
407 4310 454 4369 vel
469 4308 587 4369 animae
611 4321 781 4368 sanctorum
798 4325 875 4383 quae
891 4305 920 4364 ln
1016 4329 1061 4384 23.
1074 4307 1285 4389 praegravata]
1302 4310 1347 4370 Cl.
1364 4329 1452 4386 supra
1468 4328 1493 4386 p.
1509 4313 1557 4385 65,
1567 4309 1585 4367 l.
1597 4312 1623 4380 8,

268 4389 525 4466 persecutionibus
549 4389 652 4449 mundi
677 4388 760 4449 istius
786 4389 869 4447 hnna
890 4387 919 4446 in
973 4403 1000 4449 et
1019 4391 1143 4450 Hieron.
1160 4390 1189 4448 in
1217 4391 1323 4450 Ezech.
1342 4410 1389 4467 32,
1410 4411 1421 4449 1
1440 4409 1503 4467 sqq.
1522 4394 1529 4422 ‘
1545 4390 1626 4448 nube

269 4471 367 4530 Deum
386 4471 530 4531 solidatae
545 4483 614 4531 sunt
629 4472 698 4543 tide,
715 4471 760 4530 vel
785 4467 921 4529 ecclesia·
972 4485 1083 4544 aulem,
1099 4474 1145 4531 vel
1161 4473 1226 4547 ipso
1242 4470 1376 4532 Domino
1398 4474 1557 4542 Salvatore,
1574 4472 1625 4546 qui

268 4569 330 4610 rum
362 4571 398 4612 ex
432 4552 570 4628 gentibus
606 4553 766 4613 multitudo
795 4552 918 4622 dicatur,
972 4553 1128 4613 descendit
1151 4553 1371 4630 inaegyptum
1401 4572 1489 4629 super
1515 4553 1624 4612 nubem

268 4633 369 4692 crebro
385 4633 595 4710 exposuinrus'
610 4649 664 4694 etc.
973 4635 1077 4706 levem,
1095 4635 1176 4694 nullo
1193 4645 1382 4710 peccatorum
1399 4635 1531 4711 pondere
1547 4652 1625 4710 pree-

310 4717 336 4776 8.
351 4711 462 4800 lucilia]
478 4716 588 4776 Matth.
608 4732 652 4794 17,
669 4733 696 4796 5.
970 4728 1140 4796 gravatamJ
1155 4717 1200 4776 vel
1216 4714 1366 4800 prophetis
1381 4729 1409 4776 et
1424 4716 1574 4802 apostolis,
1587 4716 1625 4784 de
