4124 5492
237 426 317 509 vuu]
567 433 938 493 COMMENTARIOLI
969 433 1013 492 IN
1044 433 1241 494 PSALMOS.
1537 435 1582 492 21

235 647 348 757 apud
373 649 596 732 Hebraeos
625 662 830 760 quattuor
850 651 1089 733 litterarum
1109 662 1187 752 est,
1211 650 1294 750 iod,
1314 648 1377 751 he,
1396 678 1491 748 vau,
1512 648 1586 734 he:

160 878 163 882 ,
234 785 350 895 quod
364 787 533 898 proprie
552 787 632 870 Dei
649 787 907 872 vocabulum
923 802 1059 888 sonat,
1078 801 1120 872 et
1141 789 1223 900 legi
1248 800 1388 899 potest
1413 790 1529 887 laha,
1547 801 1589 872 et

238 924 423 1008 Hebraei
460 941 602 1034 ἄρρητον,
627 928 671 1010 id
706 940 772 1010 est
804 927 1017 1010 ineffabile
1052 928 1296 1038 opinantur.
1336 929 1586 1012 Secundum

234 1091 334 1146 vero
363 1063 535 1147 Adonai
567 1066 764 1150 omnium
795 1092 1025 1149 commune
1054 1080 1131 1166 est,
1169 1065 1284 1178 quod
1318 1094 1443 1176 saepe
1473 1081 1514 1150 et
1545 1069 1585 1150 in

196 1201 484 1291 shominibus
514 1205 696 1315 ponitur.
723 1205 841 1311 Quia
859 1206 1007 1289 videbo
1026 1207 1163 1289 caelas
1193 1209 1321 1314 opera
1351 1205 1588 1314 digitorum

231 1347 415 1424 tuarum.
442 1341 529 1449 Qui
549 1342 747 1426 visurum
770 1371 815 1426 se
835 1371 928 1428 esse
950 1345 1174 1455 promittit,
1199 1345 1381 1429 necdum
1405 1345 1448 1427 in
1471 1372 1588 1455 prae-

231 1481 341 1564 senti
363 1481 491 1564 videt.
518 1488 527 1520 ¹
549 1481 720 1566 Videbo
742 1485 761 1584 ',
786 1484 954 1595 inquit:
979 1500 1080 1568 tunc
1100 1487 1214 1570 enim
1232 1487 1360 1569 etiam
1380 1483 1585 1567 rationem

229 1621 372 1728 operis
392 1621 486 1704 eius
516 1649 754 1732 cursusque
784 1651 1054 1734 cognoscam.
1079 1625 1219 1708 Aliter
1237 1624 1356 1708 videt
1375 1623 1587 1734 guberna-

230 1771 298 1839 tor
333 1786 499 1860 navem,
522 1759 644 1843 aliter
665 1762 857 1844 medicus
889 1775 1195 1873 aegrotantem,
1219 1763 1342 1846 aliter
1377 1762 1585 1872 picturam

168 1901 210 1970 'o
229 1898 377 2007 pictor,
414 1927 544 2010 quarn
580 1899 860 2011 inperitorum
898 1902 1026 1985 rudes
1058 1903 1180 1988 oculi.
1214 1902 1459 1985 Minorasti
1490 1927 1587 1984 eam

216 2038 360 2146 paula
388 2039 535 2120 minas
553 2039 608 2121 ab
627 2041 804 2149 angelis.
832 2042 882 2122 ln
906 2040 1086 2124 hebraeo
1108 2068 1184 2151 pro
1204 2067 1255 2124 eo
1276 2039 1392 2149 quod
1413 2051 1479 2122 est
1503 2047 1511 2078 ‘
1532 2038 1587 2120 ab

224 2175 397 2287 angelis
420 2177 440 2276 '‚
463 2176 537 2287 qui
572 2176 776 2261 dicuntur
810 2203 1064 2280 MALACHIM,
1105 2186 1113 2219 ‘
1138 2180 1280 2262 Deum
1304 2181 1310 2208 '
1333 2178 1473 2281 habet,
1507 2177 1587 2261 hoc

225 2327 293 2398 est
307 2339 462 2398 neom.
485 2315 618 2398 Hunc
638 2316 778 2399 locum
792 2319 1015 2428 apostolus
1031 2319 1074 2400 in
1088 2319 1273 2428 epistula
1288 2319 1342 2402 ad
1363 2319 1586 2402 Hebraeos

226 2479 359 2562 super
396 2453 555 2562 Xpisto
591 2456 902 2566 interpretatur.
948 2458 1043 2564 Qai
1061 2462 1380 2567 pertranseant
1406 2459 1589 2540 semitas

178 2622 205 2677 ts
227 2590 378 2673 maras.
406 2590 566 2694 Sancti,
589 2620 700 2703 quos
721 2621 795 2704 per
816 2596 1101 2706 tropologiam
1124 2596 1263 2707 pisces
1282 2596 1480 2706 appellat,
1500 2621 1586 2677 non

225 2737 481 2837 permanent
503 2730 547 2812 in
570 2735 689 2833 mari,
714 2734 788 2816 sed
811 2761 885 2844 per
906 2736 1037 2818 maris
1058 2737 1235 2820 semitas
1256 2749 1492 2819 transeunt.

825 3003 981 3086 Vllll.

281 3224 489 3333 Iafiaem
512 3229 598 3334 pra
618 3227 878 3312 absconditis
895 3232 1005 3340 filii.
1048 3231 1165 3314 Licet
1186 3231 1345 3341 Aquila
1378 3257 1454 3340 pro
1488 3230 1586 3313 absss

221 3363 412 3446 conditis
434 3363 509 3446 filii
539 3363 905 3446 ‘adulescentiam
929 3362 1005 3444 filii
1029 3363 1037 3390 ’
1060 3361 1261 3473 posuerit,
1286 3374 1428 3445 tamen
1451 3361 1585 3444 scien-

173 3503 329 3585 20dum
357 3503 400 3584 in
423 3503 605 3586 hebraeo
635 3502 780 3585 haberi
820 3509 827 3540 ⁴
865 3528 942 3611 pro
975 3512 1110 3584 morte
1144 3499 1219 3582 filii
1254 3501 1272 3583 ’.
1314 3500 1513 3611 Denique
1543 3514 1585 3585 et

223 3643 518 3754 Symmachus
541 3642 587 3723 in
609 3641 723 3723 hunc
746 3640 924 3723 modum
947 3640 1193 3725 transtulit:
1218 3653 1225 3680 ⁴
1245 3642 1328 3722 Pro
1340 3642 1519 3726 victoria
1532 3642 1586 3724 de

223 3794 363 3866 morte
398 3781 474 3863 filii
499 3781 517 3864 ’.
541 3782 682 3865 Totus
721 3780 854 3892 igitur
889 3780 1083 3890 psalmus
1119 3808 1192 3890 per
1214 3780 1498 3893 tropologiam
1529 3780 1583 3863 ad

223 3920 375 4030 Xpisti
394 3919 575 4028 pertinet
593 3930 920 4002 sacramentum.
942 3918 1073 4002 Unde
1089 3931 1131 4002 et
1149 3920 1435 4031 Septuaginta
1457 3919 1584 4003 inter-

222 4071 366 4169 pretes
389 4057 549 4168 Xpisti
572 4057 819 4167 passionem
841 4071 882 4140 et
905 4058 1268 4158 resurrectionem,
1298 4086 1408 4170 quae
1436 4060 1584 4169 ignota

253 4242 460 4307 Scursus1EC3
493 4242 689 4310 cursumAMll.
790 4246 917 4307 9navem]
930 4246 1018 4295 navim
1031 4247 1176 4297 Azmanu.

259 4412 306 4454 12.
314 4391 411 4449 Deum
420 4387 514 4470 habet]
525 4389 695 4450 Psalrerinm
706 4391 786 4450 iuxta
795 4389 876 4450 hebr.
930 4388 959 4448 in
974 4407 1019 4466 ep.
1037 4387 1077 4448 ad
1093 4389 1202 4465 Ephes.
1216 4389 1264 4447 lib.
1279 4406 1296 4464 3
1313 4385 1397 4447 initio
1408 4409 1414 4446 :
1427 4390 1434 4415 ‘
1496 4387 1582 4446 valde

223 4471 413 4548 Hieronymi,
429 4472 474 4530 ed.
500 4475 530 4530 P.
547 4472 586 4531 de
610 4472 743 4548 Lagarde
764 4491 789 4548 p.
820 4492 877 4532 10:
930 4471 1063 4530 eiusdem
1074 4470 1217 4547 epistulae
1232 4469 1367 4546 congruit
1377 4467 1567 4526 sacramentis
1574 4491 1582 4541 3

221 4561 228 4585 ‘
246 4555 371 4614 Minues
385 4571 453 4612 eum
469 4554 558 4630 paulo
572 4552 702 4611 ruinosa
719 4555 785 4613 Deo
800 4555 815 4614 ’.
929 4553 968 4610 de
988 4551 1097 4627 quibus
1119 4563 1147 4610 et
1170 4553 1241 4610 noni
1264 4547 1370 4626 psalmi
1385 4547 1486 4608 titulus
1502 4567 1581 4624 prae-

267 4657 278 4694 ι
286 4655 312 4710 3.
336 4636 368 4773 a}
376 4634 503 4774 ἕίξίἕιζα
517 4633 559 4691 ad
572 4631 813 4797 ιἸιῠναΙεοςψήΊΙ
930 4643 1054 4704 notatur,
1073 4634 1130 4692 Pro
1145 4631 1258 4692 arcanis
1275 4630 1326 4690 filii
1341 4631 1354 4689 ’.

264 4735 344 4776 aaa
401 4725 449 4794 prs
462 4735 472 4774 a
478 4725 508 4794 p.
515 4735 662 4775 sacramen
678 4735 725 4774 am
785 4733 875 4775 teron.
