4154 5494
603 420 859 486 TRACTATUS
882 419 940 478 DE
962 417 1130 480 PSALMO
1152 419 1288 480 cv1111.
1535 428 1613 511 199

269 636 404 720 Virgam
419 637 556 702 virturis
570 647 646 703 lune
659 638 785 703 emilie!
798 636 962 704 Dominus
976 657 1014 698 ex
1031 633 1139 700 Sina*
1154 635 1209 699 Ex
1226 635 1307 701 Sion
1325 638 1413 704 enim
1424 643 1615 723 egredietur

259 742 324 818 lex,
340 752 373 806 et
387 743 525 808 verbum
544 743 681 808 Domini
698 763 743 806 ex
770 739 990 805 Hierusalem.
1007 739 1014 765 '
1030 738 1212 802 Domr'rrnre
1232 740 1267 804 r'n
1288 742 1391 808 medio
1406 745 1614 813 inimicorum

258 857 395 912 monem.
413 847 491 913 Non
507 848 606 923 dixit,
622 844 770 911 interfice
786 844 939 908 inimicos
955 851 1039 908 tuos.
1050 841 1118 909 Sed
1129 844 1235 926 quid?
1252 844 1435 912 Dominare
1451 850 1484 912 in
1500 852 1612 917 medio

258 951 467 1017 inimicorum
496 962 639 1017 tuorum.
658 951 817 1015 Inimicos
844 959 920 1014 tuos
936 946 998 1024 iac,
1013 947 1069 1031 qui
1085 947 1185 1012 alieni
1202 946 1341 1027 fuerant,
1358 952 1406 1016 lui
1434 973 1506 1018 esse
1533 947 1623 1020 inci-⁴

211 1068 236 1121 Δ3
257 1055 359 1138 piant
373 1057 555 1120 Dominare
570 1057 605 1120 in
622 1056 726 1120 medio
740 1053 948 1118 inimicorum
965 1061 1104 1118 tuorrrm.
1121 1051 1253 1116 Inimici
1269 1054 1328 1131 tui,
1339 1055 1382 1119 de
1397 1058 1518 1139 quibus
1534 1060 1611 1123 scri·

258 1169 352 1243 ptum
368 1171 418 1226 est
435 1161 468 1225 in
494 1159 708 1243 sexagesimo
732 1157 876 1240 septimo
900 1155 1047 1237 psalmo:
1073 1155 1231 1238 ‘Lingua
1257 1176 1377 1222 canum
1408 1170 1541 1226 tuorum
1567 1183 1611 1228 ex

258 1256 398 1329 inimicis
414 1266 457 1330 ab
473 1265 547 1349 ipso
562 1264 578 1328 '.
598 1263 657 1327 lsti
685 1269 762 1325 sunt
786 1259 920 1333 inimici,
936 1258 992 1341 qui
1011 1257 1043 1322 in
1061 1256 1171 1322 aliena
1197 1270 1293 1325 erant
1320 1272 1496 1344 potestate
1514 1265 1613 1332 Nunc
1678 1315 1680 1318 -

256 1387 336 1451 ergo
345 1367 408 1432 hoc
421 1376 576 1451 precatur
588 1365 776 1450 psalmista:
788 1363 930 1427 inimicis
943 1361 1009 1428 tuis
1021 1361 1351 1447 dominare,dignare
1360 1387 1432 1432 esse
1443 1369 1611 1436 Dominus

257 1472 465 1537 inimicorum
482 1482 627 1537 tuorum.
1118 1523 1120 1528 ,

206 1591 237 1629 ¹0
305 1575 419 1640 Tecum
427 1575 630 1660 principium
647 1575 682 1638 iu
697 1572 751 1638 die
765 1571 901 1637 virtutis
916 1581 998 1649 tuae,
1009 1572 1044 1635 r'n
1058 1572 1280 1655 splendoribus
1294 1585 1486 1642 sauciorum.
1501 1577 1612 1644 Versi-

254 1680 349 1746 culus
373 1681 533 1745 obscurus
560 1689 619 1745 est.
636 1678 824 1743 Videamus
847 1677 937 1740 diem
962 1676 1093 1740 virtutis
1111 1677 1259 1756 Domini,
1275 1687 1312 1742 ut
1336 1699 1413 1745 cum
1439 1683 1611 1746 scierimus

255 1785 354 1861 diem,
369 1795 449 1848 tunc
464 1786 609 1848 sciamus
624 1779 715 1866 quod
731 1781 775 1844 sit
790 1779 998 1862 principium,
1008 1791 1041 1845 et
1053 1779 1117 1845 hoc
1134 1781 1332 1864 principium
1349 1786 1523 1867 quomodo
1534 1807 1610 1854 cum

256 1907 296 1952 eo
311 1889 355 1952 sit
369 1899 403 1952 et
419 1907 495 1952 cum
513 1907 553 1952 eo
579 1884 693 1964 luerit;
708 1885 879 1968 quomodo
895 1883 958 1949 hoc
986 1885 1095 1967 ipsum
1122 1886 1321 1969 principium
1348 1889 1381 1951 in
1409 1890 1464 1954 die
1481 1891 1613 1956 virtutis

255 1993 325 2058 eius
352 1993 386 2056 in
418 1991 654 2074 splendoribus
683 1997 874 2052 sanctorum
903 1999 964 2054 est.
991 1989 1067 2053 Hoc
1094 2009 1174 2072 ergo
1205 1989 1416 2075 principium,
1443 1995 1532 2077 quod
1562 2004 1611 2058 est

206 2111 330 2168 iseum
357 2096 506 2159 Domino
521 2095 554 2158 in
571 2093 627 2157 die
651 2092 782 2158 virtutis
808 2093 888 2168 eius,
905 2092 980 2156 ideo
1007 2104 1056 2157 est
1084 2109 1160 2158 cum
1185 2093 1345 2173 Domino,
1361 2107 1398 2161 ut
1414 2097 1612 2180 splendeant

254 2201 370 2264 sancti.
391 2198 506 2263 Tecum
513 2197 716 2280 principium
733 2196 767 2259 r'u
782 2196 835 2259 dr'e
849 2197 986 2260 virturis
1001 2202 1102 2262 trene‘
1122 2197 1159 2261 ln
1183 2200 1347 2282 principio
1363 2215 1432 2265 erat
1451 2202 1612 2281 Verbum,

254 2312 288 2368 et
303 2302 454 2368 Verbum
479 2310 549 2366 erat
573 2303 663 2384 apud
691 2301 811 2378 Deum,
827 2311 861 2366 et
887 2301 979 2365 Deus
1004 2310 1074 2365 erat
1092 2301 1251 2366 Verbum.
1271 2303 1347 2374 Hoc
1368 2316 1437 2368 erat
1463 2305 1495 2368 in
1522 2307 1611 2388 prin·

254 2409 344 2491 cipio
365 2408 454 2490 apud
474 2407 583 2470 Deum
600 2406 617 2470 '.
635 2405 733 2468 Pater
758 2403 968 2486 principium,
984 2405 1041 2468 sed
1068 2413 1102 2467 et
1131 2404 1235 2469 Filius
1262 2407 1470 2491 principium.
1487 2409 1611 2474 Princi-

255 2513 347 2596 pium
374 2511 463 2575 enim
488 2509 673 2574 nonhabet
700 2509 914 2591 principium:
930 2509 957 2572 si
985 2509 1073 2573 enim
1105 2508 1259 2574 habuerit
1284 2510 1375 2576 aliud
1401 2513 1613 2597 principium,

205 2631 239 2669 ω
256 2618 321 2680 iam
340 2615 449 2698 ipsum
460 2614 584 2680 desinit
599 2633 672 2677 esse
688 2613 897 2695 principium.
914 2610 1087 2696 Quidquid
1116 2633 1197 2696 ergo
1221 2613 1412 2680 dederimus
1433 2617 1530 2694 Patri,
1546 2616 1611 2682 hoc

255 2719 376 2784 damus
391 2728 424 2783 et
442 2717 589 2784 Filio.'Si
606 2717 695 2782 enirn
714 2717 811 2781 Pater
827 2717 860 2781 in
879 2716 974 2793 Filio,
985 2727 1018 2782 et
1036 2717 1139 2782 Filius
1154 2717 1188 2782 in
1207 2718 1313 2796 Patre,
1324 2731 1357 2784 et
1373 2721 1487 2785 omnia
1501 2722 1609 2786 Patris

257 2823 330 2888 Filii
354 2831 443 2899 sunt,
456 2832 491 2886 et
517 2821 631 2885 omnia
655 2822 730 2886 Filii
757 2821 863 2886 Patris
888 2831 975 2899 sunt,
991 2831 1025 2886 et
1051 2822 1250 2905 principium
1278 2823 1385 2887 Patris
1410 2825 1609 2909 principium

257 2927 331 2992 Filii
348 2936 407 2992 est.
425 2927 517 3010 Ergo
532 2927 622 3009 quod
639 2925 730 3001 dicit,
746 2925 809 2989 hoc
825 2934 891 2989 est:
910 2925 961 2988 Eo
977 2934 1129 3008 tempore
1144 2945 1212 3009 quo
1228 2926 1410 3008 patiebaris
1425 2939 1459 2992 et
1472 2927 1609 2994 dicebas

254 3030 378 3094 ‘Pater
392 3031 425 3094 in
444 3048 562 3093 manus
589 3039 664 3092 tuas
680 3028 881 3093 commendo
897 3027 1050 3111 spiritum
1069 3048 1179 3093 meum
1198 3028 1204 3056 ¹
1224 3040 1259 3094 et
1274 3031 1370 3114 quasi
1395 3032 1438 3096 de
1465 3034 1610 3098 hominis

206 3150 237 3206 ας
255 3132 443 3217 loquebaris
459 3133 602 3210 adiectu,
627 3150 693 3195 non
710 3133 803 3215 quasi
821 3131 982 3196 inbecillis
1007 3133 1158 3215 rogabas.
1175 3134 1303 3200 Tecum
1320 3137 1410 3202 enim
1434 3147 1505 3202 erat
1520 3139 1611 3221 prin-

255 3238 390 3320 cipium,
410 3247 521 3304 tecum
547 3247 617 3300 erat
642 3235 815 3300 divinitas:
840 3236 897 3300 sed
923 3247 1099 3320 propterea
1124 3238 1356 3320 deprecabaris
1383 3241 1558 3319 auxilium,
1574 3251 1610 3308 ut

256 3350 395 3427 accepto
410 3341 539 3407 auxilio
553 3341 650 3406 dares
676 3339 802 3403 sanctis
817 3339 892 3416 tuis,
907 3350 940 3402 et
957 3339 1002 3402 illi
1019 3337 1242 3420 splenderent.
1261 3341 1338 3406 Hoc
1364 3343 1454 3426 quod
1479 3341 1611 3422 dicitur,

256 3447 422 3530 accipiens
437 3446 543 3523 dares,
559 3443 640 3510 nulli
668 3441 862 3506 scandalum
879 3441 993 3506 iaciat:
1008 3443 1193 3507 secundum
1211 3444 1381 3510 hominem
1400 3444 1551 3530 loquitur.
1570 3447 1607 3514 Si

256 3551 344 3614 enim
361 3550 507 3615 hominis
522 3568 642 3632 corpus
658 3547 856 3628 adsumpsit,
867 3565 1000 3608 necesse
1013 3554 1063 3608 est
1077 3555 1114 3608 ut
1126 3555 1159 3610 et
1171 3546 1317 3613 hominis
1328 3549 1429 3614 verba
1441 3550 1609 3634 suscipiat.

206 3675 239 3725 ³0
258 3656 373 3721 Homo
397 3663 448 3719 est
474 3653 625 3735 Xpistus,
640 3661 674 3716 et
698 3671 774 3715 uere
791 3649 978 3716 homoest:
1003 3649 1187 3715 secundum
1205 3651 1476 3735 adsumptionem
1502 3654 1611 3717 carnis

256 3760 405 3825 dicimus.
421 3758 458 3825 Si
474 3777 554 3840 ergo
571 3757 673 3822 homo
688 3766 739 3819 est
765 3756 949 3819 secundum
976 3776 1107 3839 corpus,
1125 3756 1218 3820 vides
1235 3776 1365 3840 corpus,
1379 3768 1414 3822 et
1430 3776 1497 3821 non
1514 3777 1610 3821 scan-

255 3863 423 3928 dalizaris:
440 3872 473 3927 et
489 3861 616 3926 miraris
633 3862 659 3924 si
677 3859 821 3923 hominis
846 3858 955 3923 verbis
983 3859 1148 3942 loquitur?
1165 3860 1201 3927 Si
1226 3871 1340 3925 autem
1357 3870 1392 3925 te
1405 3859 1611 3926 scandalizat

292 4048 301 4085 ι
314 4034 464 4100 egredr'elur]
474 4033 603 4098 egreditur
614 4029 712 4098 βΑΒΟ.
804 4045 822 4092 4
835 4031 952 4081 Insulas
962 4027 1027 4090 lesos]
1038 4031 1102 4082 codd
1115 4051 1123 4092 ;
1135 4031 1238 4083 irrr'mr'ci
1246 4031 1289 4080 irsr'
1300 4029 1324 4098 β.
1415 4032 1475 4097 qui]
1487 4041 1516 4082 ui
1526 4033 1573 4099 qui
1584 4030 1612 4102 β.

258 4119 311 4180 lui]
330 4125 360 4167 ul
370 4117 413 4166 lui
423 4116 446 4165 Α
458 4131 512 4180 sup.
527 4115 580 4174 line
597 4114 677 4164 codex
689 4115 710 4164 C
724 4113 771 4163 boc
789 4114 866 4164 modo
884 4114 960 4164 verba
976 4114 1123 4179 componit:
1137 4115 1256 4164 Inimicus
1275 4115 1390 4179 insessae
1400 4123 1455 4164 tuos
1470 4117 1518 4180 qui
1532 4115 1614 4166 alieni

250 4197 612 4264 sumantlur'erseiurs'pinsrl.
682 4195 734 4256 yob
742 4195 804 4259 ipso]
812 4195 842 4244 al
852 4197 912 4260 sitris
922 4196 952 4246 C.
1021 4193 1219 4254 8hoc]om.BC.
1290 4192 1460 4263 11ιεί]οω.β
1532 4197 1611 4259 ipla-

259 4281 348 4344 lumi]
367 4281 503 4331 holemS.
603 4273 691 4334 uliud]
709 4277 792 4326 ulium
805 4277 832 4328 S.
933 4291 966 4339 24
975 4284 1000 4326 el
1009 4273 1096 4344 quasi]
1116 4277 1291 4346 οοάιΙςβοπι.
1306 4287 1336 4329 ei.
1438 4279 1613 4344 asinlers'llis]

258 4364 356 4413 inbellis
367 4363 419 4413 SG.
519 4355 652 4417 κόπτω]
671 4358 701 4427 βΙ
715 4368 794 4424 repet.
807 4359 883 4408 eninr.
985 4356 1278 4418 submiserimus»
1298 4360 1612 4420 lominemGrlrorrrr'rurn

259 4447 342 4494 omnia
354 4443 382 4496 S.

302 4615 326 4653 a.
342 4587 543 4671 Hierusalem]
559 4565 597 4652 Is.
616 4611 642 4664 a,
659 4609 684 4666 3.
1006 4608 1049 4664 17.
1066 4592 1163 4651 Deum
1193 4593 1237 4654 Io.
1258 4612 1282 4666 r,
1301 4613 1313 4652 1
1330 4614 1374 4672 sq.

302 4692 326 4750 7.
342 4667 466 4752 abipso]
482 4673 528 4733 Ps.
544 4676 592 4749 67,
610 4691 655 4744 ²4·
1004 4691 1049 4745 24.
1067 4690 1159 4731 uuum
1189 4675 1260 4740 Luc,
1277 4681 1388 4752 23,46.
