4202 5492
654 421 912 483 TRACTATUS
936 419 993 478 DE
1015 420 1184 482 PSALMO
1207 423 1345 482 LXXVI.
1623 421 1679 507 55

318 649 494 722 propterea
509 637 663 704 scribitur
678 639 686 670 ‘
703 636 858 719 Abyssus
884 636 1043 718 abyssum
1072 637 1205 704 invocat
1221 639 1254 702 in
1271 659 1353 711 voce
1377 649 1584 704 caractarum
1601 651 1673 704 tua-

320 755 392 806 rum
408 742 435 808 ¹:
451 743 516 806 hoc
531 751 591 820 est,
606 743 675 806 duo
690 751 901 818 testamenta,
918 751 1041 806 novum
1055 752 1089 806 et
1105 753 1208 810 uetus.
1230 743 1446 808 Voxtonitrui
1460 745 1514 809 tui
1527 745 1563 810 in
1579 755 1676 810 rota:

319 866 388 910 vox
400 846 662 929 'praedicationis
678 855 756 910 tuae
769 846 801 912 in
819 857 900 910 rota.
915 847 1094 928 Propterea
1109 846 1246 928 grandis
1256 868 1325 912 vox
1341 848 1471 926 dicitur,
1483 850 1561 932 quia
1576 869 1675 932 gran-

319 951 371 1014 dis
387 959 437 1014 est
453 950 666 1033 praedicatio.
692 949 762 1015 Vax
780 949 923 1015 tonitrui
936 948 988 1012 tui
1002 949 1037 1012 in
1054 958 1126 1012 rota
1138 973 1151 1013 .·
1167 949 1199 1012 in
1217 960 1290 1014 toto
1313 951 1393 1015 orbe
1410 971 1469 1034 per
1490 951 1676 1017 circuitum.

289 1082 302 1134 5
321 1053 399 1118 Non
417 1053 526 1118 solum
542 1053 677 1119 auditur
693 1054 725 1118 in
746 1056 890 1119 iudaea:
906 1053 965 1116 sed
982 1062 1018 1117 tu
1036 1051 1189 1134 loqueris,
1205 1064 1240 1118 et
1252 1055 1388 1119 auditur
1403 1055 1436 1118 in
1453 1055 1633 1120 saeculum.

367 1160 442 1224 Hoc
469 1159 620 1224 diximus
643 1159 861 1243 generaliter:
889 1157 1039 1221 dicamus
1055 1169 1168 1220 autern
1194 1169 1227 1222 et
1243 1157 1432 1240 specialiter
1455 1159 1497 1222 de
1521 1159 1677 1222 interiore

320 1264 463 1328 homine.
482 1263 572 1328 Rota
592 1265 726 1330 modico
741 1263 888 1347 quodam
913 1260 1055 1342 vestigio
1071 1271 1138 1324 stat
1161 1261 1194 1324 in
1220 1271 1316 1341 terra,
1331 1273 1365 1326 et
1394 1283 1460 1326 uon
1476 1263 1584 1327 solum
1601 1275 1678 1340 stat,

319 1371 378 1432 sed
395 1368 490 1451 quasi
507 1369 688 1451 percurrit:
712 1387 779 1432 non
796 1375 873 1442 stat,
889 1365 946 1428 sed
964 1365 1073 1446 tangit
1098 1376 1132 1428 et
1148 1367 1329 1448 praeterit:
1354 1367 1499 1451 denique
1513 1385 1591 1432 cum
1608 1366 1677 1430 vol-

320 1473 415 1548 vitur,
431 1491 563 1554 semper
578 1473 620 1536 ad
637 1472 756 1536 altiora
772 1467 975 1534 conscendit.
990 1467 1042 1531 lta
1054 1477 1087 1532 et
1098 1480 1232 1533 sanctus
1248 1473 1306 1550 vir,
1321 1475 1481 1555 quoniam
1494 1471 1525 1548 in
1539 1490 1677 1554 corpore

271 1608 302 1645 ro
319 1588 379 1656 est,
395 1577 628 1642 necessitatem
645 1577 747 1642 habet
760 1575 871 1656 aliqua
887 1573 929 1636 de
945 1572 1084 1634 terrenis
1100 1567 1268 1654 cogitare;
1289 1587 1322 1640 et
1338 1577 1475 1659 quando
1491 1575 1619 1640 venerit
1634 1575 1678 1638 ad

319 1681 443 1746 victum
460 1690 494 1744 et
516 1683 673 1746 vestitum
696 1691 730 1745 et
744 1689 857 1744 cetera
883 1675 1083 1752 huiusmodi,
1098 1677 1225 1740 hahens
1241 1681 1366 1745 victum
1392 1691 1426 1743 et
1445 1681 1612 1756 vestitum,
1628 1679 1679 1742 his

317 1795 497 1849 contentus
512 1795 563 1850 est
579 1796 722 1870 tangens
739 1795 870 1858 terram,
893 1793 926 1844 et
942 1782 984 1843 ad
1003 1778 1121 1844 altiora
1137 1780 1281 1860 festinat.
1304 1785 1366 1848 Ille
1381 1784 1556 1866 quicurrit
1578 1792 1612 1847 et
1635 1782 1677 1845 ad

319 1889 438 1954 altiora
454 1889 597 1968 festinat,
613 1891 647 1953 in
664 1891 721 1953 illo
746 1897 797 1952 est
813 1905 922 1949 sermo
947 1896 1030 1948 tuus.
1050 1883 1210 1967 Legimus
1233 1898 1268 1952 et
1283 1890 1316 1954 in
1345 1890 1511 1973 propheta
1537 1886 1677 1953 ‘Sancti

320 1993 447 2076 lapides
463 1993 642 2058 volvuntur
657 2014 757 2077 super
773 2004 894 2056 terram
911 1989 927 2054 ¹.
946 1989 1069 2053 Videte
1093 1990 1173 2072 quid
1189 1993 1298 2059 dixit:
1323 1994 1442 2072 Sancti,
1464 1994 1591 2076 lapides
1607 1990 1675 2056 vol-

270 2131 298 2186 ¹5
319 2107 441 2162 vuntur
456 2117 556 2181 super
571 2107 702 2164 terrani.
716 2097 885 2182 Quoniam
898 2094 987 2158 eninr
999 2105 1091 2158 rotae
1103 2105 1191 2171 sunt,
1203 2109 1379 2181 propterea
1392 2099 1571 2164 volvuntur
1579 2111 1679 2181 super

316 2213 440 2268 terram
457 2205 548 2268 etad
574 2204 694 2269 altiora
720 2202 888 2268 festinant.
904 2197 1018 2268 Vultis
1044 2199 1128 2262 scire
1143 2211 1233 2282 rotas
1257 2203 1391 2284 plures?
1421 2203 1581 2286 Legimus
1607 2203 1678 2266 ‘Et

319 2307 441 2370 retain
457 2315 530 2372 rota
546 2306 575 2384 '3
602 2306 745 2389 legimus
761 2306 794 2368 in
825 2301 984 2367 iezechiel
1009 2306 1016 2332 ‘
1033 2301 1181 2366 Invicem
1199 2304 1261 2368 sibi
1278 2307 1418 2372 haerent
1439 2315 1533 2370 rotae
1549 2305 1679 2371 ’.Duae

318 2419 411 2474 rotae
425 2421 504 2476 sunt
525 2431 650 2477 novum
678 2419 825 2478 etvetus
848 2416 1097 2472 testamentum.
1116 2407 1185 2472 Ista
1210 2421 1284 2474 rota
1299 2411 1331 2474 in
1359 2411 1415 2474 illa
1433 2411 1557 2488 haeret,
1572 2421 1606 2474 et
1622 2410 1678 2473 illa

319 2513 352 2574 in
369 2513 440 2577 ista
457 2515 586 2581 Tamen
611 2515 818 2598 videtequid
835 2512 956 2578 dicitur
972 2512 1004 2574 in
1031 2512 1214 2578 iezechiel:
1237 2519 1245 2546 ‘
1262 2515 1308 2579 Et
1323 2533 1545 2598 quocumque,
1561 2514 1678 2598 inquit,

266 2661 300 2697 ,ο
318 2615 462 2684 ducebat
478 2620 622 2702 spiritus,
647 2620 724 2683 illuc
740 2618 966 2702 sequebantur
980 2625 1014 2682 et
1032 2626 1124 2681 rotae
1140 2617 1154 2680 '.
1185 2616 1260 2682 Hoc
1276 2628 1311 2682 et
1327 2619 1359 2682 in
1378 2619 1581 2684 Ecclesiaste
1596 2619 1676 2682 dici-

320 2731 381 2798 tur,
396 2722 429 2785 in
445 2725 735 2792 consummatione
754 2723 890 2788 mundi:
906 2727 914 2754 ⁴
931 2721 977 2786 Et
993 2721 1187 2798 involvetur,
1203 2723 1320 2804 inquit,
1337 2735 1410 2788 rota
1426 2745 1525 2808 super
1540 2725 1648 2790 lacum
1660 2725 1677 2790 '.

321 2824 429 2889 Multa
445 2837 522 2892 sunt
537 2849 625 2910 quae
641 2829 794 2893 dicantur
810 2829 853 2891 de
869 2827 970 2892 rotis:
986 2829 1043 2892 sed
1061 2827 1103 2890 ad
1121 2826 1247 2908 reliqua
1264 2825 1401 2893 festinat
1416 2831 1532 2895 oratio.

362 2933 560 3000 Inluxecccnt
570 2936 805 3002 camscationcs
822 2948 896 2998 tuac
910 2934 983 2998 orbi
996 2945 1102 2998 terrae
1112 2957 1124 2998 .·
1145 2934 1332 3017 apostolica
1348 2935 1560 3015 praedicatio.
1586 2933 1675 2998 Com·

319 3049 405 3102 mota
427 3051 474 3102 est
488 3051 520 3104 et
532 3041 726 3104 contremuit
741 3051 837 3104 terra.
863 3040 937 3104 Nisi
954 3049 1040 3101 terra
1065 3049 1178 3102 nostra
1195 3050 1366 3102 commota
1387 3050 1474 3102 esset
1490 3051 1524 3103 et
1543 3052 1675 3104 contur-

266 3185 299 3237 ²5
319 3143 406 3222 bata,
418 3165 479 3208 nos
495 3145 666 3228 Xpistiani
683 3165 749 3208 non
766 3165 922 3208 essemus.
948 3143 1113 3209 Conccnata
1128 3153 1176 3208 est
1190 3153 1221 3206 ct
1233 3143 1427 3208 contccrcrait
1453 3153 1549 3209 tarra.
1567 3145 1676 3230 Super

316 3245 445 3310 nullum
462 3249 551 3312 euim
569 3249 745 3330 requiescit
763 3248 907 3332 Spiritus
924 3249 1072 3325 Domini,
1088 3249 1150 3312 nisi
1175 3269 1274 3331 super
1295 3247 1455 3310 humilem
1472 3261 1506 3314 et
1521 3251 1672 3332 quietum

319 3361 352 3415 et
368 3361 566 3416 trementem
583 3353 684 3422 verba
700 3354 779 3417 eius.
1238 3371 1240 3374 ·

353 3533 570 3594 rcacacaccancm]
586 3545 766 3586 cataractarum
780 3539 809 3588 C.
912 3551 926 3602 3
941 3539 1071 3602 Propterea
1088 3535 1206 3600 grandis]
1224 3539 1304 3606 psci:
1325 3557 1375 3588 our.
1390 3541 1467 3588 Ant.
1570 3539 1674 3600 dicitur]

317 3619 402 3668 oritur
412 3619 442 3670 C.
544 3617 747 3683 5c'ccsacccclucnl
767 3621 900 3669 insaecula
913 3619 937 3688 β,
1040 3617 1181 3682 7tccmincj
1201 3623 1303 3670 acciacae
1325 3621 1354 3671 C.
1456 3618 1594 3685 qsernpcr]
1614 3625 1675 3682 SG:

318 3717 367 3748 om.
384 3697 433 3766 βΑ.
534 3697 681 3758 conscendit]
695 3703 850 3751 transcendit
868 3701 898 3769 β;
907 3703 1016 3766 festinat
1035 3710 1058 3752 ct
1075 3703 1212 3752 conscendit
1225 3702 1254 3752 L.
1356 3699 1487 3768 quoniam]
1506 3705 1606 3768 quantia
1618 3706 1673 3756 Ac.

321 3795 351 3830 ro
361 3778 580 3847 atiqua1atr’qrcanr
589 3783 618 3844 Β,
633 3783 654 3833 C
665 3794 752 3834 mutat.
767 3785 792 3834 in
804 3785 912 3848 aliquid.
1016 3797 1045 3833 12
1056 3793 1183 3832 contentus
1194 3792 1229 3833 cst
1240 3793 1344 3849 tangens
1355 3794 1449 3834 terram
1461 3795 1483 3834 ct
1494 3786 1528 3834 cui
1537 3803 1561 3835 a.
1568 3783 1607 3850 s.]
1619 3788 1673 3847 CL,

319 3861 355 3930 βὸ
367 3864 570 3914 coniunctionem
582 3871 605 3914 ct
621 3875 677 3930 post
693 3871 863 3915 contentuscst
876 3865 989 3926 reiciunt,
1002 3867 1074 3916 ABG
1087 3873 1263 3931 posttangcccs.

363 4051 385 4089 r.
403 4027 537 4112 tuarum]
554 4034 599 4091 Ps
613 4053 662 4105 41,
679 4037 705 4092 8.
1023 4033 1046 4092 si
1072 4035 1223 4094 confracta
1243 4034 1329 4094 luerit
1351 4035 1405 4107 vel,
1426 4047 1458 4094 ut
1480 4037 1675 4114 Septuaginta

363 4133 456 4172 rr-rc.
470 4114 517 4175 Cl.
532 4133 544 4171 1
562 4114 639 4174 Tim.
654 4118 681 4186 6,
695 4120 720 4175 8.
1023 4115 1197 4191 interpretes
1219 4117 1384 4188 voluerunt,
1411 4117 1440 4176 in
1463 4137 1518 4178 suo
1540 4119 1673 4181 funiculo

363 4213 406 4268 14.
424 4190 547 4275 terram]
559 4197 647 4255 Zach.
665 4213 692 4271 9,
713 4199 757 4258 16.
1022 4199 1180 4270 convoluta,
1196 4216 1293 4273 aquae
1306 4217 1376 4257 usus
1396 4195 1580 4276 intercipitur
1594 4202 1601 4227 '
1616 4214 1670 4262 etc

364 4293 459 4352 ipro.
476 4278 584 4337 Ezech
605 4298 629 4351 r,
650 4283 684 4336 ro
700 4298 765 4356 sqq.
1065 4299 1112 4337 22.
1135 4299 1207 4354 quac
1221 4281 1358 4338 dr'cantccc
1371 4279 1406 4338 dc
1420 4275 1502 4361 cotis]
1526 4281 1565 4340 Et
1580 4284 1673 4342 multa

360 4377 406 4417 ar.
422 4359 468 4418 Et
483 4356 656 4440 involvetur]
673 4353 787 4424 Eccles.
808 4381 852 4434 12,
874 4362 891 4420 6
918 4359 968 4419 ubi
1021 4359 1144 4437 quidem
1160 4361 1218 4418 iarn
1235 4361 1391 4438 scripserat
1406 4362 1434 4421 S.
1447 4363 1534 4420 Pater
1549 4361 1578 4421 in
1593 4383 1673 4424 com-

317 4441 447 4520 Vulgata
469 4435 569 4501 nostra
595 4444 664 4518 legit
684 4442 893 4522 confringatur.
909 4443 969 4502 Sed
1022 4457 1113 4501 ruent.
1131 4443 1302 4514 Ezechielis,
1318 4443 1470 4520 quaesere
1495 4445 1671 4506 adverbum

316 4523 486 4583 audiendus
499 4523 624 4584 Hieron.
647 4524 677 4583 in
693 4525 773 4586 hunc
796 4529 894 4584 locum
910 4525 966 4602 (hl.
1020 4543 1089 4583 cum
1106 4524 1199 4583 hocce
1212 4536 1337 4584 tractatu
1352 4525 1534 4586 conveniunt
1549 4525 1607 4604 (M.
1626 4548 1672 4606 25,

319 4623 367 4681 23,
387 4605 491 4683 1168):
504 4611 512 4635 ‘
524 4606 690 4680 Quomodo
701 4606 818 4666 enim...
834 4619 906 4680 rota,
917 4625 969 4683 per
1022 4605 1081 4682 28).

318 4703 409 4763 quarn
428 4687 468 4746 de
482 4687 548 4746 lacu
564 4699 593 4748 et
608 4687 705 4766 puteis
719 4689 853 4749 levantur
863 4706 968 4766 aquae,
1065 4707 1109 4766 ²7·
1122 4688 1205 4748 acrba
1220 4684 1292 4770 circs]
1308 4690 1347 4750 Is.
1361 4691 1408 4764 66,
1422 4711 1448 4752 a.
