4160 5500
605 431 798 491 HOMILIA
821 431 866 490 lN
891 431 1131 492 IOHANNEM
1154 431 1179 504 1,
1206 451 1280 505 1-14.
1544 431 1620 514 391

273 646 469 731 Sepulcrum
488 647 670 714 Salvatoris
687 647 720 712 in
737 657 831 732 petra
857 647 1034 714 durissima
1060 648 1167 713 suerat
1182 647 1343 728 excisum,
1358 649 1391 714 in
1409 657 1502 732 petra
1517 648 1628 713 duris·

272 752 367 832 sima,
384 772 470 836 quae
497 751 622 817 nullam
647 753 794 818 habebat
819 752 1013 818 mollitiem:
1029 761 1063 818 et
1078 751 1238 834 scriptum
1267 763 1317 818 cst
1333 751 1491 836 quoniam
1509 752 1541 816 in
1560 753 1626 816 isto

272 855 424 938 sepulcro
436 855 546 921 nullus
562 866 641 922 ante
655 858 698 921 sit
715 856 852 942 positus,
868 859 926 920 sed
952 875 1075 922 novum
1097 855 1286 940 sepulcrum
1310 865 1389 920 erat.
1408 854 1625 920 Manifestum

273 958 408 1042 quidem
424 970 477 1024 est
491 962 674 1026 secundum
699 960 855 1038 litteram,
870 961 960 1044 quod
988 960 1112 1024 iactum
1140 969 1191 1024 est
1205 982 1212 1023 :
1229 969 1264 1024 et
1289 969 1464 1042 propterea
1481 959 1515 1023 in
1532 967 1626 1042 petra

239 1064 423 1136 sexcisum
451 1077 502 1128 est
525 1064 702 1146 (debemus
729 1065 817 1130 enirn
847 1065 991 1148 primum
1019 1064 1201 1130 secundum
1231 1064 1376 1131 litteram
1401 1063 1526 1146 dicere)
1542 1073 1575 1128 et
1594 1063 1627 1126 in

273 1167 451 1232 durissimo
466 1167 577 1252 lapide
589 1168 697 1234 luerat
707 1170 869 1249 excisum,
879 1179 912 1235 et
923 1170 955 1234 in
969 1191 1057 1234 novo
1073 1169 1226 1252 sepulcro
1238 1168 1367 1253 positus
1377 1177 1437 1247 est,
1450 1178 1483 1231 et
1494 1168 1632 1251 grandis

275 1270 358 1353 lapis
374 1270 501 1352 positus
522 1281 574 1336 est
600 1272 642 1336 ad
671 1274 804 1352 ostium,
820 1283 853 1339 et
879 1275 1032 1340 custodia
1060 1273 1205 1339 militurn
1222 1273 1358 1357 ponitur
1379 1273 1413 1336 in
1429 1273 1579 1351 circuitu,
1594 1283 1631 1337 ut

275 1383 401 1457 quanto
417 1373 533 1439 fortius
549 1385 699 1441 servatur
714 1397 755 1442 ne
773 1378 871 1442 furari
888 1378 1003 1462 possit,
1019 1387 1115 1444 tanto
1139 1379 1246 1460 magis
1262 1377 1365 1441 virtus
1388 1376 1453 1441 Dei
1470 1383 1631 1461 appareat

274 1500 350 1546 cum
367 1482 592 1547 resurrexerit
608 1481 645 1548 Si
670 1483 759 1547 enim
787 1482 974 1566 sepulcrum
1003 1481 1118 1547 fuisset
1143 1483 1175 1546 in
1202 1490 1297 1560 terra,
1320 1483 1431 1546 dicere
1453 1491 1630 1565 poterant:

226 1607 258 1644 ιο
276 1583 492 1651 Sulloderunt
508 1595 640 1665 terram,
656 1596 689 1651 et
705 1586 804 1651 furati
828 1597 906 1652 sunt
922 1607 1007 1651 eum.
1026 1586 1060 1652 Si
1080 1586 1194 1655 suisset
1211 1586 1296 1670 lapis
1319 1585 1475 1669 parvulus
1492 1585 1632 1668 positus,

276 1690 384 1754 dicere
400 1699 576 1773 poterant:
595 1692 718 1758 Parvus
745 1690 830 1773 lapis
858 1689 929 1768 suit,
944 1701 977 1754 et
994 1690 1236 1755 dormientibus
1261 1689 1356 1756 nobis
1380 1690 1528 1754 tulerunt
1544 1709 1631 1754 eum.

278 1793 432 1876 Denique
459 1795 490 1857 in
519 1796 693 1877 evangelio
718 1794 799 1877 quid
827 1794 987 1878 scriptum
1015 1794 1314 1872 esti‘Venerunt,
1341 1795 1459 1878 inquit,
1484 1794 1549 1859 alia
1575 1793 1630 1858 die

214 1935 218 1942 -
277 1899 403 1963 scribae
418 1907 453 1962 et
469 1898 637 1963 Pharisaei
653 1909 687 1964 et
702 1899 902 1976 sacerdotes,
914 1907 948 1962 et
960 1908 1123 1964 venerunt
1134 1899 1177 1962 ad
1195 1899 1346 1975 Pilatum,
1356 1909 1389 1962 et
1406 1899 1565 1962 dixerunt
1576 1897 1607 1962 ei
1623 1919 1630 1960 :

278 2001 432 2076 Domine,
449 2021 567 2084 magus
583 2002 637 2066 ille
654 2003 796 2080 dicebat,
811 2002 970 2085 quoniam
988 2011 1228 2066 resurrecturus
1254 2011 1314 2066 est.
1332 2001 1385 2065 Ne
1400 2021 1480 2084 ergo
1497 2002 1632 2066 veniant

231 2133 260 2186 ις
277 2105 428 2188 discipuli
445 2106 525 2183 eius,
540 2115 574 2170 et
590 2105 739 2171 furentur
755 2126 842 2184 eum,
857 2117 890 2171 et
915 2107 1039 2184 dicant,
1059 2106 1266 2183 Resurrexit,
1282 2114 1316 2169 et
1343 2105 1435 2188 peior
1461 2124 1550 2169 error
1575 2103 1632 2168 fiat

278 2229 378 2292 quarn
396 2210 498 2272 modo
513 2208 637 2274 sactum
655 2218 714 2288 est,
729 2211 773 2274 da
799 2211 894 2279 nobis
919 2212 975 2294 qui
1000 2230 1078 2275 eum
1105 2208 1307 2287 custodiant,
1323 2228 1364 2272 ne
1379 2227 1456 2272 eum
1475 2207 1632 2271 iurentur.

280 2315 325 2379 Et
340 2313 428 2378 dixit
447 2312 595 2377 Pilatus:
614 2313 758 2379 Habetis
785 2315 983 2393 custodiam,
1001 2315 1055 2392 ite,
1071 2312 1170 2378 facite
1198 2313 1370 2396 quomodo
1396 2311 1496 2377 vultis
1512 2311 1529 2377 '.
1547 2311 1631 2374 Dili-

279 2419 392 2500 gentia
419 2417 599 2482 scribarum
627 2427 662 2482 et
688 2418 833 2483 hostium
862 2420 997 2501 prodest
1025 2417 1101 2482 fidei
1128 2426 1270 2482 nostrae.
1294 2416 1441 2492 Servate,
1457 2414 1635 2492 Pharisaei,

280 2532 428 2588 servate:
446 2522 539 2586 Deus
552 2521 675 2586 includi
692 2542 759 2588 non
776 2531 897 2604 potest,
911 2523 1003 2586 Deus
1016 2523 1048 2585 in
1062 2521 1215 2604 sepulcro
1228 2521 1332 2584 teneri
1350 2539 1415 2584 non
1434 2527 1553 2601 potest
1566 2517 1633 2601 Qui

233 2648 264 2686 ao
281 2625 357 2690 lecit
372 2624 501 2690 caelum
518 2635 551 2690 et
563 2635 695 2704 terram,
711 2625 804 2690 cuius
821 2626 853 2689 in
870 2626 998 2709 pugillo
1014 2636 1101 2691 terra
1117 2635 1167 2690 est
1185 2634 1218 2688 et
1243 2624 1382 2703 caelum,
1397 2625 1454 2707 qui
1471 2622 1634 2705 appendit

281 2731 442 2794 mundum
460 2729 492 2793 in
510 2729 615 2794 tribus
630 2730 754 2812 digitis,
770 2767 813 2779 -
837 2731 928 2814 quod
954 2729 1108 2795 hebraice
1128 2730 1249 2795 dicitur
1277 2731 1308 2793 lv
1333 2725 1504 2818 rpcedper:
1520 2724 1635 2808 -qui

280 2861 360 2924 ergo
375 2840 537 2926 appendit
554 2841 727 2917 mundum,
742 2860 809 2904 uno
825 2841 979 2924 sepulcro
995 2861 1060 2905 uon
1078 2849 1190 2924 potest
1205 2839 1377 2903 contineri.
1392 2837 1546 2920 Denique
1562 2856 1633 2901 mu·

282 2945 376 3009 lieres
393 2945 501 3009 Maria
518 2945 722 3027 Magdalena
750 2954 784 3009 et
812 2945 919 3008 Maria
946 2945 1059 3008 Iacobi
1084 2954 1118 3009 et
1145 2943 1268 3026 Ioseph
1297 2951 1403 3006 mater
1430 2941 1485 3024 pia
1501 2940 1635 3024 quidem

282 3049 454 3114 voluntate
470 3048 528 3112 sed
557 3058 704 3113 errantes
731 3048 842 3112 Deum
871 3050 1075 3132 quaerebant
1102 3050 1134 3112 in
1161 3047 1324 3130 sepulcro.
1343 3045 1485 3129 Recepit
1501 3044 1637 3127 quidem

236 3171 266 3224 25
283 3151 510 3217 voluntatem:
535 3154 592 3217 sed
620 3172 764 3216 errorem
792 3155 901 3237 arguit
927 3154 1066 3238 angelus
1098 3154 1153 3218 ille
1180 3153 1238 3236 qui
1264 3151 1458 3216 revolvebat
1484 3150 1640 3233 lapidem.

285 3255 431 3321 Sedebat
447 3275 546 3339 super
572 3255 740 3338 lapidem:
764 3268 799 3322 et
821 3259 900 3343 quid
929 3259 1155 3324 ostendebat?
1172 3257 1277 3341 Lapis
1295 3257 1366 3332 iste,
1381 3256 1433 3319 cui
1450 3275 1514 3338 ego
1530 3253 1641 3330 sedeo,

315 3468 414 3530 aquae]
424 3462 470 3528 qui
483 3462 534 3511 PL.
637 3461 778 3527 yponr'tur]
790 3478 841 3514 om.
856 3480 883 3531 χ.
984 3463 1000 3514 8
1011 3465 1115 3528 quanto]
1126 3469 1252 3528 quarrtum
1266 3461 1319 3512 FL.
1420 3458 1549 3524 appareat]
1566 3465 1639 3522 appa·

284 3551 370 3594 ruerat
382 3545 433 3595 PL.
536 3542 741 3605 9resrrrrcxrrr't]
761 3546 902 3595 resurrexit
915 3546 944 3596 F.
1047 3557 1075 3608 15
1088 3543 1248 3604 Rerumxr'tl
1266 3545 1382 3592 surrexit
1393 3559 1419 3610 χ.
1524 3540 1553 3590 16
1564 3555 1640 3604 quam

285 3625 538 3696 rrrrdo]2;qrromodr
552 3625 603 3676 PL.
688 3625 894 3691 sactunrJsactrrs
905 3643 933 3694 χ.
1020 3638 1047 3689 17
1061 3627 1193 3694 ἐ1ι1ἰ1ιιχ.
1284 3639 1312 3675 21
1329 3619 1354 3676 ἐν
1366 3619 1525 3693 τρισώματι]
1536 3621 1641 3686 scripsi:

284 3724 314 3758 err
324 3709 486 3760 tnrsrnrarkr'
494 3721 527 3759 eu
538 3721 610 3758 arte.
620 3721 744 3759 curuare.
756 3710 776 3758 F
779 3709 826 3759 LO
836 3727 843 3769 ;
855 3726 906 3762 om.
915 3725 943 3778 χ.
1014 3722 1045 3771 24
1058 3705 1166 3774 Recepit]
1184 3709 1271 3774 recapit
1282 3724 1310 3776 χ.
1379 3707 1410 3757 26
1421 3707 1496 3770 sedeo]
1508 3705 1602 3754 insideo
1610 3719 1630 3770 χ
1632 3740 1638 3752 .

328 3873 498 3956 trapam]
515 3877 623 3936 Matth.
643 3893 689 3951 27,
706 3879 754 3939 60.
992 3889 1085 3938 terrae
1109 3891 1172 3934 Lxx
1195 3875 1414 3946 transtulerunt,
1445 3871 1474 3932 in
1504 3870 1644 3931 hebraico

326 3979 351 4036 3.
367 3954 617 4036 arrlcsr'iprsr'tus]
635 3958 705 4015 Luc.
725 3977 739 4015 a
745 3977 772 4034 3,
789 3975 804 4033 5
809 3978 835 4034 3.
991 3959 1133 4036 scriptum
1155 3967 1199 4017 est
1221 3973 1315 4028 snus,
1331 3974 1421 4034 quem
1447 3950 1643 4031 Symmachus

329 4059 372 4115 ¹7·
388 4040 524 4117 quomodo
538 4035 640 4130 vulne]
652 4039 758 4098 Matth.
777 4056 824 4114 27,
839 4042 937 4116 62-65.
990 4043 1087 4117 τρίτον,
1110 4038 1220 4114 Aquila
1234 4039 1368 4114 τρίσωμον
1384 4037 1529 4114 (manusc.
1546 4033 1642 4092 Vatic.

329 4116 938 4200 18.fider‘nostrae]Hreron.inMatthap,
990 4121 1126 4198 epicope)
1150 4117 1332 4197 interpretati
1356 4129 1433 4191 sunt,
1463 4128 1492 4176 et
1522 4133 1585 4186 nos,
1611 4127 1643 4171 ut

289 4205 395 4263 60‘ut
417 4199 573 4280 diligentia
588 4219 692 4261 eorum
721 4214 839 4264 nostrae
869 4201 939 4263 fidei
992 4199 1176 4262 manifestius
1198 4201 1372 4271 laceremus,
1401 4199 1512 4259 intres
1535 4193 1644 4272 digitos

289 4285 467 4362 proliceret'.
991 4281 1131 4344 vertimus
1147 4285 1162 4342 ’.

329 4365 509 4427 rerumne
517 4363 663 4423 dicituro
674 4363 835 4446 τρισώματι]
845 4369 882 4426 is.
889 4387 938 4441 40,
1033 4384 1048 4422 a
1053 4383 1077 4440 3.
1089 4365 1145 4442 pr'a
1158 4363 1272 4440 quadem
1284 4366 1429 4423 rulrrntate
1438 4363 1488 4422 scd
1503 4354 1645 4437 errantes]

291 4467 335 4510 ra.
354 4448 500 4523 intellege
508 4443 657 4506 eiusmodi
669 4443 833 4508 dictionem
845 4449 874 4509 in
890 4450 939 4508 he·
993 4447 1118 4506 Hieron.
1135 4463 1222 4522 supra
1233 4463 1259 4522 p.
1274 4465 1340 4522 243,
1358 4446 1374 4504 l.
1391 4465 1429 4503 22
1442 4449 1448 4477 ⁸
1461 4442 1511 4521 pio
1522 4439 1645 4519 quidem

289 4528 387 4590 braico
398 4527 510 4600 haberi,
526 4545 604 4603 quae
619 4544 725 4603 graece
746 4530 831 4590 reddi
848 4529 939 4608 possit
992 4546 1080 4588 sensu
1096 4527 1151 4588 sed
1175 4529 1322 4586 errantes¹
1338 4550 1346 4602 3
1361 4547 1389 4604 p.
1410 4547 1433 4599 r,
1449 4527 1466 4586 1.
1487 4545 1523 4598 14
1538 4527 1546 4556 ‘
1562 4523 1647 4582 Bona

290 4611 483 4686 ἐντρισώματι.
499 4641 540 4652 --
563 4607 688 4668 Hieron.
706 4605 735 4666 in
757 4613 796 4670 Is.
814 4632 863 4690 40,
885 4632 939 4670 ra:
992 4609 1115 4687 quidem
1128 4607 1273 4682 voluntas,
1289 4610 1342 4670 sed
1365 4605 1501 4685 inperitia
1515 4604 1577 4668 est’
1590 4613 1647 4663 etc.

291 4697 298 4725 ‘
313 4695 370 4754 Pro
378 4694 502 4772 pugillo,
516 4711 607 4770 quem
623 4691 652 4752 in
673 4685 942 4770 comprehensione
