4202 5492
628 429 884 490 TRAC‘rATus
907 427 965 487 DE
986 427 1155 490 PSALMO
1176 429 1270 490 XCV.
1544 427 1619 513 137

265 646 387 711 dicitur
401 670 408 710 :
423 651 431 678 ‘
449 645 554 724 State,
569 645 688 729 inquit,
703 645 735 709 in
753 645 814 708 viis
832 644 979 722 Domini,
991 654 1024 709 et
1041 645 1206 729 inquirite,
1218 646 1335 728 inquit,
1348 644 1436 709 viam
1453 644 1619 710 Domini'

267 752 340 816 Nisi
368 753 558 816 steterimus
583 751 615 814 in
643 751 704 814 viis
730 750 890 833 plurimis,
914 753 1015 815 irnam
1043 752 1130 814 viam
1157 751 1305 814 invenire
1337 771 1403 814 non
1432 772 1618 832 possumus.

266 857 364 942 Quae
393 866 472 921 sunt
503 857 587 920 istae
613 857 813 938 margaritae
838 855 957 936 plures,
979 877 1066 939 quae
1093 866 1169 919 sunt
1195 855 1267 919 viae
1295 854 1414 936 plures,
1429 875 1516 937 quae
1543 865 1623 918 sunt

266 963 330 1026 ista
354 961 438 1025 atria
465 960 580 1042 plura:
614 968 651 1023 ut
676 960 883 1024 inveniamus
911 979 1011 1022 unam
1041 960 1255 1042 margaritam
1282 968 1316 1022 et
1343 977 1444 1022 unam
1471 957 1559 1021 viam
1587 969 1621 1021 et

232 1081 370 1135 sunum
386 1063 533 1128 atrium?
561 1063 747 1141 Abraham,
764 1064 869 1140 Isaac,
884 1073 918 1128 et
946 1063 1056 1139 Iacob,
1073 1063 1218 1146 Moyses,
1247 1065 1338 1126 lesus
1364 1064 1469 1139 Nave,
1494 1063 1622 1138 Esaias,

268 1170 467 1246 Hieremias,
500 1168 672 1246 iezechiel,
701 1171 879 1234 duodecim
916 1169 1107 1251 prophetae,
1140 1169 1260 1245 David,
1293 1169 1453 1234 Salomon
1487 1168 1622 1234 fuerunt

266 1274 359 1336 atria.
379 1273 474 1336 Haec
491 1273 577 1336 atria
593 1282 707 1337 nostra
723 1284 816 1337 sunt:
833 1273 978 1355 primum
996 1274 1028 1335 in
1048 1272 1121 1336 illos
1135 1273 1317 1352 intramus;
1334 1284 1367 1337 et
1390 1274 1433 1336 de
1449 1273 1512 1336 illis
1528 1274 1622 1338 atriis

172 1429 179 1437 .
266 1385 385 1458 postea
401 1375 554 1440 venimus
569 1376 612 1440 ad
630 1378 751 1441 atrium
766 1376 940 1459 evangelii,
955 1377 1010 1440 ubi
1028 1378 1194 1441 invenitur
1211 1377 1361 1460 Xpistus.

312 1479 562 1546 commoveatur
586 1503 607 1546 α
620 1485 713 1564 facie
737 1485 807 1548 eius
833 1483 989 1548 universa
1012 1494 1109 1548 terra.
1125 1484 1248 1548 Videte
1264 1481 1343 1565 quid
1361 1482 1459 1547 dicat.
1482 1481 1620 1545 Caelum

219 1605 249 1643 ιο
267 1604 335 1649 non
355 1593 508 1650 movetur
523 1606 543 1649 a
559 1585 643 1650 sacie
660 1586 724 1650 Dei
740 1611 746 1650 :
762 1588 820 1651 sed
837 1587 1039 1670 quicumque
1057 1598 1208 1651 terrenus
1233 1597 1292 1664 est,
1309 1585 1364 1650 ille
1389 1585 1523 1666 respicit
1551 1585 1622 1648 Do-

269 1690 409 1768 minum,
425 1701 459 1754 et
475 1701 714 1766 commovetur,
730 1700 763 1755 et
789 1693 966 1756 tremescit.
984 1692 1091 1756 Dicite
1107 1691 1141 1755 in
1152 1689 1305 1773 gentibus
1328 1690 1482 1772 quoniam
1507 1688 1622 1751 Domi-

268 1815 331 1857 nus
347 1793 506 1877 regimvit.
524 1795 598 1858 Nisi
614 1806 700 1859 terra
717 1805 889 1860 commota
904 1796 1002 1860 suerit
1018 1807 1051 1860 et
1068 1819 1087 1860 a
1103 1817 1162 1860 sua
1179 1804 1309 1860 terrena
1325 1814 1427 1877 opera
1443 1793 1623 1869 recesserit,

268 1898 436 1963 Dominus
453 1919 519 1962 non
538 1899 690 1982 regnabit
706 1901 739 1963 in
760 1902 927 1982 gentibus.

310 2001 442 2066 Etenim
468 2003 606 2066 correxit
630 2003 735 2068 orbem
751 2016 865 2082 terrae,
880 2005 939 2088 qui
960 2026 1021 2068 non
1041 2005 1295 2069 commovebitur.
1314 2003 1507 2086 Numquam
1523 2003 1622 2066 corri-

219 2127 248 2180 ις
266 2109 364 2190 gitur,
380 2108 442 2171 nisi
457 2110 548 2192 quod
565 2117 643 2172 ante
658 2120 784 2174 rectum
812 2111 882 2188 fuit,
897 2121 930 2175 et
947 2122 1063 2193 postea
1080 2112 1298 2192 depravatum
1316 2120 1374 2174 est.
1399 2108 1454 2173 Sic
1471 2109 1572 2191 igitur
1588 2118 1622 2174 et

266 2232 337 2288 nos,
352 2222 386 2276 et
401 2233 502 2276 ornnc
527 2213 711 2277 humanum
729 2231 833 2295 genus
862 2214 1055 2277 naturaliter
1071 2213 1234 2296 intellegit
1252 2213 1371 2276 Deum.
1390 2212 1510 2275 Nullae
1532 2213 1620 2276 enim

266 2323 383 2396 gentes
396 2324 483 2393 sunt,
494 2335 580 2398 quae
596 2317 790 2380 naturaliter
806 2337 871 2380 non
891 2316 1087 2399 intellegant
1099 2317 1291 2382 Creatorem
1305 2335 1412 2380 suum.
1426 2316 1520 2379 Licet
1533 2315 1621 2379 enirn

267 2417 395 2501 lapides
416 2429 449 2484 et
473 2419 562 2501 ligna
578 2431 795 2484 venerentur:
812 2431 924 2484 tamen
942 2421 1140 2503 intellegunt
1157 2421 1283 2503 aliquid
1304 2420 1411 2482 maius
1425 2437 1496 2482 esse
1521 2439 1621 2499 quam

267 2523 330 2605 ipsi
347 2530 433 2600 sunt,
449 2532 482 2586 et
507 2523 538 2585 in
555 2543 665 2587 errore
689 2543 750 2588 suo
767 2524 916 2589 indicant
942 2545 977 2587 se
1002 2524 1124 2588 habere
1140 2525 1351 2606 sapientiam,
1366 2523 1430 2587 hoc
1456 2533 1516 2601 est,
1532 2523 1624 2587 nulla

217 2651 250 2688 ao
266 2646 349 2707 gens
365 2634 416 2689 est
435 2646 521 2709 quae
546 2627 740 2692 naturaliter
756 2648 823 2692 non
851 2628 1023 2710 intellegat
1051 2628 1171 2692 Deum.
1189 2627 1344 2710 Denique
1370 2626 1511 2710 gentiles
1535 2626 1625 2692 idola

266 2729 389 2807 colunt,
405 2729 467 2793 hoc
484 2739 543 2807 est,
559 2730 686 2812 lapides
713 2741 747 2795 et
763 2731 854 2814 ligna
876 2744 1076 2796 venerantur
1090 2753 1098 2810 ;
1110 2743 1143 2795 et
1159 2732 1186 2794 si
1204 2731 1288 2795 torte
1305 2732 1412 2793 rixam
1429 2729 1576 2809 iecerint,
1591 2741 1625 2796 et

299 2915 405 2978 7Haec]
417 2915 535 2976 GP3hoe
544 2924 580 2967 est
591 2914 689 2986 βΗΒὸ.
765 2917 1194 2985 inillosiHPSG3inila5C;irs
1208 2920 1255 2968 illa
1268 2917 1314 2986 βΒ.
1394 2918 1532 2980 intramus]
1543 2918 1624 2967 intra·

265 2997 349 3046 vitreus
362 2997 416 3046 GP.
492 2997 507 3046 8
518 3000 644 3062 veniatur]
654 3000 783 3049 veniemus
795 3001 825 3050 C.
905 3013 931 3049 11
944 2997 1075 3060 trerrresrit]
1088 3000 1177 3050 lIBPS
1190 3018 1197 3059 ;
1209 3001 1331 3049 trerrrr'srr't
1343 2997 1384 3067 βΟ
1396 3018 1403 3059 ;
1415 2999 1581 3049 contremescit
1592 2999 1622 3049 C.

269 3091 297 3127 12
308 3095 356 3128 sua
366 3085 467 3128 lemna
476 3081 559 3146 opera]
579 3081 661 3142 eodd;
680 3099 725 3131 sero
741 3088 838 3131 terreno
853 3089 922 3146 opere
935 3080 959 3148 β.
1061 3083 1194 3144 recesserit]
1215 3098 1241 3130 re
1252 3099 1306 3147 sup.
1321 3082 1364 3132 lin.
1378 3083 1478 3147 supplet
1490 3082 1531 3140 G;
1550 3097 1623 3131 cessa·

265 3161 331 3209 verit
341 3161 371 3210 13.
441 3173 470 3223 13
481 3162 771 3228 regnaiiqbianP3
784 3171 872 3228 regnat
883 3164 914 3214 C.
987 3164 1015 3213 16
1026 3161 1156 3226 intellegit]
1167 3163 1316 3226 intellegunt
1327 3164 1357 3215 C.
1428 3162 1625 3226 17intellegant]

266 3240 317 3290 ain
330 3257 348 3290 u
360 3241 412 3292 CP.
515 3243 544 3294 18
555 3245 716 3308 venerentur]
727 3252 884 3294 venerantur
896 3245 953 3295 HC.

267 3403 304 3462 de
319 3401 415 3480 pretio
429 3421 529 3463 earum
553 3423 644 3462 unam
671 3415 750 3465 emat
773 3403 919 3481 pretiosis·
972 3404 1129 3480 pretiosam
1146 3403 1261 3480 reperit,
1278 3405 1368 3478 quam
1384 3403 1423 3463 de
1439 3403 1539 3464 multis
1551 3424 1624 3464 mar·

267 3483 371 3542 simam
388 3484 574 3560 margaritam
591 3487 606 3544 ’.
970 3485 1070 3563 garitis
1084 3486 1178 3544 solam
1195 3485 1274 3545 emit.
1292 3485 1495 3544 Persectorum
1511 3486 1624 3563 quippe

307 3584 334 3636 4.
351 3585 441 3624 unam
464 3567 658 3641 margaritam
672 3575 701 3626 et
713 3587 802 3625 uriam
828 3565 919 3648 viem]
970 3579 1024 3639 est,
1041 3585 1131 3626 unam
1148 3565 1334 3642 margaritam
1349 3577 1378 3625 et
1400 3585 1493 3625 unum
1509 3568 1625 3627 thesau-

269 3647 394 3706 Hieron.
407 3645 437 3705 in
454 3648 491 3706 Is.
507 3650 553 3720 26,
566 3668 614 3721 2-4
630 3653 637 3680 ⁴
651 3651 688 3707 Et
703 3649 859 3726 quomodo
869 3669 920 3725 per
970 3668 1035 3707 rum
1051 3647 1191 3708 omnibus
1215 3646 1377 3724 margaritis
1399 3661 1428 3706 et
1443 3647 1533 3708 totius
1558 3649 1625 3708 sub·

267 3728 365 3803 plures
393 3726 561 3804 margaritas
589 3729 627 3789 ad
663 3749 755 3788 unum
791 3730 921 3806 pergitur
970 3729 1095 3789 stantiae
1109 3747 1180 3788 suae
1195 3747 1293 3789 emere
1307 3729 1581 3789 commercio’etc.

267 3806 465 3886 margaritum,
481 3808 523 3868 sic
538 3827 589 3886 per
604 3810 711 3870 multas
736 3809 796 3870 vias
812 3822 841 3870 et
856 3831 920 3888 por·
1014 3829 1058 3888 15.
1069 3807 1320 3890 depraziarumest]
1334 3810 1496 3870 Hieron.in
1508 3812 1621 3871 Eccles.

266 3901 312 3950 tas
328 3889 516 3966 pervenimus
540 3892 578 3950 ad
594 3909 663 3950 eum
678 3891 730 3968 qui
754 3891 828 3952 dicit
854 3911 918 3953 esse
974 3891 1122 3969 1(Migne
1146 3912 1192 3968 23,
1213 3909 1289 3966 1074
1305 3887 1345 3968 C)'
1361 3896 1368 3923 ⁴
1384 3891 1444 3967 Qui
1470 3911 1623 3968 perversus

266 3970 400 4030 seriam
425 3981 455 4031 et
478 3972 731 4048 portam’3epist.
757 3991 806 4050 54,
831 3993 860 4034 n.
883 3993 915 4031 rr
969 3985 1022 4044 est,
1053 3973 1108 4032 nisi
1136 3987 1206 4033 ante
1233 3973 1403 4050 corrigatur,
1430 3991 1490 4032 non
1516 3975 1622 4050 poterit

268 4052 396 4112 ‘Multis
412 4051 574 4130 margaritis
601 4072 691 4114 unam
717 4053 830 4115 redime
846 4074 919 4113 mar·
968 4055 1114 4114 adomari.
1130 4057 1225 4114 Recta
1240 4066 1378 4114 ornatum
1394 4053 1550 4131 recipiunt,
1560 4073 1623 4113 cur-

266 4133 410 4209 garitam:
431 4145 486 4205 sta,
513 4133 593 4194 iuxta
617 4135 784 4208 Ieremiam,
811 4137 840 4194 in
864 4135 918 4194 viis
970 4154 1005 4193 va
1019 4135 1241 4196 correctionem.
1259 4139 1418 4196 Perversus
1433 4153 1494 4195 non
1514 4135 1623 4194 dicitur

266 4213 410 4289 pluribus,
436 4226 468 4275 ut
496 4215 535 4274 ad
564 4215 642 4274 illam
667 4218 753 4290 viam,
778 4235 855 4293 quae
878 4217 917 4276 ad
970 4215 1025 4275 nisi
1040 4215 1091 4293 qui
1103 4219 1401 4294 depravatusarecto
1413 4227 1457 4275 est
1472 4217 1487 4275 ’.
1504 4215 1622 4291 Quibus

268 4295 385 4355 Patrem
411 4295 504 4369 ducit,
527 4297 785 4373 pervenias';ep.
805 4315 870 4372 107,
887 4317 915 4356 n.
968 4316 1004 4357 ex
1033 4297 1128 4358 verbis
1156 4299 1349 4374 praeferenda
1385 4297 1502 4356 videtur
1533 4295 1622 4358 lectio

268 4377 436 4452 5‘Habeat
445 4376 517 4436 alias
528 4379 706 4455 margaritas,
719 4379 828 4454 quibus
840 4389 918 4456 post·
968 4378 1081 4438 codicis
1097 4381 1122 4441 C
1139 4379 1167 4438 in
1184 4379 1440 4441 Commentariolo
1466 4397 1506 4453 ps.
1528 4395 1562 4453 17
1579 4377 1620 4455 (p.

267 4475 302 4514 ea
317 4456 443 4518 venditis
457 4470 593 4534 emptura
607 4471 651 4519 est
671 4459 916 4534 pretiosissimum
971 4464 1017 4532 28,
1040 4463 1057 4520 l.
1088 4481 1124 4534 14
1148 4459 1207 4539 sq.)
1234 4459 1447 4536 ‘Corrrgr‘mur
1472 4478 1542 4536 ergo
1571 4459 1621 4536 qui

266 4538 455 4616 margaritum
470 4539 478 4568 ’
487 4559 496 4612 ;
511 4538 540 4598 in
565 4558 611 4616 ep.
637 4542 676 4599 ad
698 4542 757 4600 Tit.
777 4559 804 4616 1,
820 4563 835 4601 2
852 4561 915 4618 sqq.
970 4541 1049 4616 prius
1063 4543 1273 4601 curru'emrmus
1287 4543 1301 4599 ¹.
1364 4571 1367 4576 Δ

268 4621 276 4651 ¹
291 4620 440 4680 Mercator
454 4619 503 4680 itle
517 4621 555 4678 de
576 4621 730 4698 evangelio
744 4625 794 4698 qui
820 4625 917 4699 plures
1014 4625 1057 4682 16.
1073 4625 1213 4700 r'ntellegit
1231 4619 1342 4702 Deum]
1368 4623 1414 4683 Cf.
1432 4621 1624 4682 Commenta·

267 4699 370 4762 habuit
384 4699 564 4778 margaritas,
579 4702 619 4761 ad
632 4713 798 4763 extremum
825 4723 914 4763 unam
968 4703 1030 4764 riol.
1047 4707 1150 4782 psalm.
1167 4725 1194 4781 p.
1212 4723 1259 4780 29,
1274 4705 1291 4763 1.
1311 4720 1335 4778 7.

318 4829 428 4871 memora
437 4827 588 4871 umdsotaan
598 4829 642 4882 lli,
652 4845 672 4876 a.
1524 4833 1547 4874 rs
