4092 5502
586 439 840 501 Tnncrn'rus
864 441 921 500 ns
944 441 1111 503 psalmo
1132 441 1252 502 exuv.
1503 418 1586 522 289

232 675 313 733 mea,
328 664 361 719 et
389 674 517 721 rursum
544 657 598 720 die
623 657 768 721 crastina
793 655 978 724 aedificabo
1003 659 1068 724 illa.
1087 657 1217 722 Dicitur
1244 657 1345 721 mihi:
1361 662 1368 688 ‘
1387 656 1505 734 Stulte,
1521 657 1583 720 hac

231 769 328 824 nocte
343 759 490 842 rapietur
517 761 629 824 anima
656 771 734 826 tua:
755 782 842 846 quae
868 739 980 826 autem
1008 763 1221 846 praeparasti,
1236 763 1330 826 cuius
1346 766 1467 826 erunt?
1483 760 1489 786 ¹
1509 762 1584 824 Hoc

229 863 270 926 de
295 862 359 926 illis
383 864 512 942 dicitur,
539 865 595 946 qui
621 864 794 931 confidunt
821 868 854 930 in
881 867 1093 950 principibus.
1109 865 1265 930 Ceterum
1292 867 1336 930 de
1362 874 1479 930 sancto
1504 865 1583 947 quid

227 968 373 1032 dicitur?

196 1088 210 1142 5
270 1073 394 1136 Beatus
406 1071 498 1136 orins
513 1071 602 1136 Dens
618 1073 711 1138 Jacob
730 1075 864 1137 adiutor
885 1075 986 1139 eins.‘
1006 1075 1063 1138 Hii
1080 1074 1113 1138 in
1130 1073 1287 1149 curribus,
1303 1072 1397 1137 ethii
1415 1073 1448 1136 in
1466 1073 1559 1157 equis
1576 1097 1582 1137 :

229 1195 289 1240 nos
305 1186 417 1242 autem
435 1177 468 1239 in
485 1178 620 1240 nomine
637 1177 775 1241 Domini
790 1177 853 1242 Dei
872 1179 973 1241 nostri
990 1176 1220 1242 invocabimus
1235 1176 1250 1241 '.
1270 1177 1321 1240 llli
1333 1176 1443 1259 plures
1454 1177 1579 1241 habent

228 1279 396 1344 adiutores
412 1304 418 1345 :
434 1281 491 1344 sed
509 1281 675 1363 principes
687 1291 774 1358 sunt,
790 1282 848 1346 sed
866 1281 1018 1345 homines
1034 1291 1121 1356 sunt,
1133 1282 1191 1345 sed
1208 1289 1374 1345 corruunt.
1388 1280 1459 1344 Nos
1476 1299 1579 1344 unum

228 1383 401 1460 habemus,
415 1384 470 1466 qui
487 1383 615 1448 salvare
640 1393 759 1466 potest.
777 1384 857 1467 Spes
883 1385 952 1448 rius
977 1385 1011 1448 in
1028 1384 1169 1448 Domino
1184 1383 1253 1446 Deo
1270 1382 1378 1464 ipsius.
1396 1382 1582 1446 Videamus

228 1499 295 1553 tres
311 1489 403 1571 pueri
415 1487 495 1571 quid
521 1489 636 1552 dicunt
652 1489 685 1552 in
703 1487 837 1552 fornace
854 1489 1048 1572 Babylonia,
1063 1488 1200 1570 quando
1217 1497 1314 1550 vocat
1332 1506 1388 1549 eos
1406 1485 1585 1549 Nabucho-

181 1611 211 1648 ιο
229 1591 384 1670 donosor,
399 1602 432 1656 et
447 1592 606 1674 conpellit
622 1600 658 1656 ut
674 1593 814 1656 adorent
832 1592 890 1656 Bel
907 1617 913 1656 :
930 1593 1010 1676 quid
1026 1593 1229 1676 respondent
1249 1579 1586 1655 Nabuchodonosor?

228 1697 235 1726 ¹
253 1694 340 1770 Rex,
356 1714 422 1758 non
440 1714 574 1758 necesse
590 1703 639 1758 est
656 1715 718 1759 nos
733 1697 775 1760 de
791 1696 854 1760 hoc
880 1696 981 1760 verbo
1006 1697 1205 1779 respondere
1221 1695 1290 1759 tibi.
1309 1695 1432 1758 Potens
1447 1703 1497 1758 est
1514 1693 1585 1776 qui·

229 1800 306 1863 dem
319 1799 412 1864 Deus
429 1820 489 1864 nos
505 1799 643 1863 liberare
660 1800 702 1863 de
719 1799 852 1864 sornace
868 1801 1025 1864 ardente:
1043 1802 1099 1865 sed
1116 1801 1189 1865 etsi
1203 1819 1269 1864 non
1287 1798 1482 1874 liberaverit,
1492 1799 1586 1874 scito,

230 1923 299 1979 rex,
318 1903 397 1986 quia
424 1903 605 1987 imaginem
631 1923 733 1986 quam
761 1905 961 1970 constituisti
994 1925 1059 1969 non
1087 1906 1266 1970 adoramus
1283 1903 1297 1966 '.
1322 1903 1445 1967 Videte
1470 1900 1579 1966 fidem.

230 2005 414 2086 Credimus,
430 2007 546 2091 lnquit,
562 2005 651 2090 quod
676 2006 816 2071 liberare
843 2019 975 2092 potest:
992 2011 1049 2074 sed
1066 2010 1093 2072 si
1110 2009 1195 2073 forte
1211 2017 1348 2090 peccata
1376 2015 1489 2069 nostra
1507 2026 1579 2087 pro-

180 2111 716 2189 15hibuerint,tamencredimus
741 2121 776 2176 et
801 2110 835 2173 in
851 2130 926 2174 eum
952 2112 1010 2194 qui
1035 2130 1101 2175 non
1128 2109 1198 2173 vult
1215 2109 1362 2173 liberare.
1384 2108 1461 2171 Non
1490 2108 1578 2172 enim

228 2216 393 2280 credimus
410 2217 443 2280 in
460 2215 522 2279 hac
534 2217 612 2293 vita,
627 2215 686 2278 sed
703 2215 735 2277 in
765 2213 893 2278 sutura:
910 2233 976 2278 non
994 2223 1170 2296 propterea
1196 2213 1362 2276 credimus
1379 2211 1411 2273 in
1432 2210 1524 2274 illum
1542 2232 1584 2275 112

229 2317 282 2382 hic
312 2320 499 2397 ardeamus,
513 2299 571 2382 sled
589 2339 631 2382 nc
646 2338 704 2401 per
720 2318 783 2381 ista
800 2319 953 2383 incendia
969 2319 1012 2382 ad
1037 2318 1102 2382 alia
1118 2328 1335 2383 transeamus.
1353 2315 1500 2378 Incende
1524 2315 1585 2397 igi·

230 2431 293 2498 tur,
312 2443 473 2508 praepara
498 2422 665 2486 caminum
682 2445 689 2484 ι
706 2421 768 2486 iste
792 2421 899 2498 ardor,
916 2423 979 2485 ista
1004 2420 1188 2499 conbusti0,
1204 2431 1317 2486 nostra
1343 2419 1499 2502 purgatio
1524 2429 1585 2486 est.

231 2527 354 2592 Beatus
365 2524 1583 2607 cuiusDeuslacobadiutoreius.VidetesignificantiamverborumAdiu·

177 2653 210 2690 zo
228 2640 280 2695 tor
295 2631 375 2696 eius.
391 2635 397 2663 ⁸
413 2631 457 2694 Et
474 2649 539 2694 non
558 2639 688 2712 poterat
704 2628 749 2692 ibi
767 2628 869 2692 ullum
886 2631 1018 2711 signum
1035 2628 1107 2693 sace
1118 2648 1151 2692 re
1167 2640 1301 2713 propter
1317 2628 1582 2694 incredulitatem

228 2755 342 2802 eorum
360 2736 376 2800 ¹.
393 2736 485 2799 Deus
501 2735 636 2798 adiutor
651 2743 763 2798 noster
772 2743 831 2798 est.
848 2732 1010 2799 Volentes
1023 2745 1057 2797 et
1075 2733 1264 2797 laborantes
1281 2733 1408 2810 liberat,
1423 2743 1456 2796 et
1472 2731 1583 2796 conla-

230 2841 342 2905 borat:
357 2840 561 2904 dormientes
577 2849 611 2902 et
627 2839 772 2902 iacentes
784 2847 818 2902 et
834 2838 985 2902 nolentes
996 2859 1062 2903 non
1076 2838 1203 2902 liberat.
1221 2835 1380 2918 Speseius
1396 2837 1429 2900 in
1442 2835 1584 2900 Domino

226 2943 296 3008 Deo
311 2943 419 3026 ipsius.
433 2943 576 3025 Egregie
588 2943 685 3020 dixit,
694 2963 783 3025 spes:
794 2944 855 3006 etsi
872 2944 904 3006 in
923 2943 1094 3025 praesenti
1107 2963 1173 3007 non
1188 2941 1315 3018 liberat,
1325 2951 1437 3004 tamen
1449 2960 1525 3023 spes
1541 2941 1583 3004 de

227 3048 339 3111 futuro
349 3057 407 3110 est.
428 3046 583 3128 Qnisecit
596 3047 718 3109 caelum
730 3058 762 3110 et
771 3056 902 3110 terram.
916 3047 984 3111 lstc
1001 3047 1094 3111 Deus
1109 3049 1165 3130 qui
1178 3047 1257 3111 fecit
1268 3048 1397 3110 caelum
1408 3054 1442 3110 et
1453 3056 1583 3124 terram,

175 3171 208 3228 25
226 3171 318 3216 neore
332 3159 364 3214 et
376 3151 487 3214 omnia
502 3171 584 3232 quoe
600 3151 634 3212 in
650 3151 696 3214 eis
707 3160 791 3216 sunt.
802 3151 859 3215 Ad
876 3153 1148 3234 conparationem
1167 3152 1249 3214 caeli
1265 3159 1299 3214 et
1316 3161 1422 3214 terrae
1438 3159 1472 3214 et
1484 3152 1582 3214 maris

226 3275 288 3320 nos
315 3255 466 3320 homines
493 3255 676 3318 secundum
702 3255 929 3319 conditionem
955 3257 1063 3318 carnis
1090 3258 1137 3320 sic
1164 3275 1278 3319 sumus
1303 3255 1398 3338 quasi
1425 3255 1582 3320 formicae

227 3369 260 3422 et
276 3357 411 3440 pulices.
427 3357 494 3440 Qui
507 3378 588 3440 ergo
603 3359 732 3423 caelum
750 3359 828 3423 iecit
842 3369 877 3423 et
894 3370 1025 3438 terram,
1040 3360 1211 3424 hominem
1229 3379 1294 3423 non
1312 3369 1423 3443 potest
1445 3359 1582 3423 liberare

225 3460 445 3542 quemfecit?

262 3695 271 3732 1
286 3681 342 3744 illo]
355 3681 426 3732 illam
439 3681 470 3731 G.
540 3691 553 3742 7
566 3681 628 3742 Nos]
640 3681 663 3730 G
676 3681 749 3732 inser.
763 3689 854 3732 aulem.
923 3695 939 3744 9
950 3683 1014 3748 qnid
1022 3683 1119 3747 dr'cum]
1131 3686 1179 3750 qui
1188 3685 1312 3733 dabuntur
1324 3685 1355 3734 G.
1430 3685 1582 3747 Babylonia]

227 3763 416 3828 babyllonium
436 3763 622 3823 babiloniam
643 3763 826 3827 babyllonr'aeC
838 3782 845 3822 ;
866 3764 1001 3814 babilonico
1015 3765 1035 3816 l.
1137 3767 1246 3832 quando]
1258 3769 1378 3832 quoniam
1392 3764 1416 3832 β.
1520 3779 1549 3815 10
1560 3773 1583 3815 el

228 3847 342 3911 conpollil
353 3864 377 3896 u.
392 3862 416 3896 a.
431 3845 462 3895 B.
476 3863 499 3910 q.
514 3863 536 3894 r.
550 3843 781 3906 Nabuchodonosor]
800 3862 850 3896 om.
867 3845 890 3914 β.
991 3847 1115 3912 conpellit]
1134 3850 1249 3914 conpellet
1268 3850 1307 3908 B;
1327 3849 1461 3913 conpellent
1481 3849 1512 3908 G,
1528 3850 1540 3897 1
1553 3851 1582 3908 (n

226 3937 281 3992 post
293 3931 424 3993 expunct.)
526 3941 550 3977 11
566 3929 654 3978 Potens
664 3925 707 3988 est]
713 3936 793 3994 polest
805 3927 829 3996 β.
933 3942 962 3977 12
973 3930 1085 3991 ardente]
1105 3932 1173 3995 igonis
1192 3933 1303 3982 ardentis
1317 3933 1344 3981 B.
1449 3945 1478 3993 14
1493 3931 1536 3981 scd
1544 3932 1580 3992 si]

226 4009 249 4057 G
262 4025 312 4058 om.
325 4011 356 4058 si.
439 4009 469 4058 16
480 4006 541 4068 non]
552 4025 602 4060 om.
618 4011 638 4059 1.
721 4019 748 4070 17
760 4008 813 4069 sed]
824 4027 873 4060 orn.
889 4011 921 4060 G.
1000 4012 1106 4061 Incende
1117 4014 1210 4075 igilur]
1222 4015 1240 4063 i.
1254 4029 1309 4078 ergo
1321 4013 1343 4062 G
1356 4014 1418 4072 (om.
1428 4016 1581 4078 praeporal3

225 4091 399 4141 incenderimus
418 4092 501 4155 igilur
520 4093 550 4143 B.
653 4091 681 4142 18
700 4090 833 4150 conbustio]
852 4093 977 4142 conbustio
996 4092 1038 4154 G;
1057 4093 1180 4143 conbursio
1194 4095 1222 4144 B.
1326 4107 1355 4156 19
1372 4094 1580 4160 significantiam]

224 4175 432 4243 ritm'firalionem
446 4175 475 4226 C.
577 4172 1124 4242 2212222121111221112111.2411120.
1138 4195 1160 4242 q.
1167 4178 1193 4242 s.
1208 4193 1227 4226 c.
1241 4193 1265 4229 e.
1275 4175 1379 4238 lerronr]
1391 4193 1440 4227 om.
1456 4177 1487 4226 G.

267 4387 291 4426 2.
307 4362 430 4505 ernnll)
448 4365 517 4424 Luc.
545 4384 588 4438 12,
607 4386 652 4425 oo.
927 4365 1028 4427 senilis
1056 4366 1216 4428 memoriae
1245 4369 1360 4445 lapsum
1384 4379 1453 4429 ante
1475 4368 1579 4428 oculos

265 4450 292 4506 6.
308 4448 408 4507 invoco
426 4441 514 4525 rinus]
527 4448 573 4506 Ps.
594 4467 637 4521 19,
655 4449 681 4508 8.
927 4448 1063 4507 omnium
1078 4448 1179 4509 denuo
1195 4450 1290 4525 palam
1301 4451 1405 4510 lacere.

268 4549 311 4588 10.
327 4535 355 4588 el
366 4529 499 4604 conpellit
514 4535 549 4586 nl
560 4529 681 4588 adorent
693 4525 762 4608 Bel]
778 4527 875 4588 Verba
973 4549 1015 4604 13.
1033 4549 1089 4588 non
1104 4527 1272 4610 odoramus]
1291 4533 1366 4589 Dan.
1384 4551 1411 4606 3,
1433 4534 1476 4590 18.

225 4610 306 4682 haec,
323 4623 355 4670 ut
370 4609 440 4683 dixi,
465 4607 649 4686 compositor
677 4609 817 4670 Breviarii
839 4627 875 4669 ex
970 4631 1014 4670 21.
1031 4608 1140 4691 eornm]
1157 4611 1264 4671 Matth.
1287 4632 1331 4688 13,
1349 4615 1395 4686 58.

225 4692 371 4753 sententia
394 4689 517 4752 omisit:
542 4689 649 4768 pudori
673 4689 785 4750 scilicet
810 4691 873 4762 luit,

276 4820 387 4861 Anwdota
398 4819 549 4860 Maoedsolana
560 4819 603 4868 Ill,
613 4834 632 4860 a.
