4060 5498
484 317 537 397 32
864 305 893 363 S.
924 305 1180 365 HIERONVMI
1211 305 1478 365 PRESBYTERI

478 507 622 592 perraris
636 507 735 570 Deus.
753 505 920 589 Loquitur
934 507 1180 570 ecclesiasticus
1197 509 1255 584 vir,
1269 508 1311 570 de
1328 509 1423 570 cuius
1451 517 1546 571 utero
1573 507 1680 570 fluunt
1701 506 1835 569 flumina

485 632 591 696 aquae
607 611 708 674 vivae.
727 611 829 674 Videt
844 611 934 674 enim
951 631 1094 674 messem
1108 611 1260 688 multam,
1280 622 1313 676 et
1328 613 1499 693 operarios
1519 631 1643 693 paucos
1657 613 1834 693 :grandem

485 717 735 782 multitudinem
749 718 968 793 credentium,
995 727 1028 779 et
1056 718 1227 781 doctrinas
1256 717 1406 779 modicas
1434 718 1691 797 magistrorum:
1715 714 1835 778 multos

483 821 679 897 haereticos,
705 819 827 884 multos
854 821 1070 898 adversarios,
1086 833 1119 883 et
1137 841 1261 904 paucos
1276 841 1349 883 esse
1359 819 1548 895 bellatores,
1562 820 1621 901 qui
1633 840 1695 902 pro
1706 819 1837 884 Christo

483 922 653 986 dimicent.
671 923 724 986 Ne
739 931 853 986 taceas
870 943 979 1006 neque
994 924 1219 1005 compescaris
1236 923 1341 986 Deus.
1358 921 1473 1004 Quare
1489 921 1579 986 hoc?
1852 951 1865 1002 5

530 1025 695 1106 Quoniam
709 1048 774 1090 ecce
782 1027 913 1090 inliniri
926 1028 979 1090 tui
991 1037 1199 1091 sanaverunt.
1225 1028 1397 1091 Haeretici
1414 1027 1605 1109 loquuntur,
1619 1037 1652 1091 et
1669 1025 1835 1090 ecclesias-
1971 1019 1972 1034 ¹

484 1130 541 1194 tici
554 1140 668 1196 tacent
686 1154 694 1194 :
711 1131 759 1193 illi
787 1141 919 1206 sonant,
945 1144 979 1194 et
1007 1152 1068 1195 nos
1096 1132 1253 1196 silemus:
1277 1132 1325 1194 illi
1352 1131 1599 1212 blasphemant,
1619 1143 1653 1194 et
1678 1152 1739 1195 nos
1769 1151 1834 1194 uon

482 1233 651 1299 intramus,
669 1234 838 1317 Quoniam
856 1255 932 1298 ecce
948 1235 1074 1298 inimici
1100 1237 1149 1298 tui
1174 1244 1386 1298 sonaverunt.
1411 1233 1552 1298 Pulchre
1575 1236 1675 1312 dixit,
1701 1255 1834 1299 sonare·

408 1339 411 1346 ’
484 1347 580 1402 runt:
597 1357 664 1402 nou
680 1341 770 1402 enim
786 1357 897 1400 sermo
912 1347 963 1401 est
980 1339 1012 1401 in
1030 1338 1265 1402 aedificatione
1284 1347 1449 1420 comptus,
1471 1339 1528 1401 sed
1555 1348 1689 1402 tantum
1712 1338 1835 1402 clamor
1971 1339 1972 1352 ¹

484 1441 725 1525 incompositus
741 1443 783 1506 ad
800 1442 1072 1508 destructionem.
1089 1443 1138 1506 Et
1146 1443 1206 1526 qui
1219 1443 1356 1506 aderunt
1371 1452 1400 1505 te
1411 1442 1596 1506 rettulerunt
1608 1453 1712 1524 caput.
1728 1443 1836 1506 Tanta
1853 1465 1879 1504 ro
1971 1451 1972 1530 l

484 1545 666 1610 multitudo
679 1545 925 1609 haereticorum
942 1557 1002 1621 est,
1018 1557 1051 1608 et
1068 1549 1220 1628 paucitas
1236 1548 1269 1609 in
1289 1557 1321 1608 te
1338 1546 1557 1610 credentium.

527 1647 636 1731 Super
643 1651 799 1732 papulum
815 1661 909 1715 tuum
925 1653 1196 1733 malignaverunt
1218 1653 1398 1716 consilium.
1428 1653 1504 1715 Hoc
1529 1652 1721 1733 loquuntur,
1736 1662 1772 1715 ut
1795 1653 1836 1714 de

483 1764 541 1816 tua
575 1754 715 1818 ecclesia
746 1758 885 1840 rapiant.
916 1755 1153 1838 Cogitnvernnt
1177 1757 1337 1820 adversus
1362 1766 1489 1819 sanctas
1520 1766 1599 1820 tuas.
1627 1755 1719 1818 Nihil
1747 1755 1835 1819 aliud

482 1856 606 1921 cotidie
621 1858 782 1940 cogitant,
795 1861 857 1924 nisi
874 1863 1047 1943 quomodo
1059 1862 1302 1925 ecclesiasticos
1312 1861 1596 1944 decipiantatque
1611 1859 1835 1943 subplantent.

529 1962 701 2042 Debuerant,
723 1963 837 2029 Venite
851 1965 1079 2048 disperdamus
1093 1988 1144 2029 eos
1162 1965 1315 2048 degente.
1342 1966 1476 2029 Novam
1504 1985 1573 2026 rem
1594 1963 1701 2030 video.
1728 1965 1835 2029 Tanta
1852 1984 1877 2036 ¹5

484 2067 666 2133 multitudo
681 2071 925 2134 haereticorum
943 2081 1003 2148 est,
1018 2081 1051 2134 et
1068 2081 1165 2134 tanta
1191 2073 1393 2152 dogmatum
1419 2069 1603 2145 diversitas,
1630 2077 1666 2132 ut
1694 2069 1780 2132 inter
1802 2089 1836 2131 se

483 2173 633 2236 diversae
646 2175 834 2237 sententiae
849 2176 926 2252 sint,
941 2186 975 2238 et
991 2176 1022 2236 in
1042 2187 1157 2239 nostro
1172 2185 1304 2239 tanturn
1322 2175 1401 2238 odio
1415 2173 1640 2238 consentiunt.
1657 2173 1836 2256 Quomodo

483 2277 571 2339 enirn
590 2277 744 2341 Herodes
761 2286 795 2340 et
812 2276 938 2340 Pilatus
956 2276 1080 2340 inimici
1097 2287 1200 2354 erant,
1211 2287 1246 2342 et
1261 2287 1378 2341 contra
1388 2277 1560 2342 Christum
1570 2287 1709 2357 agentes
1722 2296 1835 2359 pacem

482 2380 642 2458 iecerunt,
658 2392 691 2445 et
708 2382 800 2463 peior
817 2383 880 2446 luit
896 2403 1011 2446 eorum
1038 2385 1218 2446 concordia
1245 2403 1346 2464 quarn
1372 2383 1478 2447 iuerat
1505 2382 1706 2461 inimicitia3
1731 2384 1778 2446 sic
1804 2392 1835 2444 et

482 2485 536 2550 isti
550 2485 710 2550 scelerate
725 2485 900 2561 dissident,
918 2486 1111 2550 sceleratius
1138 2486 1361 2551 foederantur.
1851 2507 1879 2544 ao

524 2589 697 2656 Aduersus
716 2599 943 2654 testamentum
974 2601 1067 2653 tuum
1102 2589 1337 2672 disposuerunt.
1367 2592 1419 2653 Tu
1446 2591 1577 2654 locutus
1609 2609 1645 2652 es
1675 2610 1735 2671 per
1763 2610 1834 2672 pro-

482 2692 627 2774 phetas;
650 2704 683 2759 et
715 2694 761 2758 illi
790 2716 848 2776 per
875 2695 1122 2774 Manichaeum‚
1148 2696 1365 2774 Marcionem,
1391 2697 1537 2771 Arrium,
1553 2707 1587 2758 ct
1609 2694 1834 2758 Valentinum.

487 2797 707 2862 Tabernacula
744 2798 975 2862 Idumaeorum
1004 2811 1037 2863 et
1066 2798 1301 2863 Isrnnltelitnm.
1342 2798 1510 2881 Quoniam
1533 2799 1636 2862 semel
1666 2800 1834 2882 coepimus

481 2902 638 2965 derelicta
654 2904 814 2966 historiae
837 2905 964 2967 vilitate
992 2925 1127 2968 sensum
1155 2906 1197 2968 ad
1225 2906 1379 2970 altiorem
1407 2905 1567 2985 spiritalis
1589 2905 1834 2985 intellegentiae

480 3007 702 3088 expositionis
716 3009 854 3071 modurn
871 3008 1076 3073 extollere...
1098 3011 1250 3073 Historia
1275 3010 1363 3072 enim
1391 3008 1538 3090 simplex
1553 3019 1613 3082 est,
1639 3010 1671 3070 in
1698 3030 1764 3090 qua
1780 3029 1834 3090 po·
1850 3029 1876 3078 25

482 3110 578 3190 pulus
597 3111 753 3174 iudaicus
770 3111 917 3194 loquitur
932 3115 975 3176 ad
992 3126 1119 3176 ceteras
1136 3122 1263 3195 gentes,
1280 3135 1364 3194 quae
1377 3123 1495 3176 contra
1512 3110 1604 3174 illurn
1621 3112 1833 3175 dimicabant.

482 3213 638 3278 Ceterum
656 3215 891 3298 quodcumque
907 3216 1031 3280 sactum
1049 3227 1108 3290 est,
1125 3219 1157 3280 in
1176 3230 1258 3300 typo
1282 3227 1396 3280 nostro
1421 3216 1546 3279 lactum
1572 3227 1630 3278 est.
1650 3216 1754 3280 lsrael
1778 3236 1833 3297 op·

481 3329 649 3400 pugnatus
665 3320 875 3394 est‚victoria
892 3319 978 3382 illins
996 3322 1092 3384 nobis
1110 3321 1243 3402 proluit.
1271 3321 1457 3383 Videamus
1485 3339 1565 3400 ergo
1589 3321 1646 3401 qni
1672 3331 1750 3382 sunt
1781 3320 1832 3401 qui

480 3423 641 3488 adversus
665 3424 839 3487 ecclesiam
868 3425 1038 3491 dimicent.
1065 3426 1297 3489 Tabernacula
1315 3425 1564 3488 idumaeorum.
1589 3423 1742 3486 Idumaei
1772 3433 1831 3487 ter-

479 3528 548 3592 reni
566 3528 838 3611 interpretantur.
856 3527 998 3592 Pulchre
1021 3530 1121 3605 dixit,
1152 3529 1378 3606 tabernacula,
1400 3550 1466 3592 non
1492 3529 1581 3590 enim
1610 3527 1736 3591 liabent
1765 3529 1831 3590 iun·
1849 3547 1874 3598 30

511 3736 521 3770 1
527 3720 632 3787 fluunt]
643 3738 695 3772 orn.
710 3721 740 3771 L.
841 3717 906 3779 aet]
923 3737 973 3770 orn.
994 3721 1025 3770 L.
1126 3720 1170 3771 6.8
1186 3721 1502 3782 sanaveruntlsanuerunt
1515 3720 1543 3769 L.
1644 3721 1834 3780 decelesrirstier]

477 3804 524 3855 OV
536 3820 567 3854 ex
580 3803 709 3868 superfluo
722 3803 782 3854 add.
796 3803 859 3854 uiri.
874 3803 914 3852 Cl.
929 3819 1005 3867 supra
1016 3803 1070 3852 111²
1083 3814 1120 3865 15,
1132 3815 1163 3866 34
1174 3805 1181 3829 ‘
1193 3801 1505 3866 llliihaereticilpereant,
1516 3802 1833 3858 ecclesiasticilaeteutur':

476 3887 517 3950 63,
538 3898 569 3949 25
589 3885 776 3936 ‘Ecclesiastici
794 3884 862 3934 enirn
881 3885 967 3934 rustici
985 3891 1086 3934 sunt...:
1106 3899 1194 3933 omnes
1211 3899 1270 3932 vero
1287 3882 1455 3934 haeretici...’
1473 3893 1521 3934 etc.
1634 3893 1647 3944 7
1666 3879 1727 3942 tran]
1744 3903 1787 3936 orn
1805 3885 1830 3934 1.

478 3981 493 4030 9
505 3970 534 4018 in
545 3968 727 4032 aedificatione]
741 3967 835 4026 MOV;
847 3968 876 4016 in
889 3966 1063 4030 hedificatiane
1076 3967 1104 4014 L.
1188 3978 1217 4013 10
1227 3967 1284 4031 qui]
1294 3969 1357 4031 quia
1370 3967 1398 4015 L.
1478 3967 1625 4014 extulerunt
1636 3961 1722 4031 caput]
1732 3977 1756 4017 et
1766 3975 1832 4019 extu·

476 4051 566 4100 lerunt
575 4051 659 4114 capud
670 4050 701 4100 L.
803 4064 833 4111 14
843 4045 1025 4107 ecclesiasticas]
1038 4048 1090 4097 Hic
1100 4064 1202 4112 quoque
1213 4048 1262 4097 OV
1279 4049 1338 4097 add.
1358 4049 1437 4099 viros.
1537 4061 1567 4110 19
1575 4048 1667 4112 scierat
1684 4049 1833 4109 ininiritia]

468 4131 580 4198 suerunt
596 4133 751 4182 inimicitiae
774 4132 804 4182 L.
914 4145 946 4182 20
966 4126 1097 4188 dissident]
1113 4132 1238 4180 dr'sredeut
1254 4131 1313 4180 OV.
1417 4131 1591 4194 foederantur]
1599 4129 1757 4194 federantur
1773 4133 1830 4183 LM.

478 4227 505 4264 21
521 4223 698 4266 testamentum
708 4211 793 4274 tuum]
803 4213 865 4274 OV;
874 4223 896 4263 te
907 4221 1082 4263 testamentum
1097 4213 1153 4262 LM.
1222 4209 1328 4271 locutus]
1341 4213 1394 4263 LM
1405 4229 1413 4272 ;
1424 4215 1544 4278 loquutus
1554 4213 1612 4264 OV.
1680 4228 1713 4264 22
1724 4217 1832 4266 Arrium

474 4307 499 4348 et
517 4297 691 4358 Valentinum]
702 4298 766 4357 OV;
778 4306 802 4346 et
819 4299 981 4348 Valentinum
993 4299 1106 4347 Arrium
1119 4297 1163 4358 M;
1182 4295 1347 4346 Valentinum
1359 4299 1470 4347 Arrium
1480 4297 1509 4348 L
1610 4310 1640 4360 23
1648 4297 1832 4360 Irnralelitun]

479 4383 520 4442 n;
538 4383 723 4432 Hismaelitum
744 4381 825 4432 LOV.
927 4395 958 4442 ²4
978 4375 1088 4437 vilitate]
1106 4381 1218 4428 utilitate
1235 4378 1268 4430 0.
1368 4381 1495 4444 spiritalis
1511 4377 1703 4444 intellegentiae]
1720 4399 1787 4434 corr.
1805 4397 1832 4432 er

475 4465 589 4530 specialis
601 4465 649 4514 int.
664 4463 702 4524 03
715 4464 830 4526 spiritali
841 4464 1012 4528 intellegentia
1025 4463 1062 4512 M.
1153 4460 1377 4526 25inquaJLM;
1390 4463 1547 4528 inquaOV.
1631 4475 1662 4525 27
1674 4471 1732 4529 type
1743 4463 1832 4526 nostra]

477 4555 560 4600 nostro
571 4553 627 4612 type
639 4547 675 4596 Μ.
