4154 5494
437 404 513 489 152
808 407 837 466 S.
861 406 1115 467 HIERONYMI
1140 407 1403 466 PRESBYTERI

476 623 612 704 Moyses
638 622 732 686 audit
747 641 767 685 a
784 621 878 685 Deo:
893 620 966 686 ‘Tu
983 641 1061 685 vero
1079 621 1133 684 hic
1148 629 1201 688 sta
1217 621 1377 686 mecum’
1394 622 1439 686 Et
1452 621 1644 705 Stephanus
1660 633 1787 702 martyr

432 728 568 810 quando
584 726 767 809 pugnabat,
782 724 865 789 vidit
894 725 1004 788 lesum
1021 735 1167 789 stantem
1184 745 1204 790 a
1219 726 1350 789 dextris
1377 725 1491 790 Patris.
1517 725 1647 790 Sedens
1671 733 1785 789 autem

434 831 527 895 Deus
557 830 733 913 dupliciter
757 829 933 895 inducitur.
958 827 994 894 Si
1020 829 1053 892 in
1079 828 1175 893 nobis
1201 829 1304 904 sedet,
1327 828 1439 892 felices
1460 848 1595 906 sumus;
1621 830 1648 892 si
1673 838 1785 892 autem

434 937 530 1022 nobis
556 934 806 999 ambulantibus
835 933 868 996 in
900 932 973 996 aliis
1003 933 1106 1010 sedet,
1136 932 1284 996 infelices
1314 953 1437 997 sumus.
1470 933 1650 1016 Quomodo
1680 933 1788 1015 inquit

433 1039 544 1104 ‘Libri
561 1039 667 1122 aperti
680 1047 766 1110 sunt,
782 1047 816 1102 et
832 1038 942 1101 throni
959 1037 1058 1119 positi
1075 1047 1152 1101 sunt
1164 1036 1172 1061 '
1185 1037 1218 1102 in
1236 1037 1391 1102 Danihel.
1403 1037 1448 1100 Et
1462 1038 1573 1101 throni
1590 1037 1689 1119 positi
1701 1043 1788 1099 sunt
1826 1058 1841 1111 5

437 1142 486 1206 lbi
503 1142 598 1225 quasi
616 1142 719 1206 iudex
742 1142 885 1225 ponitur.
903 1140 998 1204 Licet
1016 1160 1096 1222 ergo
1113 1139 1230 1204 infelix
1245 1142 1289 1203 sit
1316 1140 1371 1204 ille
1395 1141 1452 1223 qui
1478 1141 1652 1226 iudicatur,
1674 1149 1787 1204 tamen

435 1245 516 1310 felix
532 1255 583 1310 est
598 1244 653 1309 ille
673 1245 725 1308 cui
742 1247 882 1308 sedetur.
900 1245 956 1310 Sic
972 1265 1052 1328 ergo
1067 1246 1169 1310 ethic
1188 1246 1279 1311 Deus
1295 1248 1410 1310 sedere
1425 1247 1546 1311 dicitur
1560 1267 1660 1327 super
1674 1245 1788 1310 chern-

436 1351 514 1414 bim.
530 1348 709 1414 Cherubim
729 1350 962 1430 interpretatur
978 1350 1138 1414 scientiae
1151 1349 1331 1414 multitudo
1343 1375 1350 1414 :
1361 1351 1563 1433 quicumque
1574 1350 1677 1414 habet
1685 1351 1789 1414 scien-

436 1453 503 1516 tiae
529 1452 787 1528 multitudinem,
804 1452 858 1515 ille
885 1451 1024 1516 thronus
1037 1453 1101 1516 Dei
1117 1462 1177 1518 est.
1194 1453 1362 1518 Scientiae
1378 1454 1568 1530 multitudo,
1590 1473 1657 1517 non
1680 1452 1788 1518 solum

436 1557 574 1620 scientia
589 1566 649 1633 est,
665 1555 722 1619 sed
747 1565 781 1618 et
796 1575 920 1638 opera:
947 1555 1003 1621 illa
1017 1558 1107 1621 enirn
1124 1577 1201 1620 vera
1216 1559 1355 1622 scientia
1370 1568 1430 1634 est,
1446 1578 1532 1642 quae
1554 1579 1657 1641 opera
1673 1555 1789 1623 confir·
1814 1583 1852 1623 ιο.

437 1670 556 1726 matur.
568 1661 723 1727 Ceterum
741 1661 862 1725 frustra
873 1659 992 1743 aliquis
1007 1680 1160 1725 sermone
1176 1661 1349 1726 scientiam
1372 1663 1583 1744 repromittit,
1599 1683 1675 1726 cum
1690 1681 1790 1746 opere

437 1786 511 1830 eam
527 1765 677 1830 destruit.

481 1870 528 1934 Et
541 1868 643 1934 honor
656 1868 743 1950 regis
758 1868 915 1932 iudicium
930 1868 1050 1950 diligit.
1076 1868 1286 1954 Quicumque
1302 1878 1458 1953 peccator
1473 1879 1532 1946 est,
1551 1872 1614 1934 Dei
1631 1871 1788 1936 iudicium

437 1976 554 2041 timet:
569 1993 635 2037 non
653 1973 741 2036 enim
758 1973 829 2036 vult
844 1973 927 2036 scire
942 1972 1095 2049 iudicem,
1118 1974 1176 2037 sed
1191 1975 1445 2038 misericordem.
1459 1973 1670 2058 Quicumque
1680 1984 1791 2038 autem

438 2087 573 2144 sanctus
588 2086 649 2152 est,
664 2085 697 2140 et
714 2077 806 2141 audit
824 2076 945 2153 Deum,
960 2086 994 2140 et
1009 2074 1173 2158 glorificat
1189 2077 1221 2140 ln
1237 2097 1376 2160 corpore
1394 2097 1464 2154 suo,
1481 2079 1543 2141 iste
1558 2077 1701 2142 iudicem
1725 2097 1791 2142 non
1816 2105 1826 2142 ι
1829 2102 1845 2157 5

440 2182 544 2259 timet,
553 2181 612 2245 sed
623 2180 739 2261 diligit.
751 2180 852 2243 Verbi
865 2200 975 2257 causa,
987 2181 1013 2243 si
1025 2181 1127 2245 iudex
1138 2180 1256 2264 aliquis
1269 2183 1381 2248 veniat
1389 2186 1664 2258 severissimus,et
1673 2184 1793 2248 dicitur

440 2307 511 2352 esse
526 2286 668 2352 crudelis
684 2296 717 2350 et
727 2283 821 2367 quasi
837 2285 1033 2366 sanguinem
1049 2285 1177 2362 bibens,
1192 2287 1219 2350 si
1235 2287 1310 2368 quis
1326 2288 1494 2352 homicida
1505 2301 1566 2365 est,
1581 2289 1671 2352 hunc
1692 2287 1792 2353 talem

440 2394 536 2457 timet
552 2391 706 2455 iudicem.
723 2387 789 2471 Qui
816 2399 929 2452 autem
948 2389 1027 2452 nihil
1045 2390 1124 2453 mali
1152 2390 1238 2468 fecit,
1253 2401 1286 2455 et
1313 2391 1385 2456 odit
1401 2413 1488 2475 quae
1513 2394 1602 2458 mala
1618 2403 1704 2471 sunt,
1726 2411 1792 2456 non

441 2495 549 2558 solum
567 2513 633 2558 non
659 2495 755 2556 timet
772 2491 924 2570 iudicem,
940 2493 998 2556 sed
1026 2504 1059 2558 et
1074 2494 1193 2576 diligit.
1210 2494 1300 2578 Quid
1328 2496 1417 2560 enim
1434 2497 1538 2562 dicit?
1564 2499 1654 2562 Bene
1669 2497 1793 2561 factum

441 2609 501 2676 est,
520 2607 556 2662 ut
572 2597 647 2662 talis
664 2595 766 2659 iudex
784 2597 930 2660 veniret:
947 2607 1040 2660 tanta
1056 2597 1228 2662 latrocinia
1251 2609 1355 2676 erant,
1371 2609 1466 2665 tanta
1486 2601 1567 2664 vitia
1590 2609 1796 2675 exercentur,
1816 2627 1851 2664 κο

440 2704 526 2767 tanti
543 2701 840 2766 homicidaesunt:
856 2700 1078 2765 benefactum
1095 2710 1155 2778 est,
1172 2710 1207 2764 ut
1223 2701 1298 2764 talis
1315 2704 1417 2766 iudex
1434 2705 1569 2770 veniret.
1585 2704 1796 2789 Quicumque

442 2809 531 2873 enim
558 2816 693 2870 sanctus
708 2815 769 2884 est,
785 2826 850 2870 non
873 2807 968 2872 timet
993 2807 1145 2884 iudicem,
1160 2809 1218 2872 sed
1246 2808 1364 2891 diligit.
1382 2809 1433 2872 Eo
1449 2818 1600 2892 tempore
1615 2808 1797 2892 conpletur,
1882 2887 1888 2896 ¹

444 2911 489 2975 Et
505 2910 611 2975 honor
628 2910 714 2992 regis
731 2910 889 2973 iudicium
906 2909 1025 2994 diligit.

492 3015 523 3078 T
520 3035 540 3076 u
548 3013 684 3097 parasti
693 3013 886 3076 directiones.
904 3013 1004 3097 Quod
1019 3015 1110 3092 dicit,
1125 3015 1189 3080 hoc
1205 3025 1256 3079 est
1270 3041 1277 3080 :
1289 3015 1342 3081 Tu
1353 3035 1470 3081 omnes
1487 3027 1595 3082 rectos
1611 3015 1792 3093 lecisti‚sed

443 3139 504 3183 suo
528 3118 610 3185 vitio
636 3119 807 3200 depravati
832 3128 919 3184 sunt.
951 3120 1003 3184 Tu
1031 3120 1201 3186 hominem
1227 3130 1353 3184 rectum
1382 3123 1509 3187 creasti.
1539 3122 1583 3186 Et
1620 3121 1695 3185 vide
1717 3119 1797 3204 quid
1817 3147 1851 3200 ις

441 3224 540 3302 dixit,
555 3223 773 3288 directiones:
797 3242 863 3286 non
890 3244 998 3300 unam,
1015 3224 1072 3288 sed
1091 3225 1222 3288 multas.
1240 3224 1351 3291 Omne
1378 3226 1467 3288 enlm
1485 3225 1575 3309 quod
1592 3223 1708 3302 fecisti,
1731 3242 1798 3287 rec-

443 3337 584 3394 tumeat

488 3431 533 3496 Et
551 3431 685 3494 adorare
705 3429 874 3494 scabillum
891 3430 1011 3512 pdum
1024 3431 1103 3508 eius,
1118 3429 1271 3514 quonium
1297 3442 1446 3496 sanctum
1460 3443 1514 3496 est.
1532 3431 1633 3516 Quod
1661 3441 1712 3496 est
1723 3432 1799 3495 -hoc

482 3637 490 3674 t
507 3625 602 3688 Moyses
620 3623 695 3672 auiti
713 3639 730 3671 a
748 3622 811 3684 Deo]
833 3619 945 3688 lideficit
958 3623 1078 3688 usquead
1092 3622 1166 3672 finem
1187 3631 1315 3674 tractatus.
1416 3619 1586 3684 3indrrritrrr]
1604 3618 1759 3682 intelligitur
1770 3617 1798 3667 B.

446 3706 579 3768 ysedetrrr]
597 3706 661 3754 sedet
672 3705 701 3755 C.
803 3705 845 3754 Sic
855 3705 921 3768 ergo]
940 3706 965 3754 si
974 3721 1028 3770 ergo
1040 3705 1116 3765 CSG,
1132 3706 1225 3754 Pcorr.
1331 3703 1471 3753 inscientia
1491 3709 1527 3751 est
1544 3701 1587 3750 secl
1601 3701 1716 3765 clepera]
1735 3699 1799 3749 CSG

445 3805 495 3838 om.
509 3794 559 3848 est;
571 3788 619 3839 CG
631 3803 680 3838 om.
694 3793 726 3846 et,
741 3787 761 3836 P
773 3783 831 3835 add.
846 3799 900 3848 sup.
915 3783 949 3832 lin
961 3799 968 3842 ;
980 3790 1047 3847 opere
1059 3783 1084 3831 S.
1169 3797 1233 3847 quae
1243 3780 1325 3846 opera]
1336 3798 1359 3846 q.
1374 3789 1441 3845 opere
1453 3779 1504 3830 CS.
1585 3791 1612 3828 tt
1623 3778 1742 3840 sumne]
1752 3793 1800 3828 ser·

445 3887 540 3920 mortem
552 3871 605 3930 SG,
620 3870 702 3920 Peon
714 3886 721 3928 ς
733 3882 855 3918 sermones
866 3867 890 3914 A
900 3883 906 3924 ;
918 3865 1038 3916 remonis
1050 3865 1070 3912 B
1080 3881 1088 3922 ;
1098 3879 1177 3912 sermo
1188 3863 1218 3914 C.
1285 3861 1424 3923 scientiam]
1435 3862 1551 3911 scebetmr
1563 3860 1611 3910 AG
1623 3878 1630 3918 r
1642 3861 1761 3909 scienciae
1771 3861 1798 3910 S.

449 3953 552 4014 racana]
566 3951 816 4010 ABPS;raG;eum
826 3948 855 3998 C.
928 3959 956 4008 14
967 3946 1257 4008 misericordemJBadd.
1267 3946 1360 3996 Dalm.
1431 3941 1799 4009 tsglorrficathlen'ficauitB.

449 4033 478 4083 16
489 4033 596 4097 aliquis]
607 4033 691 4098 aliqui
702 4033 754 4082 SG.
859 4027 1184 4091 17irrnctalem1hr'rtalis
1196 4027 1222 4078 S.
1328 4027 1356 4076 18
1369 4028 1444 4089 ntuli]
1458 4028 1520 4076 mule
1534 4027 1560 4076 B.
1661 4042 1724 4089 quae
1736 4026 1802 4074 mala

446 4113 517 4176 sunt]
536 4115 584 4180 qui
601 4114 664 4162 nrnlr'
681 4119 742 4161 sunt
761 4113 789 4162 B.
895 4123 923 4171 19
941 4125 991 4160 non
1010 4103 1091 4166 timet]
1111 4109 1156 4158 CG
1170 4125 1220 4158 non
1238 4117 1315 4173 repet.
1331 4110 1499 4173 negationem.
1602 4119 1682 4171 eosq.
1695 4103 1802 4165 omini]

447 4196 543 4244 venerit
555 4195 610 4254 BG,
626 4196 720 4244 Pcorr.
822 4193 852 4242 28
863 4209 918 4257 sqq.
931 4191 1119 4252 scabillum&
1139 4190 1325 4254 scapillrrmG;
1344 4191 1475 4242 scabellum
1487 4190 1572 4240 ceteri.
1672 4185 1803 4254 quoniam]

446 4279 509 4346 quio
521 4277 575 4328 GP.
679 4277 751 4338 Quod
759 4276 804 4337 est]
816 4275 923 4340 quidest
935 4273 989 4324 CG.

495 4457 516 4496 1.
534 4438 646 4513 Moyses
660 4436 745 4494 audit
754 4433 824 4515 etc]
837 4435 924 4510 Quae
939 4444 1103 4508 sequuntur
1196 4451 1222 4510 5.
1233 4435 1326 4510 positi
1336 4428 1416 4513 sunt]
1434 4433 1510 4494 Dan.
1525 4449 1551 4506 7,
1568 4453 1609 4490 ιο.
1623 4451 1650 4506 9.
1664 4429 1708 4492 Cf.
1721 4440 1801 4489 tract.

451 4519 597 4594 usquead
614 4519 703 4577 finem
723 4528 863 4576 tractatus
877 4515 977 4574 adhuc
992 4514 1102 4574 inedita
1155 4515 1194 4574 de
1210 4535 1250 4590 ps.
1268 4531 1375 4587 cxxxi,
1393 4534 1480 4590 supra
1496 4535 1521 4590 p.
1542 4534 1589 4588 74.

451 4611 541 4661 erant.
1197 4617 1222 4668 n.
1240 4593 1405 4675 multitudo]
1421 4597 1469 4658 Cf.
1485 4615 1512 4673 p.
1531 4614 1578 4671 39,
1596 4596 1612 4653 l.
1635 4595 1676 4652 16.

537 4678 653 4762 nircum]
672 4683 759 4740 Dent.
778 4697 804 4755 5,
821 4698 868 4754 3¹·
