4160 5500
505 399 585 494 '40'2
882 415 910 475 s
934 412 1188 476 mmourm
1212 413 1487 478 caussinum

500 623 502 630 ’
580 643 583 650 ’
672 624 747 750 ni:
779 647 1728 800 PERSECUUUNUxprsrmuoreulrs

515 863 756 945 Frequenter
770 860 939 925 diximus.
955 879 1084 942 semper
1101 859 1270 952 Xpistiani
1288 841 1549 942 persecutionem
1564 843 1743 954 patiuntur.
1760 867 1860 930 Mun·

506 930 594 1030 dus
584 975 646 1030 rste
672 965 705 1029 in
723 962 871 1048 maligno
899 963 1027 1047 positus
1044 973 1103 1027 est.
1128 962 1347 1027 Adversarius
1373 973 1484 1029 noster
1508 964 1660 1030 diabolus
1687 979 1805 1068 regnat
1827 965 1861 1032 in

507 1071 642 1147 mundo,
658 1078 691 1134 et
708 1087 768 1132 nos
787 1078 944 1151 putamus
969 1068 1057 1150 quod
1083 1087 1148 1130 non
1167 1066 1332 1149 patiamur
1348 1071 1637 1150 persecutionem?
1662 1059 1756 1156 Quae
1771 1069 1861 1150 enim

508 1194 558 1237 res
574 1193 641 1238 non
657 1174 865 1257 persequitur
886 1173 1127 1255 Xpistianumi
1143 1169 1267 1266 Omnia
1280 1192 1365 1255 quae
1381 1171 1413 1237 in
1425 1175 1863 1266 mundosunt,persequun·
1896 1192 1908 1244 5

510 1288 563 1343 tur
590 1278 814 1362 Xpistianum.
845 1277 1006 1340 Miramur
1033 1275 1060 1340 si
1085 1295 1145 1339 nos
1170 1282 1411 1358 persequuntur
1440 1273 1505 1351 alii,
1529 1275 1556 1337 si
1588 1275 1720 1358 Xpisto·
1741 1278 1863 1342 servire

507 1383 735 1448 voluerimus?
750 1393 784 1448 et
799 1391 954 1465 parentes
970 1381 1072 1446 nostri
1096 1399 1157 1443 nos
1185 1387 1434 1470 persequuntur
1450 1359 1662 1473 Quicumque
1688 1380 1860 1446 dissimilis

502 1489 611 1554 'nostri
628 1498 677 1552 est
680 1488 910 1570 ,persequitur
925 1507 994 1562 nos,
1015 1496 1047 1549 et
1063 1484 1141 1548 odio
1169 1503 1229 1547 nos
1245 1482 1354 1546 habet.
1372 1479 1542 1558 Miramur,
1558 1501 1585 1544 sr
1577 1481 1657 1545 alii
1674 1503 1734 1547 nos
1750 1505 1861 1566 perse-

502 1583 677 1674 quuntur?
695 1592 808 1673 Ipsum
826 1609 945 1674 corpus
961 1599 1109 1653 nostrum
1128 1607 1188 1650 nos
1204 1584 1420 1670 persequitur.
1432 1583 1467 1648 Si
1484 1585 1661 1649 comedero
1677 1587 1862 1668 paululum,

510 1705 543 1761 et
566 1694 799 1778 corpusculum
817 1693 987 1759 robustum
1015 1693 1120 1770 fuerit,
1144 1691 1280 1755 sanitas
1293 1687 1439 1769 corporis
1467 1688 1531 1781 mei
1559 1692 1767 1772 persequitur
1792 1691 1861 1754 ani·
1882 1710 1905 1746 ιο

510 1818 598 1864 mam
617 1817 734 1863 meam.
752 1799 973 1882 Quocumque
996 1818 1048 1861 me
1064 1807 1202 1872 vertero,
1219 1792 1403 1877 persecutio
1419 1801 1477 1855 est.
1495 1790 1530 1856 Si
1548 1793 1661 1857 videro
1679 1773 1863 1870 mulierem,

507 1904 624 1969 oculus
640 1922 733 1967 meus
750 1919 804 1968 me
820 1903 1047 1987 persequitur
1063 1901 1155 1984 cupit
1179 1895 1362 1963 interficere
1384 1895 1530 1959 animam
1554 1917 1672 1962 meam.
1694 1897 1863 1963 Sividero

504 2007 652 2085 divitias,
667 2007 694 2071 si
721 2027 847 2085 aurum,
863 2007 890 2070 si
917 2017 1101 2088 argentum,
1118 2004 1146 2068 si
1171 2001 1416 2088 possessiones:
1432 2001 1666 2084 quodcumque
1688 2003 1806 2068 videro
1829 2015 1861 2067 et

510 2109 748 2188 desideravero,
763 2109 827 2192 hoc
852 2109 1059 2193 persequitur
1090 2109 1235 2171 animam
1264 2125 1382 2169 meam.
1398 2104 1477 2168 Non
1503 2115 1657 2187 putemus
1681 2117 1813 2173 tantum
1832 2111 1861 2174 in

511 2213 670 2281 effusione
682 2215 853 2298 sanguinis
863 2236 935 2280 esse
952 2214 1146 2296 martyrium
1162 2195 1309 2293 :semper
1322 2208 1517 2291 martyrium
1530 2221 1588 2275 est.
1601 2210 1862 2278 Adulescentem
1883 2231 1906 2282 ¹5

511 2318 615 2384 libido
638 2318 868 2403 persequitur:
894 2317 965 2382 vult
996 2317 1110 2402 libido¹
1126 2313 1295 2380 effundere
1325 2315 1520 2398 sanguinem
1546 2317 1687 2382 animae.
1714 2317 1862 2402 Quando

510 2422 715 2505 periclitatur
730 2422 842 2486 anima
862 2429 929 2500 tua,
945 2431 977 2485 et
1004 2419 1098 2504 quasi
1115 2419 1147 2482 in
1165 2419 1310 2501 periculo
1337 2420 1518 2483 constituta
1544 2431 1613 2485 est:
1629 2431 1662 2485 et
1688 2431 1770 2486 tunc
1798 2432 1863 2488 stat

514 2527 606 2590 lesus
629 2525 793 2591 adextris
823 2525 938 2603 Patris,
954 2535 986 2589 et
1014 2533 1141 2608 pugnat
1167 2544 1226 2606 pro
1253 2523 1507 2588 adulescentulo
1526 2543 1594 2589 suo.
1611 2525 1663 2591 Si
1682 2545 1762 2608 ergo
1788 2539 1864 2592 sunt

512 2631 669 2715 martyria
685 2631 718 2694 in
736 2629 826 2714 pacis
846 2640 1006 2738 tempore,
1022 2638 1099 2693 sunt
1115 2636 1148 2692 et
1165 2629 1368 2708 negationes.
1385 2629 1496 2692 Nemo
1511 2649 1590 2716 ergo
1606 2628 1705 2706 dicat,
1715 2651 1782 2695 non
1793 2653 1864 2696 esse

510 2735 727 2819 martyrium:
743 2744 775 2801 et
793 2727 987 2819 martyrium
1019 2742 1078 2811 est,
1093 2742 1127 2797 et
1153 2731 1287 2813 negatio
1310 2741 1369 2796 est.
1386 2731 1461 2814 Ego
1477 2731 1576 2796 hodie
1590 2733 1647 2815 qui
1665 2733 1778 2797 videor
1794 2755 1864 2800 esse
1881 2755 1907 2790 20

510 2841 701 2918 monachus,
717 2840 744 2904 si
770 2839 933 2923 reliquero
962 2839 1168 2922 propositum
1196 2861 1316 2919 meum,
1332 2839 1491 2922 Xpistum
1520 2841 1646 2924 negavi.
1664 2840 1700 2906 Si
1724 2843 1862 2907 enimin

508 2966 592 3028 pace
609 2945 767 3028 Xpistum
785 2963 893 3027 nego:
910 2943 942 3007 in
959 2944 1188 3026 persecutione
1201 2944 1285 3028 ‚quid
1303 2944 1469 3009 iacerem?
1487 2943 1562 3008 Non
1580 2954 1737 3028 torqueor
1755 2966 1862 3030 neque

544 3095 553 3132 1
568 3083 681 3132 Collatus
700 3097 757 3132 cum
779 3081 954 3145 Pseudo-Aug.
968 3095 1040 3130 serm.
1055 3080 1088 3130 60
1099 3080 1130 3130 nd
1144 3081 1243 3131 Fratres
1258 3079 1283 3131 in
1300 3097 1392 3142 eremo,
1406 3081 1446 3131 ed.
1463 3081 1591 3132 Benedict.
1607 3081 1686 3132 Paris.
1704 3083 1774 3147 1685.
1789 3092 1807 3134 t.
1822 3095 1859 3142 vr,

509 3165 557 3214 eol.
571 3163 619 3228 368
631 3161 669 3229 (β)
681 3181 688 3222 ;
700 3162 810 3214 Caesarii
828 3163 923 3212 Arelat.
937 3163 1024 3212 homil.
1037 3175 1068 3212 20
1079 3179 1120 3228 ap.
1136 3163 1223 3228 Migne
1233 3165 1260 3214 P.
1271 3165 1293 3214 1.
1312 3163 1351 3226 67,
1365 3163 1425 3225 1083
1435 3164 1474 3222 (κ)
1486 3180 1492 3222 ς
1504 3165 1560 3214 cod.
1571 3163 1750 3214 Ashburnham
1764 3165 1862 3215 Barrois

511 3258 540 3310 57
552 3261 617 3296 saec.
627 3245 728 3310 Vlsvss
741 3245 783 3295 sol.
795 3257 826 3294 22
837 3245 883 3306 (A)
894 3244 925 3294 cl.
937 3245 1122 3309 Zangemeister
1135 3247 1142 3270 ‘
1153 3245 1253 3295 Berieht
1269 3247 1331 3294 iiber
1340 3245 1382 3295 die
1395 3245 1617 3307 Durchlorschung
1627 3247 1672 3295 der
1685 3245 1860 3297 Bibliothekeu

511 3327 640 3391 Englands
652 3323 658 3348 ¹
670 3327 745 3378 Wien
760 3326 830 3390 1877,
843 3343 868 3392 p.
878 3325 945 3388 ¹88·9
954 3344 961 3386 ;
981 3328 1039 3390 cod.
1054 3327 1152 3376 Musaei
1173 3327 1309 3376 Britannici
1323 3326 1409 3376 Addit.
1424 3325 1511 3390 30853.
1532 3329 1565 3377 ol.
1580 3327 1671 3378 Silensi
1691 3344 1755 3378 saec.
1770 3329 1810 3378 Xl
1822 3345 1859 3378 ex.

509 3409 550 3459 iol.
565 3413 626 3470 219v
637 3408 774 3473 (Sldequo
782 3407 808 3458 in
818 3409 914 3458 Anecd.
930 3409 1066 3458 Maredsol.
1083 3410 1131 3458 vol.
1147 3421 1166 3467 ι,
1180 3425 1204 3473 p.
1216 3411 1265 3470 406
1276 3425 1330 3474 sqq.
1399 3417 1445 3457 DE
1457 3416 1585 3457 PERSEC.
1596 3417 1727 3458 XPJSTIA
1733 3417 1796 3458 ΝΟΜ
1803 3408 1864 3469 [ΙΙΙ]

510 3492 550 3540 lta
561 3490 660 3542 codices
673 3489 722 3540 iere
734 3505 821 3540 omnes
831 3508 837 3550 ς
853 3489 909 3540 cod.
928 3491 1039 3540 Florent.
1054 3499 1101 3554 502
1113 3491 1254 3554 Increpario
1265 3509 1284 3540 s.
1301 3492 1451 3554 Hieronymi
1460 3493 1496 3541 ad
1504 3493 1645 3553 monacham
1656 3493 1712 3543 cod.
1724 3494 1858 3556 Rotomsg.

510 3574 566 3638 758,
580 3575 622 3624 sol.
638 3581 680 3637 52v
692 3575 719 3624 S.
734 3575 840 3624 Ioannis
857 3575 886 3623 de
900 3572 1015 3638 passione
1027 3573 1140 3630 animm
1152 3572 1208 3621 cod.
1224 3571 1360 3622 Universit.
1379 3573 1481 3622 Taurin.
1502 3573 1533 3624 G.
1546 3573 1583 3623 'V.
1598 3585 1621 3635 7.
1640 3575 1740 3635 loquqv
1752 3573 1861 3622 Libellus

512 3657 618 3706 Paulini
628 3656 818 3720 depressionibus
829 3657 926 3715 Μίκκα
939 3655 1038 3718 epistola
1049 3654 1114 3702 beati
1128 3655 1205 3702 Pauli
1215 3654 1249 3712 S;
1271 3653 1427 3720 Hieronymo
1447 3671 1547 3721 quoque
1569 3657 1715 3707 adscribunt
1727 3655 1801 3706 codd.
1816 3655 1857 3704 lat.

511 3741 612 3790 lionae.
627 3737 699 3803 2560,
715 3737 979 3804 Heiligenkreuz133,
995 3737 1114 3785 Mazarin.
1130 3749 1178 3796 974
1190 3744 1214 3785 et
1229 3747 1298 3798 1710,
1313 3737 1405 3802 aliique
1425 3738 1505 3788 multi.
1537 3803 1538 3808 Ἰ
1613 3751 1627 3788 2
1640 3737 1773 3803 Xpiste'oni
1780 3747 1808 3803 p.
1819 3743 1861 3802 pa'·

508 3819 622 3880 liuntur]
633 3820 743 3886 xpianus
749 3828 777 3886 p.
787 3821 891 3887 patitur
901 3821 927 3870 S.
1000 3832 1014 3882 3
1026 3818 1146 3879 diabolus]
1158 3819 1275 3866 diabulus
1285 3819 1327 3878 Ἀ;
1343 3821 1445 3870 zabulus
1458 3821 1483 3870 S.
1501 3827 1506 3841 ·
1557 3831 1571 3882 7
1583 3822 1745 3885 voleurimus]
1757 3836 1773 3869 >t
1786 3821 1858 3870 inser.

509 3905 796 3972 quiesromniumvtra.
905 3914 931 3950 ιι
950 3897 994 3958 est]
1007 3898 1170 3966 neikicstpx.
1275 3903 1390 3974 17quori
1406 3904 1433 3951 in
1441 3903 1561 3966 pm'culo]
1571 3905 1599 3951 in
1607 3903 1704 3966 grandi
1715 3903 1859 3966 prrr'crr'lor.

508 3994 533 4037 et
543 3993 630 4040 iuncs.
642 3987 664 4035 I.
676 4002 699 4035 a.
710 3986 734 4038 d.
748 3987 776 4036 P.
787 4001 807 4035 c.
814 3993 840 4050 p.
849 3993 874 4049 p.
886 4001 901 4033 a
912 3983 965 4044 suo]
976 3992 1036 4032 tuns
1046 3989 1136 4048 oportet
1147 3985 1253 4032 ieiemiis
1264 3992 1286 4032 ιΙ
1296 3987 1449 4035 orationibus
1461 3987 1490 4035 in
1500 3987 1640 4036 Dominum
1654 3993 1766 4034 nostriani
1779 3987 1859 4034 lesum

512 4069 642 4121 Christum
650 4067 887 4132 arrimumfirmitcr
896 4073 969 4127 stare,
979 4075 1002 4115 el
1010 4082 1059 4114 non
1067 4066 1203 4114 consentire
1214 4069 1290 4115 morli
1301 4083 1325 4116 κ.
1395 4081 1426 4118 20
1437 4066 1516 4127 hodie]
1527 4084 1577 4118 orn.
1589 4070 1616 4119 S.
1685 4080 1712 4116 21
1728 4065 1858 4131 reliquero}

511 4149 654 4218 νιφινοβκ.
734 4147 900 4228 8ίιΜΙηΙ]8;
912 4149 1056 4204 crinium
1067 4148 1141 4197 etsi
1137 4147 1177 4214 37..
1259 4163 1289 4197 22
1301 4149 1370 4211 Non]
1379 4168 1400 4198 se
1396 4151 1472 4199 dum
1485 4167 1573 4200 norr7..
1821 4139 1823 4144 ¹

556 4289 579 4329 r.
608 4265 842 4362 Xpislianorum]
879 4271 972 4328 Hunc
1006 4267 1210 4328 observant
1258 4289 1301 4340 14.
1315 4289 1346 4326 m
1371 4269 1503 4344 ffesione
1525 4289 1595 4344 sang
1598 4269 1676 4327 ui'mr
1694 4271 1863 4338 asserueris·-

515 4351 667 4411 Maurrnr
661 4370 691 4410 m
706 4351 834 4428 append
850 4362 868 4409 t.
883 4347 1073 4426 6Augustini
1093 4367 1161 4406 cum
1214 4347 1304 4430 rrum]
1321 4350 1445 4410 Hieron
1459 4369 1504 4428 ep.
1525 4353 1589 4424 108,
1608 4370 1642 4442 3}
1662 4349 1756 4408 ‘Non
1767 4347 1858 4408 solum

514 4445 637 4492 tractatu
656 4432 798 4524 superiori
813 4433 852 4492 de
866 4430 1067 4492 Oboedientia
1081 4430 1162 4490 haud
1214 4431 1294 4490 enirn
1316 4430 1422 4492 effusio
1446 4431 1597 4510 sanguinis
1625 4431 1655 4490 in
1677 4426 1860 4490 confessione

512 4534 616 4592 parum
627 4514 863 4574 consentientem
878 4533 952 4574 esse.
1214 4525 1388 4590 reputatur;
1402 4516 1455 4574 sed
1479 4515 1606 4574 devotae
1619 4517 1741 4590 quoq'ue
1756 4505 1859 4569 me'ntis

555 4617 580 4656 2.
587 4592 760 4675 pariuntur]
773 4597 860 4656 Coni.
871 4611 960 4672 supra
975 4615 1002 4673 p.
1019 4595 1116 4669 186‚l.
1135 4612 1160 4671 5.
1214 4593 1338 4654 servitus
1366 4596 1543 4655 inmaculata
1564 4595 1748 4654 cotidianum
1765 4597 1861 4663 marty

555 4699 580 4763 3.
594 4679 706 4755 positus
718 4673 772 4756 err]
791 4698 800 4735 ι
821 4678 864 4736 Ιο.
882 4697 909 4753 5,
930 4697 973 4752 19·
1214 4675 1289 4735 rium
1301 4679 1370 4737 est'.
