4054 5506
504 435 773 496 FRAGMENTA
796 435 972 499 GRAECA
994 437 1040 496 IN
1063 435 1263 496 PSALMOS.
1475 445 1551 525 123

198 635 233 699 τὸ
258 632 378 725 ψεῦδος·
401 632 493 714 ἀλλὰ,
510 635 580 711 τούς
600 632 768 712 λαλοῦντας
784 637 818 702 τὸ
835 635 955 728 ψεῦδος.
976 637 1016 702 Εί
1031 635 1062 702 δε
1079 633 1208 702 ἀπίλλει
1226 635 1334 727 Κύριος
1351 636 1465 710 πάντας
1481 635 1550 708 τοῦς

200 739 368 819 λαλοῦντας
392 743 426 808 τὸ
452 741 571 834 ψεῦδος,
597 750 656 820 πᾶς
681 743 711 810 δέ
735 744 889 836 ἅνθρωπος
913 745 1059 835 ψεύστης,
1078 746 1153 808 κατά
1169 743 1221 808 τόν
1238 741 1344 818 Δαυὶδ,
1364 745 1477 816 πάντας
1494 740 1551 833 ἀρα

200 847 373 940 ἀνθρώπους
391 848 557 917 ἀπολλύσει
575 852 695 944 Κύριος.

781 997 839 1068 Ps.
874 1016 904 1086 7,
935 1021 965 1068 2.

242 1145 347 1210 Σῶσόν
373 1171 409 1234 με
434 1150 467 1210 ἐκ
491 1148 612 1212 πάντων
635 1149 696 1212 τῶν
720 1145 892 1212 διωκόντων
917 1171 954 1237 με
974 1147 1024 1211 καί
1048 1147 1137 1238 ῥῦσαί
1163 1151 1227 1236 με]
1253 1148 1306 1224 Τίς
1323 1143 1406 1222 οῦν-ἠ
1423 1144 1551 1234 διάφορα

160 1271 175 1323 5
196 1255 249 1318 τοῦ
271 1251 420 1333 σώζεσθαι
443 1254 569 1319 καὶτοῦ
591 1253 729 1345 ρύεσθαις
754 1253 827 1320 Ὅτι
849 1257 903 1333 τῆς
928 1255 1080 1346 σωτηρίοις
1103 1255 1157 1343 μέν
1177 1256 1287 1346 κυρίως
1309 1257 1337 1318 οἱ
1358 1252 1549 1326 ἀσθενοῦντες

196 1359 378 1453 χρήζουσιν,
402 1362 456 1426 τοῦ
480 1360 601 1452 Ιθύεσθαι
621 1361 652 1428 δέ
669 1365 698 1428 οί
713 1365 744 1428 ἐν
760 1369 798 1458 τῇ
816 1360 1016 1456 αἰχμαλωσίᾳ
1032 1363 1244 1456 κατεχόμενοι.
1262 1358 1396 1454 Εόχεται
1414 1355 1465 1426 οῦν
1481 1359 1550 1450 περὶ

196 1470 252 1546 τῆς
275 1466 401 1534 ἐνταῦθα
420 1468 502 1549 ζωῆς
525 1469 576 1534 καί
597 1471 653 1547 τῆς
675 1466 862 1558 μελλούσης·
887 1469 987 1534 σῶσον
1002 1471 1061 1564 γάρ
1080 1493 1130 1558 με,
1149 1469 1254 1562 φησίν,
1272 1467 1397 1535 ἐνταῦθα
1414 1467 1473 1532 ἀπὸ
1488 1467 1550 1532 τῶν

198 1573 380 1654 διωκόντων,
398 1576 486 1666 ῥῦσαι
503 1573 534 1640 δέ
553 1600 590 1666 με
606 1577 671 1642 ἐκεῖ
683 1579 714 1641 ἐν
729 1579 772 1664 τῷ
788 1581 883 1667 καιρῷ
907 1577 962 1655 τῆς
979 1575 1112 1668 ἐρεύνης.

767 1769 827 1842 Ps,
858 1794 890 1861 9,
923 1794 978 1861 24.

241 1920 313 1988 Ὅτι
337 1924 502 1988 ἐπαινεῖται
526 1921 541 1986 ύ
566 1915 747 2012 ἀμαρτωλύς
773 1923 803 1986 ἐν
819 1921 886 1996 ταῖς
906 1917 1078 2010 ἐπιθυμίαις
1098 1921 1153 1998 τῆς
1170 1920 1276 2011 ψυχῆς
1302 1919 1420 2006 αὐτοῦ]
1450 1918 1549 2010 Μαρία

148 2056 177 2092 ιο
195 2031 254 2122 γὰρ
277 2031 439 2122 παράνομα
458 2027 599 2121 δρῶντες,
623 2028 673 2092 καίΙ
689 2027 827 2102 ἐπαίνους
845 2029 926 2118 παρά
942 2027 1003 2092 τῶν
1018 2023 1155 2091 κολάκων
1171 2027 1367 2117 καρποῦνται.
1386 2025 1428 2091 Τὸ
1449 2027 1510 2090 καί
1533 2025 1549 2088 ό

196 2136 329 2202 ἀδικῶν
374 2135 641 2232 ἐνευλογεῖται,
665 2136 789 2213 τὴντοῦ
806 2133 983 2224 διαβόλουὸ
1012 2133 1169 2226 προρητης
1198 2133 1349 2224 ἐσήμανεν
1373 2133 1547 2222 ἀνομίανθ

196 2245 255 2338 γάρ
273 2243 349 2320 Θεὸς
369 2245 459 2334 ημῶν
479 2247 510 2310 ἐν
531 2248 574 2331 τῷ
603 2241 697 2334 αίθέρι
717 2241 814 2330 τούτῳ
840 2243 942 2336 ἀρχὴν
969 2241 1059 2308 αὐτόν
1088 2236 1280 2333 προσέταξεν,
1299 2237 1469 2332 εὐλογεῖται
1494 2241 1549 2330 μἐν

195 2350 304 2418 λοιπόν
320 2356 350 2418 ἐν
365 2355 473 2440 ἐαυτῷ.

789 2495 882 2569 lbid.
915 2501 972 2590 36.

242 2645 455 2730 Ζητηθίρεται
474 2648 494 2725 η
518 2647 652 2738 ἀμαρτία
675 2645 778 2726 αὐτοῦ,
804 2645 854 2710 καί
878 2645 911 2709 ού
929 2646 973 2734 μὴ
989 2644 1122 2740 εὑρεθῇ]
1147 2643 1184 2710 δι’
1200 2641 1294 2724 αύτήν
1312 2647 1367 2734 μέν
1383 2646 1439 2724 την
1456 2647 1548 2735 ἀμαρ·

148 2779 158 2814 ι
163 2776 177 2830 5
195 2753 277 2819 τίαν.
295 2751 370 2818 Τόδε
386 2751 469 2819 ὅλον·
489 2753 607 2830 Ὄντως
624 2757 687 2836 ἐάν,
706 2755 794 2846 φησί,
812 2755 981 2834 ε’κζητίσεις
996 2757 1052 2834 τήν
1068 2756 1219 2847 ἁμαρτίαν
1230 2757 1284 2819 τοῦ
1297 2757 1440 2846 πονηροῦ,
1456 2755 1490 2818 ού
1504 2755 1549 2843 μὴ

196 2859 313 2956 εὑρεθῇ·
341 2859 420 2926 τοῦτ’
445 2859 538 2936 ἔστιν,
570 2860 729 2927 ἀπολεῖται
756 2863 771 2926 ό
799 2863 931 2953 πονηρός
960 2861 998 2928 δι’
1025 2862 1129 2942 αὐτόν.
1161 2863 1223 2926 ΙΙοῦ
1250 2863 1309 2955 γάρ
1331 2865 1352 2940 ί,
1376 2863 1429 2927 τοῦ
1452 2859 1549 2928 Ἰούδα

195 2965 396 3060 φιλαργυρία;
416 2969 474 3032 ποῦ
490 2969 510 3046 ὴ
526 2971 581 3048 της
599 2970 760 3060 αίγυπτίας
777 2969 924 3060 πονηρία;
942 2971 1001 3034 ποῦ
1016 2971 1036 3047 ί,
1048 2971 1100 3034 τοῦ
1114 2967 1230 3060 Φαραὼ
1241 2969 1430 3060 ὑπερηφανία
1443 2995 1449 3044 ;
1465 2969 1548 3034 Μετὰ

198 3077 251 3140 τοῦ
274 3078 390 3168 καρποῦ
413 3077 463 3142 καί
485 3079 506 3156 ὴ
534 3077 602 3168 ῥίζα
624 3075 765 3144 ἀπόλετο.
796 3078 891 3142 Τοῦτο
912 3079 1095 3170 σαφέστερον
1111 3079 1126 3143 ό
1144 3076 1316 3171 Σύμμαχος
1333 3074 1425 3143 εἶπεν·
1444 3073 1548 3157 Ἐκζη-

194 3182 359 3264 τηθήσεται
386 3186 407 3263 ὴ
434 3184 559 3272 ἀσέβεια
586 3185 689 3258 αὐτοῦ,
722 3185 769 3250 ίνα
798 3184 842 3274 μὴ
874 3185 991 3280 εὑρεθῇ.
1022 3186 1159 3265 Ἐκείνης
1187 3188 1246 3278 γάρ
1278 3185 1466 3274 ζητουμένης
1497 3186 1547 3250 καὶ

143 3317 176 3353 20
194 3288 402 3382 δεικνυμένης,
420 3293 506 3368 οὗτος
523 3290 705 3358 ἀπόλλυται.

765 3436 825 3509 Ps.
861 3459 913 3530 15,
941 3460 973 3528 4.

239 3574 283 3642 Οὐ
315 3577 359 3666 μθ
386 3580 551 3670 συναγάγω
577 3581 631 3654 τὰς
655 3580 835 3670 συναγωγάς
868 3566 967 3643 αύτῶν
995 3575 1024 3656 ἐξ
1053 3581 1217 3668 αίμάτων]
1254 3581 1413 3672 Συνάγων,
1439 3579 1544 3670 φησίν,

193 3685 373 3776 συναγωγάς
389 3688 422 3748 ἐκ
441 3685 502 3749 τῶν
526 3680 629 3763 ἐθνῶν,
651 3686 685 3750 ού
706 3683 743 3750 δι’
760 3687 899 3775 αἱμάτων
917 3685 1028 3762 ταύτας
1049 3685 1177 3764 συνάξω·
1196 3687 1276 3752 τοῦτ’
1291 3686 1385 3771 ἔστιν,
1404 3689 1438 3752 ού
1454 3713 1546 3779 παρα-

192 3793 330 3856 σκευάσω
347 3789 396 3857 διά
411 3795 466 3871 τῆς
483 3795 610 3881 νομικῆς
630 3817 682 3882 μοι
698 3791 921 3886 προσέρχεσθαι
937 3792 1090 3885 λατρείας,
1105 3792 1142 3859 δι’
1158 3793 1298 3871 αἰνέσεως
1316 3791 1480 3886 δὲμᾶλλον
1496 3797 1546 3861 καί

192 3901 248 3978 της
264 3901 451 3988 ἀναιμάκτου
468 3897 581 3975 θυσίας.

226 4123 240 4172 3
264 4103 419 4170 ἀπολλύσει]
442 4105 572 4157 απολλυσι
595 4107 625 4156 Τ.
734 4121 750 4166 4
772 4100 815 4163 Τίς
838 4102 893 4170 οὖν]
917 4109 948 4168 Τ,
974 4109 1017 4160 sol.
1044 4123 1084 4174 33.
1209 4125 1225 4173 9
1248 4107 1342 4180 Μυρία]
1365 4114 1396 4171 Τ,
1420 4112 1464 4162 sol.
1490 4122 1541 4176 37‘2

194 4205 220 4241 ιι
236 4185 420 4256 ἐνευλογεῑται]
436 4203 445 4238 1
457 4206 492 4238 m.
503 4205 567 4239 corr.
577 4205 607 4238 ex
618 4187 788 4254 ενευλογειτε.
875 4203 903 4239 12
916 4185 942 4241 έν
952 4186 992 4260 τῷ
1005 4186 1088 4260 αἰθέρι
1098 4187 1198 4260 τούτῳ]
1209 4195 1265 4243 cod.
1282 4211 1306 4244 εν
1318 4211 1350 4243 το
1363 4196 1541 4261 εθερειτουτο.

194 4288 223 4338 13
247 4270 345 4340 ἐαυτῷ]
368 4289 447 4322 εαυτο
469 4272 526 4321 cod.
630 4285 659 4332 14
687 4264 812 4332 διἀύτήν]
836 4273 867 4331 Τ,
892 4273 908 4321 Ι.
935 4286 974 4335 39.
1078 4285 1105 4336 17
1133 4271 1308 4344 ὑπερηφανία]
1332 4293 1488 4344 υπεριρανια
1511 4277 1541 4325 T.

191 4371 219 4406 αι
235 4351 369 4424 Σονόγων]
381 4355 412 4414 Τ,
427 4354 443 4404 Ι.
458 4363 509 4418 43⁸¹.
610 4367 624 4402 2
627 4366 641 4416 3
653 4347 859 4420 προσέρχεσθαι]
871 4349 1050 4424 προέρχεσθαι
1061 4374 1102 4422 ομ.
1118 4358 1195 4418 Pina,
1210 4360 1288 4408 Anal.
1303 4375 1374 4408 sacra
1388 4361 1423 4418 ΙΙ,
1436 4359 1492 4421 469.

234 4546 259 4583 α.
277 4520 404 4603 ψεύστης]
422 4525 466 4582 Ps.
487 4539 552 4599 115,
573 4541 615 4583 11.
934 4543 1032 4598 ²1·24·
1047 4529 1170 4601 Συνάγων
1183 4523 1278 4606 κ.τ.λ.]
1293 4527 1406 4587 Eadem
1421 4527 1543 4606 Origeni

238 4627 279 4683 ¹9·
298 4611 336 4678 μὴ
349 4602 455 4685 εὑρεθῇ]
471 4605 645 4664 addendum
670 4607 749 4670 αὐτός
770 4621 839 4662 cum
891 4604 1032 4682 inscripta
1045 4609 1172 4682 reperies
1184 4611 1264 4686 apud
1277 4611 1339 4668 I.B.
1355 4611 1542 4682 Ριιια,ΑααΙ.

190 4689 358 4750 editoribus
374 4688 589 4765 Hexaplorum.
892 4706 976 4746 sacra
993 4690 1034 4760 11,
1053 4693 1121 4765 469.
