4092 5502
591 445 847 507 TRACTATUS
869 445 915 504 IN
939 445 1068 508 MARC.
1095 446 1121 518 1,
1145 464 1238 522 ¹3·³¹·
1511 443 1594 526 333

238 659 366 741 retium,
380 661 495 725 omnia
511 659 591 726 vitia
617 660 856 744 relinquuntur.
873 657 997 727 Videte
1020 681 1100 743 ergo
1117 661 1346 727 mutationem.
1365 657 1590 726 Dimittuntur

237 763 312 828 illa:
333 764 461 848 etquis
485 763 541 828 illa
557 765 763 843 dimiserunt,
789 765 869 849 quid
893 766 1093 830 inveniunt?
1126 764 1370 848 ingrediuntur,
1390 765 1507 848 inquit,
1527 763 1590 828 Ca·

238 869 444 952 pharnaum:
470 869 504 933 in
529 889 645 952 agrurn
670 871 915 935 consolationis.
941 871 1194 936 CAPHnuenim
1220 871 1341 936 dicitur
1364 892 1452 954 ager,
1478 883 1589 934 unum

237 973 358 1037 dicitur
382 972 575 1039 consolatio.
591 973 628 1038 Si
644 981 756 1064 autern
774 974 936 1051 volumus,
953 973 1065 1037 Naum
1081 975 1292 1056 —quoniam
1310 976 1422 1057 lingua
1447 974 1591 1039 hebraea

205 1095 218 1148 5
239 1075 437 1159 multiplices
453 1076 554 1142 habet
570 1075 824 1160 intellegentias,
846 1089 879 1142 et
895 1079 1078 1142 secundum
1101 1076 1329 1145 diversitatem
1346 1078 1591 1162 pronuntiantis

236 1179 385 1243 diversus
403 1171 543 1264 'quoque
570 1199 687 1245 sensus
707 1180 846 1245 efficitur
860 1219 904 1231 —-
921 1183 1032 1246 Naum
1049 1201 1129 1265 ergo
1144 1191 1179 1246 et
1194 1182 1379 1246 consolatio
1404 1181 1534 1260 dicitur,
1556 1191 1590 1246 et

236 1285 384 1348 decorus.
401 1285 493 1368 Ergo
509 1283 744 1367 Capharnaum
762 1286 969 1368 interpretari
991 1293 1101 1368 potest
1118 1293 1152 1349 et
1178 1305 1258 1367 ager
1284 1284 1531 1362 cohsolationis,
1557 1297 1591 1350 et

236 1409 316 1471 ager
331 1387 580 1471 pulcherrimus.
601 1389 651 1452 lbi
670 1389 724 1452 ubi
742 1409 802 1453 nos
819 1389 960 1472 legimus
984 1396 992 1424 ‘
1010 1390 1097 1454 Ecce
1109 1408 1211 1472 quam
1227 1391 1351 1454 bonum
1369 1401 1402 1455 et
1417 1411 1518 1474 quam
1545 1392 1591 1454 io·

237 1492 423 1557 cundum':
444 1493 509 1571 ubi,
539 1493 686 1577 iuquam,
711 1514 771 1558 nos
802 1495 944 1558 dicimus
974 1493 1108 1584 reprobi,
1134 1502 1169 1558 et
1202 1494 1327 1578 Aquila
1357 1495 1594 1577 interpretatur

191 1632 220 1669 ro
237 1601 392 1693 εὐπρεπές,
408 1603 440 1666 in
457 1603 601 1667 hebraeo
617 1603 758 1669 habetur
774 1618 895 1682 NAUM,
911 1605 1001 1687 quod
1018 1604 1255 1686 interpretatur
1269 1603 1455 1686 pulchrum.

281 1710 519 1793 [agrediuntur
535 1709 776 1794 Capharnaum,
790 1723 822 1776 et
845 1712 959 1776 statim
981 1708 1129 1776 sabbatis
1141 1712 1305 1794 ingrersus
1328 1733 1524 1797 synagogam
1540 1710 1594 1775 do·

237 1817 325 1880 cebat
342 1831 418 1883 eos:
445 1827 482 1881 ut
506 1818 635 1883 sabbati
661 1821 767 1883 otium
795 1820 1026 1903 relinquerent,
1043 1829 1076 1883 et
1100 1819 1264 1903 evangelii
1289 1837 1391 1900 opera
1412 1825 1593 1908 sumerent.

238 1921 327 1986 Erat
349 1922 461 1984 docens
483 1941 535 1984 eos
559 1921 657 2005 quari
664 1929 853 2003 potestatem
868 1921 996 2000 babens,
1010 1931 1042 1985 et
1067 1943 1129 1986 non
1144 1923 1229 1986 sicut
1252 1920 1383 1987 scribae.
1399 1911 1477 1986 Non
1502 1922 1590 1985 enim

239 2024 380 2101 dicebat,
398 2025 493 2089 Haec
509 2025 590 2089 dicit
616 2025 783 2089 Dominus
797 2047 805 2104 ;
819 2035 862 2103 et,
878 2025 945 2109 Qui
963 2025 1053 2090 misit
1080 2045 1141 2104 me,
1157 2026 1238 2091 haec
1255 2015 1423 2111 loquitur:
1438 2026 1496 2090 sed
1522 2026 1594 2108 ipse

193 2153 201 2188 r
207 2151 221 2203 5
240 2127 446 2211 loquebatur,
462 2130 518 2212 qui
543 2128 633 2212 prius
656 2129 786 2193 locutus
802 2129 910 2194 suerat
926 2131 958 2193 in
976 2129 1156 2212 prophetis.
1185 2131 1289 2195 Aliud
1306 2140 1358 2195 est
1381 2131 1500 2206 dicere,
1516 2130 1593 2194 scri·

240 2240 334 2314 ptum
351 2242 401 2296 est
417 2257 423 2297 :
439 2232 529 2296 aliud
546 2243 596 2297 est
618 2232 736 2310 dicere,
752 2232 833 2297 haec
849 2233 929 2298 dicit
946 2234 1102 2298 dominus
1117 2257 1123 2296 :
1141 2244 1173 2297 et
1190 2235 1279 2299 aliud
1296 2244 1347 2299 est
1363 2235 1481 2312 dicere,
1493 2254 1591 2297 amen

240 2335 316 2399 dico
331 2336 433 2400 vobis.
449 2336 572 2402 Videte
597 2338 630 2400 in
647 2337 712 2401 alio
729 2337 811 2403 loco.
828 2341 835 2369 ‘
852 2335 1022 2420 Scriptum
1038 2346 1097 2412 est,
1114 2338 1231 2420 inquit,
1247 2339 1279 2403 in
1299 2339 1393 2420 lege:
1412 2339 1488 2402 Non
1506 2338 1591 2402 occi-

240 2439 308 2515 des,
325 2457 390 2502 non
407 2439 556 2503 dimittes
573 2460 712 2504 uxorem
729 2441 746 2505 '.
763 2439 930 2523 Scriptum
948 2450 1006 2503 est
1023 2439 1056 2503 A
1067 2459 1134 2522 quo
1150 2443 1309 2524 scriptum
1326 2446 1400 2505 est?
1416 2441 1451 2504 A
1464 2441 1593 2523 Moyse,

242 2544 423 2607 mandante
451 2545 533 2609 Deo.
562 2545 597 2610 Si
622 2545 729 2628 digito
753 2544 816 2608 Dei
843 2545 1002 2627 scriptum
1020 2553 1080 2622 est,
1096 2554 1131 2608 tu
1158 2546 1329 2628 quomodo
1345 2546 1448 2609 audes
1475 2531 1593 2620 dicere,

194 2673 223 2709 ιο
242 2649 353 2712 Amen
369 2649 445 2713 dico
460 2649 567 2728 vobis,
584 2651 645 2713 nisi
662 2651 732 2732 ipse
747 2669 791 2728 es,
807 2650 863 2733 qui
880 2651 970 2732 prius
991 2647 1098 2732 legem
1115 2646 1261 2740 dedisti?
1279 2651 1388 2714 Nemo
1404 2650 1504 2714 audet
1522 2669 1592 2713 mu-

241 2764 311 2818 tare
329 2752 445 2836 legem,
461 2753 523 2818 nisi
540 2755 595 2838 qui
612 2764 646 2818 et
662 2755 732 2836 ipse
748 2774 808 2818 rex
819 2765 877 2820 est
895 2755 1020 2838 Legem
1037 2766 1149 2819 autern
1168 2755 1265 2819 Pater
1281 2756 1382 2832 dedit,
1398 2773 1440 2817 an
1465 2753 1593 2817 Filius?

242 2857 432 2939 Responde,
449 2858 621 2922 haeretice.
637 2856 811 2941 Quidquid
828 2858 978 2935 volueris,
994 2857 1135 2924 libenter
1150 2860 1310 2923 adsumo:
1331 2867 1509 2940 utrumque
1533 2877 1593 2939 pro

243 2981 296 3025 me
312 2968 371 3025 est.
388 2959 424 3026 Si
452 2961 549 3025 Pater
564 2961 667 3041 dedit,
682 2972 715 3025 et
733 2963 898 3027 inmutat:
915 2961 1019 3026 Filius
1044 2981 1123 3046 ergo
1139 2962 1287 3046 aequalis
1303 2973 1362 3040 est,
1377 2962 1434 3046 qui
1451 2962 1595 3025 inmutat

242 3083 318 3128 cum
335 3063 392 3128 illo
407 3065 463 3148 qui
480 3065 583 3131 dedit.
601 3065 636 3132 Si
653 3075 763 3130 autern
782 3067 852 3148 ipse
877 3067 972 3131 dedit
988 3076 1045 3130 aut
1062 3068 1132 3150 ipse
1156 3076 1272 3145 mutat,
1289 3066 1436 3150 aequalis
1452 3065 1592 3130 auctori·

194 3193 223 3244 25
242 3168 322 3232 tatis
336 3179 387 3232 est
402 3177 436 3232 et
451 3169 583 3234 dedisse
598 3183 631 3233 et
648 3181 816 3234 mutasse:
832 3171 921 3253 quod
939 3190 1039 3235 nemo
1055 3181 1166 3254 potest
1181 3170 1297 3248 lacere,
1314 3171 1376 3235 nisi
1393 3191 1463 3236 rex.
1480 3171 1594 3251 Stupe-

243 3272 324 3337 bant
344 3285 441 3356 super
461 3273 608 3338 doctrina
634 3274 711 3338 eius.
729 3272 828 3357 Quid,
853 3294 986 3356 quaeso,
1002 3295 1125 3339 novum
1149 3276 1334 3340 docuerat?
1356 3269 1436 3359 quid
1470 3267 1593 3337 nouum

243 3377 401 3442 dixerat?
419 3377 548 3441 Eadem
577 3377 775 3460 loquebatur
790 3397 847 3460 per
872 3397 916 3454 se,
931 3397 1018 3460 quae
1034 3376 1163 3441 locutus
1189 3379 1295 3444 suerat
1320 3397 1378 3461 per
1405 3377 1595 3462 prophetas.

244 3482 314 3548 Sed
330 3483 406 3546 ideo
422 3482 610 3565 stupebant,
625 3481 704 3564 quia
730 3490 801 3545 erat
817 3481 969 3544 doctrina
985 3482 1054 3545 eius
1079 3483 1173 3564 quasi
1191 3491 1392 3564 potestatem
1410 3481 1546 3558 habens,
1561 3491 1595 3545 et

243 3606 309 3650 noo
334 3587 420 3652 sicut
444 3585 582 3650 scribae.
607 3585 684 3648 Non
713 3583 910 3667 loquebatur
937 3593 973 3647 ut
1001 3585 1167 3667 magister,
1183 3587 1240 3650 sed
1259 3595 1294 3650 ut
1325 3586 1511 3650 Dominus:
1528 3603 1593 3648 non

194 3711 226 3760 30
243 3690 440 3774 loquebatur
467 3687 699 3753 auctoritatem
717 3685 859 3751 reserens
876 3688 918 3751 ad
947 3688 1116 3767 maiorem,
1132 3688 1190 3751 sed
1208 3690 1278 3769 ipse
1293 3688 1383 3770 quod
1411 3706 1508 3751 suurn
1525 3695 1595 3748 erat

244 3794 449 3878 loquebatur.
466 3793 620 3874 Denique
635 3792 681 3855 sic
698 3789 904 3873 loquebatur,
920 3791 997 3874 quia
1012 3811 1111 3874 quern
1130 3791 1260 3856 locutus
1278 3791 1384 3856 iuerat
1400 3791 1433 3855 in
1451 3788 1594 3872 prophe-

244 3900 296 3977 tis,
310 3918 467 3982 praesens
483 3897 625 3961 dicebat.
641 3899 649 3929 ‘
666 3895 741 3978 Ego
758 3896 813 3978 qui
831 3895 999 3978 loquebar,
1015 3915 1091 3958 ecce
1107 3897 1227 3960 adsum
1245 3897 1260 3960 '.

276 4115 305 4166 31
318 4106 401 4169 quem]
412 4116 433 4171 χ
444 4117 490 4168 pro
501 4102 581 4167 quae?
593 4100 631 4152 Ci.
648 4101 684 4150 10.
701 4099 828 4166 Baptistae
847 4099 930 4150 Morel
951 4101 958 4126 ⁴
972 4099 1106 4150 Elementa
1117 4097 1215 4149 critices
1227 4096 1233 4119 '
1253 4114 1294 4162 ap.
1310 4096 1406 4161 Migne,
1421 4092 1552 4144 Dictiono.
1566 4093 1599 4144 de

244 4182 435 4249 diplomalique,
448 4183 496 4233 col.
513 4182 583 4232 1061.

287 4390 311 4448 7.
327 4381 356 4433 rt
367 4391 438 4448 ager
454 4364 681 4448 pulcherrimus]
698 4365 823 4426 Hieron.
849 4367 896 4426 De
947 4376 1002 4426 etc.

246 4473 324 4514 nom.
340 4453 422 4514 hebr.
435 4453 491 4530 (M.
506 4470 553 4526 23,
567 4448 639 4527 888)
653 4453 660 4480 ‘
672 4449 895 4525 Capharnaum,
988 4448 1014 4506 8.
1031 4445 1196 4529 rbarrrdum]
1222 4450 1268 4508 Ps.
1289 4467 1353 4522 132,
1373 4468 1397 4506 1.
1419 4445 1543 4507 Hieron.
1570 4444 1599 4504 in
1618 4523 1619 4528 η

245 4553 314 4614 ager
328 4537 374 4596 vel
389 4533 458 4593 villa
479 4528 769 4604 consolationis'31n
786 4529 893 4589 Matth.
947 4527 1090 4590 Psalterio
1106 4527 1199 4590 iuxtra
1214 4528 1295 4589 hebr.
1312 4528 1445 4606 sequitur
1459 4527 1599 4606 Aquilam
1680 4556 1684 4564 =

249 4637 293 4690 rr,
321 4636 358 4694 23
384 4635 427 4692 sq.
455 4619 463 4648 ‘
488 4615 525 4674 In
555 4613 765 4690 Capharnaum
794 4622 894 4671 autem
946 4611 1018 4669 Ecce
1031 4630 1059 4686 q.
1079 4610 1104 4668 b.
1128 4619 1155 4668 ct
1174 4629 1261 4687 quam
1283 4610 1420 4670 decorum.

245 4717 321 4778 quae
346 4698 554 4776 interpretatur
582 4691 650 4754 villa
674 4691 894 4770 pulcherrima'
988 4712 1033 4768 32·
1050 4689 1166 4774 adsum]
1184 4695 1221 4752 ls.
1239 4709 1286 4768 52,
1303 4695 1329 4751 6.
