4202 5492
617 399 872 466 emortuus
895 404 954 464 oa
976 406 1145 469 pemmo
1166 407 1248 470 xci
1533 387 1604 466 121

256 614 487 698 tienscum'que
503 614 654 680 levamus
671 635 790 681 manus
819 618 892 682 sine
917 619 1179 701 cogitationibus
1196 605 1229 686 et
1252 605 1564 704 disceptationibus,
1578 620 1611 684 in

256 718 466 784 decachordo
482 718 656 804 psallimus
672 719 829 786 Domino.
845 721 887 785 In
901 721 1092 788 decachordo
1102 723 1266 806 psalterio,
1286 745 1358 788 mm
1372 722 1495 788 cantico
1512 723 1546 787 in
1570 723 1613 787 ci·

257 822 363 888 thares
380 823 518 889 Cithara
545 835 668 900 nostra,
682 833 717 888 et
742 844 863 908 corpus
886 835 920 890 et
935 826 1048 892 anima
1075 837 1108 890 et
1133 828 1268 912 spiritus
1284 851 1290 891 :
1306 828 1463 892 omnibus
1479 827 1613 892 chordis

228 976 232 986 .
256 927 431 1010 conposita
447 937 535 993 sunt.

226 1047 241 1103 ς
304 1029 393 1108 Quia
417 1031 584 1096 delectasti
605 1053 655 1096 me
687 1031 828 1096 Domine
853 1033 887 1096 in
905 1038 1041 1116 facturo
1066 1044 1134 1112 tuo,
1163 1044 1195 1098 et
1224 1033 1258 1097 in
1281 1032 1427 1117 operibus
1457 1055 1615 1098 manuum

259 1144 394 1199 teronem
420 1135 576 1200 exultabo.
603 1135 802 1218 Xpistianus
828 1138 1065 1221 quodcumque
1091 1138 1220 1216 viderit,
1250 1158 1382 1220 semper
1412 1137 1614 1205 aedificatur.

260 1239 466 1304 Monachum
492 1239 573 1304 nihil
600 1241 751 1316 destruit,
767 1241 830 1303 nisi
854 1250 1038 1322 peccatum.
1056 1233 1302 1324 Quodcumque
1327 1242 1509 1324 aspexeris,
1524 1241 1615 1306 aedi·

259 1341 370 1406 ficium
387 1352 482 1408 tuum
499 1352 558 1407 est.
575 1343 682 1407 Vides
697 1343 837 1419 caelum,
852 1344 946 1408 vides
973 1344 1089 1422 solem,
1104 1343 1198 1408 vides
1222 1342 1344 1421 stellas,
1361 1344 1453 1408 vides
1480 1343 1616 1407 lunam:

259 1447 322 1511 hoc
338 1446 492 1513 aedificat
508 1457 549 1512 te.
568 1448 680 1513 Debes
696 1451 785 1513 enim
802 1448 959 1532 cogitare,
976 1458 1010 1514 et
1025 1450 1155 1514 dicere:
1173 1448 1209 1514 Si
1227 1447 1276 1512 sol
1293 1457 1327 1511 et
1343 1447 1421 1512 luna
1438 1457 1471 1512 et
1487 1445 1616 1512 caelum

214 1559 292 1615 met
308 1551 425 1616 stellae
442 1552 518 1616 Deo
532 1552 690 1630 serviunt,
706 1573 809 1636 quare
825 1573 890 1636 ego
907 1573 973 1618 non
991 1555 1158 1618 serviam?
1172 1551 1280 1618 Vides
1296 1561 1429 1629 terram,
1444 1551 1536 1616 vides
1547 1552 1617 1615 ani·

261 1654 361 1719 malla
377 1665 410 1719 et
425 1655 541 1719 omnia
563 1675 649 1738 quae
672 1657 705 1720 in
731 1656 826 1720 terris
842 1665 941 1722 sunt:
958 1665 991 1721 et
1014 1656 1078 1721 hoc
1100 1654 1214 1721 confer
1237 1655 1279 1719 ad
1296 1655 1446 1719 animum
1463 1651 1568 1732 tu'um,
1583 1662 1617 1718 et

260 1758 399 1824 aedifica
415 1771 458 1837 te,
473 1769 507 1824 et
522 1761 578 1825 dic
592 1761 708 1824 animo
724 1769 805 1824 tuo:
822 1759 949 1826 Omnia
965 1761 998 1823 in
1015 1781 1076 1824 suo
1099 1753 1250 1843 lemp'ore
1276 1769 1412 1823 currunt
1427 1779 1435 1836 ;
1450 1745 1615 1841 siquidem

261 1883 318 1926 ver
341 1872 375 1928 et
390 1873 509 1941 aestas,
524 1874 705 1929 autumnus
720 1873 754 1928 et
770 1864 911 1947 hiemps,
927 1863 1089 1946 numquid
1120 1872 1252 1928 mutant
1265 1863 1346 1927 haec
1362 1868 1542 1945 tempora?
1558 1863 1616 1926 sed

261 1966 445 2031 secundum
481 1967 735 2052 dispositionem
762 1969 827 2032 Dei
851 1969 964 2034 omnia
999 1969 1154 2032 serviunt.
1171 1967 1311 2033 Caelum
1336 1969 1447 2045 servit,
1473 1978 1506 2032 et
1530 1975 1618 2032 terra

217 2086 245 2143 15
262 2071 384 2135 servit:
400 2081 434 2135 et
450 2070 569 2136 infelix
584 2092 648 2155 ego
663 2073 766 2137 horno
783 2093 850 2137 uon
877 2073 994 2139 servio.
1010 2073 1196 2137 Veniamus
1211 2073 1254 2137 ad
1277 2071 1407 2136 minuta
1434 2071 1593 2136 animalia
1610 2092 1618 2136 :

261 2175 396 2240 dimitto
413 2194 501 2240 nunc
516 2177 559 2240 de
576 2175 738 2255 elefantis,
753 2177 889 2241 dimitto
904 2177 947 2240 de
971 2176 1134 2255 leonibus,
1149 2176 1285 2262 dimitto
1311 2176 1354 2240 de
1380 2175 1520 2240 diversis
1546 2175 1617 2239 ani-

263 2277 414 2356 malibus,
426 2279 524 2344 venio
537 2279 579 2344 ad
595 2281 723 2344 minuta
735 2279 903 2344 animalia.
914 2279 1057 2362 Respice
1068 2299 1178 2361 apem,
1193 2279 1320 2363 respice
1330 2277 1503 2344 formicam
1518 2303 1525 2343 ε
1541 2279 1618 2344 vide

263 2403 392 2466 corpus,
407 2395 440 2448 et
453 2385 582 2469 inquire
594 2384 801 2469 sapientiam.
819 2386 934 2448 Maior·
941 2384 1115 2466 sapientia,
1132 2403 1233 2467 quam
1246 2383 1394 2467 corporis
1412 2383 1619 2466 magnitudo.

263 2487 358 2572 Apes
374 2499 407 2554 et
423 2489 580 2553 formicae
595 2488 745 2572 cogitant
761 2489 905 2553 hiemem
924 2507 996 2553 esse
1011 2497 1185 2553 venturam
1202 2513 1208 2553 :
1224 2497 1258 2552 et
1274 2485 1458 2550 monachus
1484 2495 1518 2550 et
1534 2485 1618 2569 Xpi·

215 2610 247 2650 ω
263 2593 391 2657 stianus
419 2613 485 2657 non
514 2593 665 2676 cogitant
692 2592 849 2657 iudicium
878 2613 951 2656 esse
976 2600 1163 2658 venturum.
1180 2591 1263 2655 illae
1279 2590 1430 2672 cogitant
1456 2589 1616 2673 quoniam

263 2696 352 2761 fame
378 2697 558 2780 periclitari
586 2705 736 2779 possunt,
762 2696 789 2760 si
818 2715 884 2760 non
902 2695 1126 2760 laboraverint
1143 2695 1175 2758 in
1192 2703 1330 2770 aestate,
1345 2694 1436 2758 unde
1451 2693 1566 2756 vivant
1583 2693 1616 2754 in

262 2799 392 2866 hieme:
406 2819 469 2864 nos
485 2819 552 2864 non
568 2801 756 2882 cogitamus
771 2800 851 2882 quia
866 2799 938 2863 sine
953 2818 1054 2882 opere
1070 2799 1299 2881 torquebimur
1314 2796 1347 2858 in
1361 2796 1524 2878 gehenna.
1542 2796 1618 2860 Hoc

263 2911 371 2966 totum
387 2923 490 2987 quare
505 2903 605 2967 dixi?
621 2903 790 2986 Quoniam
809 2923 897 2967 nunc
914 2903 1074 2986 scriptum
1092 2913 1152 2979 est,
1169 2901 1257 2985 Quia
1272 2900 1447 2965 delectasti
1465 2921 1519 2965 me
1545 2888 1615 2965 Do-

263 3007 353 3071 mine
368 3008 401 3072 in
419 3008 546 3073 factura
562 3017 627 3073 tua.
644 3006 891 3090 Quodcumque
907 3027 1081 3090 aspexero,
1096 3005 1242 3070 delectat
1259 3024 1313 3069 me
1327 3028 1334 3069 :
1350 3005 1511 3087 intellego
1527 3005 1617 3069 enim

216 3129 246 3185 ²5
263 3110 434 3189 factorem,
449 3121 483 3176 et
510 3111 673 3176 benedico
700 3110 820 3173 Deum.
836 3109 885 3173 Et
906 3110 941 3172 in
967 3108 1113 3192 operibus
1137 3130 1298 3174 manuum
1314 3120 1449 3174 tuorum
1462 3107 1619 3172 exultabo.

262 3213 374 3278 Video
400 3215 563 3293 arborem,
578 3225 612 3279 et
638 3214 815 3279 considero
841 3215 1013 3295 quomodo
1030 3213 1140 3277 cortix
1156 3224 1207 3278 est
1232 3214 1368 3291 arboris,
1385 3213 1479 3296 quasi
1506 3211 1621 3275 tunica

264 3317 434 3397 vestiatur,
442 3319 537 3400 quasi
548 3337 685 3400 germen
698 3317 813 3382 vireat.
826 3317 959 3380 Deinde
975 3316 1074 3380 video
1089 3317 1262 3402 quomodo
1276 3317 1373 3401 quasi
1389 3316 1451 3382 flos
1469 3316 1621 3398 sit,quo-‘

297 3521 428 3586 3Cr'tdoea
440 3527 535 3590 nostra]
546 3522 578 3582 S,
588 3523 617 3572 in
625 3539 644 3572 c.
656 3539 681 3572 n.
696 3521 711 3590 β
721 3531 746 3573 et
757 3522 833 3574 ceteri
845 3522 919 3572 codd.
930 3521 1018 3573 Codex
1027 3523 1051 3572 G
1060 3523 1096 3572 ita
1105 3524 1280 3589 prosequitur:
1293 3530 1317 3572 et
1328 3523 1357 3572 r'u
1368 3529 1455 3588 corpus
1463 3528 1486 3570 et
1495 3521 1524 3568 in
1532 3519 1622 3570 anima

264 3612 288 3656 et
297 3605 399 3670 spiritu.
417 3604 538 3654 Onmidrrs
549 3605 688 3654 virtutihus
698 3606 778 3654 cordis
789 3605 911 3669 conposita
922 3611 990 3656 sunt.
1087 3609 1295 3671 toego]ergoege
1306 3602 1333 3652 S.
1423 3612 1449 3648 tt
1465 3597 1578 3660 ioelum.
1593 3598 1620 3648 S.

265 3687 299 3736 ad
308 3686 522 3748 animantem]
535 3685 578 3736 BC
589 3705 597 3748 ;
609 3687 644 3736 ad
652 3687 766 3736 animum
778 3694 850 3736 tuam
862 3687 879 3736 S
890 3703 897 3746 ς
914 3693 937 3734 et
947 3687 1065 3736 animum
1076 3693 1150 3735 turem
1163 3685 1185 3734 G
1198 3703 1204 3744 ;
1224 3699 1280 3734 cum
1292 3683 1378 3732 animo
1388 3688 1431 3731 tero
1444 3679 1460 3748 β
1471 3697 1479 3740 ;
1497 3679 1624 3729 inanimo

266 3775 308 3818 tuo
319 3769 355 3818 ll.
459 3781 488 3817 12
499 3769 600 3834 aedifico
611 3766 644 3829 te]
657 3769 692 3828 H,
707 3769 728 3819 C
742 3782 753 3818 1
768 3767 935 3833 mordificat
946 3775 968 3818 te
980 3767 1072 3836 βΒὸῦ,
1087 3769 1175 3832 Csup.
1190 3765 1233 3816 liu.
1335 3765 1421 3814 auimo
1430 3761 1624 3826 uro1adenr'mo

266 3852 361 3911 (νοῦς
381 3851 411 3900 in
430 3851 515 3901 animo
532 3857 575 3900 tvo
594 3852 621 3904 S.
725 3863 753 3914 13
764 3850 870 3915 hreueps]
890 3851 1007 3914 hyenuC
1017 3867 1024 3910 ς
1044 3851 1144 3915 hyemps
1161 3850 1193 3900 G.
1295 3840 1430 3912 nunquid]
1450 3859 1583 3926 nunquam
1596 3841 1620 3908 β.

268 3933 298 3982 16
307 3931 434 3999 elefantis]
444 3932 558 3998 elisantis
570 3933 590 3981 B
600 3951 609 3993 ;
620 3933 774 3998 selephontes
786 3933 807 3982 C
822 3945 832 3981 t
847 3948 881 3992 m,
893 3932 1079 3996 aeteplantitus
1090 3948 1145 3996 sup.
1159 3929 1204 3980 lin.
1276 3940 1305 3977 21
1315 3921 1472 3992 periclitari]
1478 3925 1626 3990 pereclr'tori

266 4013 363 4074 Coorr,
378 4013 602 4078 Bexperecle'tare.
688 4016 716 4063 in
728 4021 818 4063 aestate
828 4015 895 4064 unde
905 4016 997 4064 vivant
1008 4014 1037 4063 in
1049 4012 1138 4074 hume]
1150 4011 1268 4080 le30m.
1282 4009 1361 4061 CSG.
1442 4019 1473 4072 23
1487 4006 1623 4069 Quoniam]

265 4096 383 4161 quomodo
393 4095 424 4146 C.
502 4101 507 4108 '
523 4097 555 4146 26
565 4095 657 4157 certeis]
668 4103 751 4145 cortex
762 4094 778 4163 β
788 4097 856 4160 quod
868 4097 904 4146 ila
915 4097 1073 4162 prosequitur
1084 4115 1091 4146 s
1103 4095 1199 4145 arbom
1206 4097 1242 4143 est
1250 4091 1325 4155 quari
1331 4089 1426 4148 tunica,
1438 4105 1489 4153 qua
1500 4088 1625 4138 vestitur:

265 4179 482 4245 etquass'germen
494 4179 567 4230 otrer.
647 4178 753 4240 est]om.
769 4179 795 4230 S.
876 4178 1160 4241 tunicaJtone'caBCG.
1239 4171 1439 4237 27quosilsute
1452 4171 1555 4221 darom.
1571 4167 1622 4238 βῦι

310 4364 337 4406 r.
370 4351 398 4404 et
435 4340 694 4423 disceptationibus]
724 4343 769 4404 Cf.
800 4363 813 4401 1
841 4341 920 4402 Tim.
974 4345 1025 4415 60,
1039 4361 1068 4402 n.
1088 4361 1121 4401 12
1140 4343 1206 4404 ‘Ut
1221 4341 1301 4403 enim
1327 4351 1490 4401 creatorem
1506 4357 1567 4399 non
1593 4338 1623 4400 in

268 4445 295 4499 a,
310 4427 337 4484 8.
973 4426 1057 4484 caelo
1079 4435 1194 4484 tantum
1219 4422 1361 4483 miramur
1386 4433 1524 4492 altena,
1551 4421 1623 4494 sole,

309 4524 333 4581 7.
350 4503 523 4588 oede'fio'um]
545 4535 570 4555 =
592 4503 769 4567 aedificatio.
786 4506 920 4566 Verbum
973 4522 1095 4577 oceano,
1103 4500 1622 4582 elephantis,camelis‚equis,bobus,

269 4606 310 4664 gr.
325 4589 457 4659 οἰκοδομή
471 4599 629 4665 utrumque
643 4585 796 4664 significat.
973 4583 1081 4664 pardis,
1099 4587 1180 4657 ursis,
1197 4585 1354 4658 leonibus,
1369 4584 1422 4644 sed
1445 4583 1476 4643 in
1502 4582 1624 4644 minutis

313 4686 357 4746 15.
374 4670 417 4728 ad
429 4669 544 4729 me'eruta
558 4664 716 4748 animalia]
731 4667 855 4728 Hieron.
872 4687 918 4744 ep.
962 4675 1094 4744 'quoque
1103 4666 1289 4740 animalibus,
1300 4664 1432 4738 formica,
1443 4663 1552 4724 culice'
1566 4675 1623 4724 etc.

318 4796 674 4848 Moumoustra.
1528 4777 1574 4834 “1⁶
