4202 5492
620 423 875 486 panormus
899 423 956 482 oa
979 422 1147 484 esnello
1171 421 1326 480 nxxxn.
1595 405 1650 506 83

293 637 571 704 habitatores.lsti
580 660 661 723 ergo
673 641 729 724 qui
743 649 941 724 expugnant
954 639 1115 723 populum
1129 638 1202 714 Dei,
1215 637 1369 710 habitant
1386 639 1419 702 in
1433 638 1505 718 Sor,
1517 640 1580 704 hoc
1590 650 1650 719 est,

293 743 325 805 in
353 742 509 824 angustia
531 753 565 806 et
592 743 806 809 tribulatione
822 745 955 809 animae
971 765 1058 808 suae.
1078 745 1167 807 Istae
1183 763 1264 826 ergo
1279 754 1393 808 tantae
1420 753 1537 826 gentes
1563 764 1648 827 quae

293 856 445 930 pugnant
457 848 633 912 adversum
647 857 791 927 sanctos,
801 849 973 913 videamus
983 867 1083 932 quem
1096 848 1222 912 habent
1234 848 1427 930 principem,
1440 847 1648 912 Salvatorem

293 971 335 1016 au
350 951 533 1017 diabolum.
550 952 640 1035 Quid
658 954 832 1036 sequitur?
847 955 982 1018 Etenim
997 956 1110 1018 Assur
1123 953 1212 1017 aanit
1224 973 1297 1015 cnm
1314 952 1390 1016 illis.
1406 951 1524 1029 Assur,
1535 953 1649 1017 Nabo-

260 1055 504 1121 schodonosor
530 1058 738 1121 adversarius
765 1059 840 1136 Dei,
864 1060 920 1142 qui
949 1058 1111 1142 populum
1140 1056 1203 1121 Dei
1231 1055 1331 1122 duxit
1357 1057 1388 1119 in
1406 1057 1646 1138 captivitatem.

294 1159 388 1224 Licet
403 1160 581 1226 videantur
595 1171 713 1244 gentes
729 1162 852 1227 babere
878 1163 1037 1246 plurimas
1064 1182 1125 1244 pro
1141 1181 1177 1224 se
1191 1160 1401 1236 dimicantes,
1417 1167 1530 1224 tamen
1556 1160 1647 1242 prin·

291 1266 399 1348 cipem
415 1264 540 1330 habent
557 1265 673 1343 Assur,
690 1266 754 1330 boc
769 1277 819 1331 est
835 1268 1017 1344 diabolum,
1032 1267 1089 1352 qui
1096 1266 1190 1347 facti
1208 1263 1333 1328 suntin
1353 1262 1557 1327 adiutorium
1558 1264 1649 1348 filiis

291 1366 384 1433 Loth.
407 1367 497 1432 Loth
520 1368 758 1453 interpretatur
783 1371 964 1437 declinans.
982 1371 1176 1435 Daemones
1203 1378 1281 1434 ante
1307 1370 1438 1434 luerunt
1465 1369 1588 1449 angeli,
1611 1379 1645 1432 et

292 1481 408 1553 postea
424 1491 501 1536 cum
517 1472 654 1538 diabolo
669 1474 869 1553 ceciderunt,
879 1486 912 1540 et
922 1475 1000 1540 facti
1016 1485 1094 1539 sunt
1110 1473 1272 1538 satellites
1288 1471 1368 1549 eius,
1383 1472 1468 1536 sicut
1484 1471 1644 1555 scriptum

245 1585 341 1640 west
360 1575 393 1640 in
422 1576 631 1660 Apocalypsi
650 1578 820 1655 lobannis,
836 1579 914 1661 quia
930 1579 1031 1642 draco
1047 1578 1181 1655 cecidit,
1201 1585 1236 1641 et
1252 1575 1356 1641 traxit
1377 1595 1490 1640 secum
1511 1576 1645 1640 tertiam

291 1688 420 1762 partem
437 1678 617 1746 stellarum.
629 1681 722 1765 Ergo
738 1683 817 1764 quid
834 1683 940 1747 dicit?
958 1682 1016 1747 lsti
1028 1683 1084 1765 qui
1103 1691 1264 1746 venerunt
1276 1700 1352 1744 cum
1365 1681 1467 1746 tantis
1479 1679 1646 1763 gentibus,

291 1795 325 1849 et
340 1799 619 1870 expugnaverunt
646 1785 809 1870 populum
834 1796 939 1864 tuum,
955 1795 989 1852 et
1005 1787 1096 1852 venit
1111 1805 1187 1849 cum
1205 1785 1253 1848 eis
1278 1786 1394 1862 Assur,
1410 1794 1443 1848 et
1461 1783 1644 1867 principem

291 1889 416 1955 habent
430 1891 613 1972 diabolum,
629 1892 707 1956 lacti
734 1901 812 1955 sunt
838 1892 869 1954 in
895 1892 1098 1956 adiutorium
1117 1889 1192 1953 filiis
1210 1889 1310 1968 Lotb,
1325 1889 1388 1954 hoc
1405 1897 1456 1952 est
1473 1888 1646 1952 daemoni-

291 1991 362 2072 bus,
376 1995 433 2078 qui
451 2016 471 2060 a
486 2005 520 2060 te
535 1996 807 2061 declinaverunt:
823 1997 885 2061 hoc
900 2006 1084 2079 operantur
1098 1996 1188 2079 quod
1206 2004 1240 2058 et
1255 1995 1447 2059 daemones.

243 2111 272 2166 ¹5
334 2097 468 2164 Videtis
492 2101 571 2183 quia
597 2100 792 2165 difficillima
821 2102 894 2166 loca
909 2110 996 2178 sunt,
1023 2101 1145 2164 videtis
1168 2101 1247 2183 quia
1273 2099 1415 2162 obscura
1437 2107 1524 2174 sunt,
1550 2107 1584 2162 et
1611 2098 1643 2161 in

290 2203 428 2284 singulis
443 2205 652 2268 sermonibus
677 2226 799 2288 magna
823 2216 902 2270 sunt
926 2216 1144 2283 sacramenta,
1159 2216 1193 2269 et
1209 2202 1406 2268 necessitate
1426 2201 1645 2284 conpellimur

290 2306 322 2369 in
338 2307 447 2371 verbis
463 2307 626 2372 hebraicis
641 2319 675 2372 et
688 2309 794 2392 plenis
812 2311 977 2393 mysteriis
993 2311 1119 2375 diutius
1135 2308 1300 2373 inmorari.
1319 2307 1437 2389 Neque
1449 2307 1539 2370 enim
1557 2326 1644 2370 nunc

290 2411 488 2476 rhetoricum
506 2413 615 2477 locum
633 2413 867 2479 eventilemus:
884 2417 941 2479 sed
959 2416 992 2479 id
1005 2416 1095 2499 quod
1112 2415 1155 2478 ab
1172 2413 1299 2497 Spiritu
1311 2421 1428 2477 sancto
1441 2412 1568 2476 dictum
1585 2423 1645 2490 est,

288 2514 495 2598 interpretari
511 2517 655 2581 nitimur.
669 2517 743 2580 Nisi
759 2518 846 2582 enim
864 2519 910 2583 sic
927 2521 1182 2603 interpretemur
1197 2527 1234 2582 ut
1249 2518 1491 2600 diximus,quid
1508 2518 1644 2600 prodest

239 2635 272 2674 ω
288 2618 433 2682 ecclesiis
450 2619 563 2704 Xpisti
580 2622 688 2703 legere
704 2621 918 2686 tabernacula
936 2623 1181 2702 Idumaeorum,
1197 2630 1230 2687 et
1249 2621 1470 2699 Ismahelitae,
1485 2629 1519 2685 et
1535 2629 1643 2685 cetera

288 2722 449 2786 nomina?

331 2823 500 2906 Quoniam
524 2846 604 2910 ergo
627 2840 789 2894 venerunt
813 2840 931 2895 contra
958 2831 1119 2914 populum
1151 2839 1256 2908 tuum,
1287 2831 1460 2894 videamus
1490 2829 1568 2912 quid
1594 2829 1643 2892 eis

288 2927 486 3010 imprecetur
501 2930 682 3013 psalmista.
710 2933 779 2998 Fac
790 2933 838 2998 eis
852 2935 936 2998 sicut
949 2935 1094 2999 Madian
1120 2945 1153 2999 et
1179 2935 1308 2999 Sisara.
1326 2933 1470 3015 Legistis
1490 2933 1640 3017 ludicpm

287 3031 405 3097 librum
422 3056 429 3097 :
451 3035 514 3099 iste
529 3044 580 3100 est
596 3037 746 3114 Madian,
760 3059 860 3120 quem
877 3041 1085 3123 expugnavit
1102 3039 1248 3104 Gedeon.
1266 3037 1313 3102 Et
1340 3037 1469 3113 Sisara,
1484 3045 1516 3100 et
1537 3035 1642 3100 labin.

237 3156 269 3209 ²5
289 3135 381 3200 labin
399 3147 433 3200 et
450 3138 562 3203 Sisara
579 3140 632 3203 isti
648 3151 828 3224 sunt,quos
844 3144 1052 3226 expugnavit
1069 3145 1220 3207 Deborra
1236 3153 1269 3208 et
1287 3142 1481 3206 Baracum
1505 3150 1642 3206 torrente

289 3239 392 3317 Cison,
406 3241 624 3323 disperierunt
638 3245 672 3307 in
688 3243 968 3311 Endor.Deborra
980 3259 1013 3311 et
1031 3248 1158 3311 Baracb
1176 3247 1409 3311 interfecerunt
1426 3247 1538 3312 Sisara
1555 3245 1642 3328 prin·

285 3345 392 3426 cipem
419 3345 564 3411 militiae.
582 3346 675 3430 Ergo
698 3351 789 3431 quod
811 3351 901 3429 dicit,
917 3352 1026 3415 videte
1050 3353 1130 3436 quid
1158 3353 1209 3415 sit.
1236 3352 1391 3429 Domine,
1410 3351 1489 3435 quia
1512 3361 1641 3416 tantam

285 3449 409 3514 babent
425 3451 624 3533 superbiam,
640 3453 797 3536 quoniam
815 3465 1004 3540 cumtanto
1021 3457 1156 3520 veniunt
1172 3457 1330 3534 exercitu,
1352 3457 1510 3537 quoniam
1528 3456 1642 3520 Nabo-

317 3649 332 3700 3
342 3638 448 3699 sanctos]
458 3645 573 3688 sumtum
586 3637 655 3707 pSG.
742 3651 756 3702 7
768 3642 814 3705 qui
817 3647 826 3708 ]
837 3641 907 3692 CGP
917 3659 924 3702 ;
937 3659 987 3693 om.
1004 3640 1048 3710 βὸ.
1128 3643 1144 3692 8
1155 3651 1213 3692 arete
1214 3642 1339 3706 suerunt]
1350 3644 1398 3708 qui
1407 3642 1597 3708 anteafirrrant
1607 3644 1641 3694 G.

287 3732 312 3770 ιι
326 3721 398 3782 dicit]
408 3721 498 3771 dicunt
508 3721 560 3772 SG.
650 3733 679 3786 13
690 3723 827 3787 diabolum]
839 3725 856 3774 S
869 3733 947 3790 repet.
960 3733 984 3775 et
993 3732 1205 3790 expugnaverunt
1210 3727 1333 3790 populetur
1345 3732 1434 3786 treuna
1446 3727 1469 3775 A
1481 3733 1505 3774 ct
1515 3734 1641 3790 expugna·

283 3803 343 3853 lant
348 3813 377 3868 p.
390 3811 409 3854 t.
421 3823 429 3864 ;
440 3803 494 3854 Cet
501 3811 649 3869 expugnarant
653 3813 682 3869 p.
693 3812 711 3854 t.
782 3815 811 3870 15
820 3805 980 3871 difficillima]
988 3807 1121 3872 dificiiima
1130 3809 1160 3859 C.
1229 3807 1291 3872 quia
1299 3807 1411 3868 obscura]
1419 3823 1496 3871 quarn
1505 3808 1604 3856 obscura
1613 3807 1639 3856 S.

284 3883 540 3944 23Sr'snralSisarae
553 3881 586 3950 β;
606 3884 713 3947 Syram
724 3882 754 3933 C.
857 3893 896 3947 25.
911 3885 1078 3947 2⁶Drborra]
1098 3885 1197 3935 Debrra
1216 3887 1239 3936 G
1251 3909 1258 3950 ;
1280 3890 1391 3938 Debbora
1404 3888 1428 3957 β.
1530 3889 1641 3950 Barach]

194 4015 201 4030 ¹
282 3962 367 4012 Barac
378 3964 432 4114 Ρ.β
507 3963 539 4013 26
550 3965 650 4026 Endor]
669 3964 861 4030 HerniorPlgr.
876 3958 1008 4034 ’Aeudo'ipl
1111 3978 1141 4030 27
1158 3969 1220 4032 quia
1241 3971 1350 4033 tantam]
1371 3973 1406 4032 S;
1423 3972 1470 4035 qui
1489 3970 1642 4028 tantamG;

281 4053 403 4110 queritans
434 4083 440 4097 .

323 4215 349 4256 a.
372 4204 400 4255 et
414 4194 613 4279 tribulatione]
643 4197 736 4276 Epist.
764 4202 811 4277 65,
839 4220 865 4260 n.
896 4205 932 4260 18
986 4223 1012 4264 n.
1048 4225 1080 4262 rr
1108 4208 1198 4278 ‘Lot,
1227 4208 1279 4284 qui
1315 4207 1523 4286 interpretatur
1551 4205 1641 4267 decli·

283 4277 437 4337 ‘Verbum
453 4277 932 4356 hebraicumsoa...interpretari
986 4286 1309 4359 nans...’;inEzech.
1339 4306 1385 4364 25,
1420 4309 1431 4347 1
1466 4287 1543 4348 ‘Isti
1573 4288 1637 4364 (tilii

282 4369 379 4434 potest
392 4371 422 4418 et
430 4360 528 4453 Tyrus
544 4370 573 4420 et
589 4359 738 4422 tribulatio
748 4365 774 4436 '3
789 4363 818 4421 in
833 4365 870 4422 ls.
887 4384 901 4422 2
906 4383 932 4440 3,
985 4369 1131 4444 Ammon)
1147 4370 1185 4428 de
1198 4369 1392 4430 inclinatione
1407 4367 1465 4430 orti
1478 4381 1547 4430 sunt
1561 4393 1567 4429 :
1579 4370 1637 4430 hoc

285 4457 296 4498 1
316 4442 434 4531 ‘Tyrus
455 4441 555 4519 lingua
581 4441 708 4503 hebraea
733 4461 791 4503 son
815 4444 931 4516 dicitur,
985 4447 1063 4506 enim
1078 4451 1134 4509 Lot
1150 4449 1179 4508 in
1195 4449 1325 4524 linguam
1342 4449 1637 4512 nostramvertitur.‘

280 4531 309 4581 et
337 4536 367 4580 ln
394 4533 526 4582 nostrum
556 4541 725 4586 sermonem
760 4525 932 4586 transfertur
1028 4529 1360 4612 11.stellarurn]Apoc.
1379 4535 1466 4606 8,12.
1560 4547 1562 4554 ·

280 4603 447 4678 angustia'
1026 4631 1069 4682 ²4
1091 4610 1216 4693 Gedeon]
1233 4615 1328 4672 ludic.
1344 4633 1369 4672 c.
1389 4633 1403 4690 7
1420 4629 1448 4674 et
1465 4619 1491 4675 8.

321 4687 347 4744 8.
377 4685 588 4764 interpretatur
610 4685 767 4770 declinans]
797 4691 852 4767 Ep.
882 4693 930 4764 66,
1025 4691 1260 4776 25.erBaract1]
1278 4693 1395 4756 Ibide.
1413 4717 1440 4768 4.
