4158 5492
653 443 908 504 nnncuauus
931 443 987 502 nu
1009 441 1177 504 Peenno
1199 443 1223 502 1.
1586 437 1612 523 5

261 659 401 743 Xpistus
413 669 464 724 est
479 683 486 724 :
502 659 597 724 vides
613 678 693 743 ergo
708 661 867 743 quoniam
884 659 940 743 qui
957 659 1074 724 beatus
1090 659 1140 722 vir
1155 667 1187 723 et
1200 669 1334 724 sanctus
1349 668 1408 737 est,
1424 658 1500 724 huic
1512 657 1613 741 ligno,

258 764 321 828 hoc
336 772 397 842 est,
412 763 596 847 sapientiae
612 773 821 846 conparatur.
837 763 970 828 Videtis
986 782 1066 846 ergo
1082 763 1239 845 quoniam
1258 763 1362 826 iustus
1379 763 1475 827 viret
1493 762 1612 826 beatus

258 867 328 946 iste,
344 868 402 952 qui
421 887 487 932 uon
504 866 588 931 abiit
608 867 642 930 in
660 867 800 931 consilio
823 868 1011 950 impiorum,
1027 867 1083 949 qui
1106 885 1171 930 non
1194 866 1271 930 lecit
1296 865 1360 942 illa,
1375 876 1409 930 et
1435 866 1513 928 lecit
1540 865 1613 940 ista,

259 973 320 1037 erit
336 981 509 1055 tamquam
534 971 662 1054 lignum
679 971 770 1055 quod
791 970 979 1055 plantatum
996 978 1047 1035 est
1070 990 1164 1034 secus
1180 970 1337 1034 decursus
1363 988 1535 1052 aquarum,
1550 967 1613 1030 hoc

226 1081 240 1135 5
257 1084 316 1154 est,
331 1076 456 1159 Xpisto
470 1073 588 1140 similis
604 1072 689 1151 erit;
713 1071 877 1154 siquidem
899 1075 906 1104 ⁸
931 1070 1111 1134 consedere
1127 1089 1189 1134 nos
1214 1067 1291 1132 iecit
1308 1069 1340 1131 in
1357 1068 1564 1144 caelestibus,
1580 1078 1612 1131 et

258 1199 463 1262 conregnare
478 1181 493 1244 '.
509 1179 643 1244 Videtis
660 1197 740 1260 ergo
756 1177 834 1259 quia
850 1194 926 1240 cum
944 1175 1068 1259 Xpisto
1083 1174 1297 1257 regnabimus
1318 1172 1350 1235 in
1368 1170 1468 1236 caelo.
1484 1171 1614 1236 Videtis

257 1283 420 1367 quoniam
442 1283 571 1366 lignum
587 1283 651 1346 hoc
672 1281 861 1365 plantatum
878 1288 929 1343 est
957 1278 989 1342 in
1007 1279 1172 1362 paradiso,
1187 1287 1220 1343 et
1248 1299 1308 1342 nos
1323 1295 1441 1343 omnes
1457 1295 1532 1339 cum
1556 1275 1614 1340 illo

257 1386 464 1471 conplantati
480 1407 604 1452 sumus.

302 1490 349 1555 Et
362 1491 427 1555 erit
440 1501 609 1573 tamquam
625 1489 754 1572 lignum
765 1487 1043 1572 quodplarrtatum
1055 1497 1104 1550 ert
1117 1507 1205 1550 secus
1214 1486 1366 1551 decursus
1377 1507 1547 1569 aquarum.
1563 1487 1615 1550 De

213 1611 242 1647 ¹⁰
257 1595 314 1660 illo
337 1597 426 1660 enim
444 1595 535 1660 fonte
559 1594 744 1678 procedunt
767 1594 881 1657 omnia
907 1592 1053 1657 flumina.
1078 1591 1176 1669 Quod
1178 1593 1331 1672 fructum
1354 1611 1450 1655 rreum
1465 1589 1558 1655 dabit
1579 1590 1614 1653 in

257 1710 396 1783 tempore
409 1720 474 1764 suo.
492 1699 639 1783 Lignum
656 1697 719 1763 hoc
736 1717 801 1762 non
818 1697 910 1761 omni
928 1707 1078 1779 tempore
1093 1697 1153 1760 dat
1169 1697 1322 1772 fructum,
1337 1695 1393 1758 sed
1412 1695 1445 1758 in
1463 1704 1614 1777 ternpore

257 1825 326 1870 suo.
343 1804 490 1888 Lignum
514 1802 578 1868 hoc
595 1825 661 1870 non
679 1807 738 1870 dat
762 1806 795 1868 in
815 1806 980 1888 praesenti
1007 1799 1149 1882 saeculo,
1165 1805 1223 1868 sed
1241 1805 1272 1867 in
1291 1804 1411 1881 futuro,
1426 1802 1488 1867 hoc
1512 1803 1612 1867 estin

258 1909 311 1973 die
327 1907 448 1973 iudicii.
466 1907 612 1991 Lignum
629 1908 692 1972 hoc
710 1929 797 1973 nunc
815 1907 912 1974 flores
934 1909 1046 1987 habet,
1061 1908 1189 1991 lignum
1206 1908 1269 1972 hoc
1286 1925 1374 1971 nunc
1390 1907 1565 1990 germinat,
1581 1916 1614 1972 et

258 2011 424 2096 promittit
440 2012 551 2094 fruges
567 2011 704 2078 suturas.
723 2013 869 2096 Lignum
886 2013 950 2077 hoc
965 2009 1034 2077 duo
1056 2011 1179 2078 habet:
1195 2011 1345 2076 habetet
1361 2011 1496 2088 fructus,
1511 2011 1612 2076 habet

213 2131 240 2183 ¹5
257 2125 290 2180 et
307 2116 395 2182 folia.
412 2116 553 2180 Fructus
569 2117 670 2181 habet
688 2136 822 2181 sensum
840 2118 872 2181 in
897 2117 1088 2200 scripturis;
1116 2116 1204 2194 solia,
1219 2117 1321 2181 verba
1337 2117 1509 2201 simplicia.
1533 2117 1612 2180 Fru-

257 2230 329 2285 ctus
346 2221 378 2284 in
403 2241 501 2284 sensu
518 2230 577 2298 est,
593 2219 672 2285 solia
696 2223 822 2286 veroin
848 2220 956 2285 verbis
972 2231 1059 2286 sunt.
1077 2222 1290 2305 Quicumque
1318 2222 1419 2306 igitur
1434 2223 1613 2304 scripturas

256 2335 390 2388 sanctas
406 2323 496 2406 legit,
511 2324 539 2387 si
563 2325 747 2390 secundum
767 2326 910 2390 ludaeos
934 2324 1023 2408 legit,
1039 2334 1170 2390 tantum
1187 2324 1267 2389 lolia
1291 2325 1476 2408 intellegit;
1492 2327 1518 2388 si
1535 2345 1615 2390 vero

256 2428 448 2510 spiritaliter
464 2427 637 2512 intellegit,
661 2428 787 2493 fructus
803 2431 900 2514 capit.
916 2429 965 2494 Et
977 2430 1104 2511 folium
1118 2429 1189 2494 eius
1204 2450 1266 2493 reon
1288 2430 1418 2510 defluet.
1434 2431 1563 2494 Tamen
1580 2440 1613 2493 et

164 2581 168 2596 .
259 2531 337 2596 lolia
361 2531 457 2597 istius
478 2531 606 2596 arboris
633 2533 726 2597 utilia
742 2542 827 2598 sunt.
857 2535 1012 2618 Denique
1028 2535 1055 2600 si
1083 2535 1157 2618 quis
1180 2544 1213 2599 et
1240 2535 1423 2598 secundum
1440 2534 1611 2598 historiam

210 2652 242 2690 20
259 2636 431 2718 intellegit,
447 2637 627 2700 utilitatem
644 2637 745 2702 habet
758 2638 889 2702 animae
905 2659 992 2702 suae.
1008 2637 1167 2721 Legimus
1184 2639 1216 2702 in
1230 2636 1437 2722 Apocalypsi
1454 2637 1613 2701 Iohannis

257 2740 361 2823 (quod
379 2741 411 2804 in
430 2740 501 2806 istis
516 2739 695 2823 provinciis
706 2761 772 2805 non
786 2741 942 2825 recipitur
957 2741 1048 2820 liber,
1060 2752 1173 2808 tamen
1186 2743 1268 2807 scire
1283 2743 1444 2806 debemus
1454 2743 1611 2825 quoniam

260 2845 292 2906 in
308 2845 482 2910 occidente
497 2845 599 2922 omni,
613 2854 648 2908 et
664 2844 696 2907 in
713 2845 787 2908 aliis
804 2846 955 2910 Faenicis
972 2845 1158 2930 provinciis,
1174 2856 1208 2910 et
1231 2846 1263 2909 in
1282 2847 1443 2929 Aegypto
1458 2846 1614 2928 recipitur

259 2948 350 3026 liber,
365 2957 398 3012 et
418 2948 662 3013 ecclesiasticus
677 2959 748 3012 est:
773 2969 850 3013 nam
870 2959 903 3014 et
919 2960 1047 3015 veteres
1069 2949 1283 3014 ecclesiastici
1299 2951 1369 3027 viri,
1385 2971 1403 3014 e
1427 2950 1548 3033 quibus
1564 2957 1614 3013 est

262 3055 427 3130 Irenaeus,
442 3059 477 3115 et
495 3051 706 3135 Polycarpus,
722 3063 756 3116 et
770 3053 962 3135 Dionysius,
978 3063 1012 3118 et
1028 3053 1082 3117 alii
1102 3055 1246 3118 Romani
1264 3054 1468 3137 interpretes,
1485 3054 1526 3116 de
1543 3053 1613 3136 qui·

292 3246 378 3299 4ante
388 3255 411 3290 er
417 3240 438 3288 it
452 3239 496 3302 μῦ
513 3239 587 3290 inser.
602 3237 806 3291 coniunctionem
816 3247 848 3290 et.
953 3253 981 3290 ι2
992 3241 1096 3302 saeculo]
1112 3248 1218 3306 tempore
1234 3241 1268 3291 G.
1370 3251 1397 3301 17
1401 3239 1471 3304 solia
1482 3237 1614 3304 intellegit]

251 3317 278 3382 s.
299 3319 408 3368 intnrdr't
426 3319 459 3370 G.
567 3332 596 3368 2ι
618 3321 695 3384 quod]
715 3321 870 3380 (coniunctio
885 3343 907 3366 =
921 3324 928 3348 ⁴
940 3322 1073 3388 quamvis’
1094 3324 1133 3372 vel
1151 3321 1222 3373 iuxta
1238 3339 1275 3388 gr.
1296 3317 1342 3373 δ’...
1361 3311 1487 3388 pediturn
1502 3320 1613 3380 ABS,C

264 3401 389 3465 rm3qui
400 3401 660 3466 pC2n135iqrer'riem
673 3403 705 3452 G.
800 3403 871 3464 scire]
884 3421 927 3454 nos
938 3404 1043 3469 recipere
1055 3404 1087 3454 G.
1189 3417 1220 3454 22
1231 3405 1302 3466 aliis]
1321 3403 1435 3453 oneribus
1452 3403 1484 3453 G.
1553 3403 1613 3452 Fere·

260 3483 334 3544 niet]
342 3485 453 3548 punitis
465 3485 485 3535 C
501 3497 511 3532 ι
526 3501 549 3534 m
561 3501 568 3544 ;
575 3485 707 3549 phaenicis
718 3488 741 3535 A
751 3502 758 3543 ;
770 3486 897 3550 phoenicis
910 3486 952 3548 μῦ
964 3500 979 3536 2
992 3503 1024 3537 m.
1137 3500 1168 3551 23
1180 3488 1252 3549 iiber]
1269 3485 1319 3550 ipse
1330 3485 1393 3535 iiber
1404 3485 1421 3536 S
1431 3502 1439 3544 ;
1451 3485 1515 3533 liber
1523 3484 1568 3532 iste
1579 3483 1612 3533 G.

262 3579 292 3628 24
302 3568 433 3629 trenam]
443 3567 562 3618 hireneus
574 3569 591 3618 S
602 3585 609 3628 ς
620 3583 722 3618 ereneus
733 3569 811 3618 BCG.

300 3739 325 3797 6.
338 3732 522 3816 conregnare]
539 3736 648 3814 Ephes.
668 3759 692 3809 2,
710 3741 736 3798 6.
962 3739 1210 3802 commentarium
1226 3741 1256 3800 in
1278 3737 1480 3818 Apocalypsin
1495 3755 1614 3812 compo

302 3837 347 3878 21.
370 3836 427 3877 non
449 3819 588 3894 recipitur
600 3815 684 3900 lr'ber]
711 3822 791 3880 Nota
816 3817 910 3880 virum
962 3821 1056 3883 suisse
1071 3822 1195 3900 putandi
1208 3835 1285 3896 sunt,
1302 3821 1355 3882 sed
1370 3818 1528 3882 occasione
1543 3819 1613 3877 data

260 3897 475 3962 occidentalem
486 3898 668 3960 Palaestinas
676 3899 817 3962 ecclesias
827 3903 910 3978 quod
961 3903 1069 3962 librum
1086 3903 1115 3962 in
1132 3903 1191 3964 suis
1203 3905 1319 3981 scriptis
1334 3901 1423 3963 veluti
1439 3901 1477 3962 ab
1487 3897 1613 3960 ecclesia

260 3999 277 4038 a
301 3979 406 4041 ceteris
432 3979 608 4040 dissentiant
635 3994 835 4043 accusantem.
863 3984 911 4043 De
962 3997 1114 4062 receptum
1137 3987 1308 4062 exposuisse
1323 3997 1352 4046 et
1374 3981 1610 4044 commendasse.

261 4062 364 4122 eadem
384 4080 417 4123 re
438 4059 543 4121 iterum
558 4062 618 4140 agit
640 4062 722 4136 intra,
739 4063 790 4124 ubi
812 4065 851 4124 de
866 4083 908 4140 ps.
1001 4073 1030 4124 et
1041 4064 1215 4146 Dionysius]
1232 4069 1277 4128 Ex
1289 4067 1426 4126 hocloco
1439 4063 1462 4122 1.
1477 4065 1509 4121 B.
1524 4060 1612 4132 Pina,

264 4161 325 4218 ¹49·
343 4144 412 4220 lpse
423 4142 515 4204 etiam
525 4143 593 4204 alibi
608 4147 808 4206 ‘Graecorum
819 4148 911 4205 eccle·
963 4149 1012 4222 qui
1029 4148 1225 4224 fragmentum
1242 4148 1330 4208 huius
1345 4157 1485 4206 tractatus
1494 4141 1613 4222 Spicile·

259 4222 314 4283 sias
324 4223 525 4302 Apocalypsin
538 4243 599 4286 non
614 4226 779 4304 suscipere’
796 4227 911 4303 prolite-
962 4228 1000 4304 gii
1012 4227 1057 4287 sni
1067 4241 1151 4288 torno
1165 4231 1180 4288 Ι
1193 4249 1218 4307 p.
1241 4232 1373 4307 165-6ex
1387 4229 1454 4288 cod.
1469 4229 1614 4286 Duaceno

259 4315 304 4365 tur
319 4303 425 4384 (Epist
447 4325 511 4381 129,
528 4325 555 4366 n.
574 4305 620 4386 3.)
965 4331 1022 4369 220
1037 4309 1167 4384 inseruit,
1183 4311 1311 4389 primum
1323 4313 1420 4371 forsan
1439 4310 1612 4388 Latinorum

300 4407 345 4460 24.
358 4385 510 4466 Irenaeus]
527 4389 652 4449 Hieron.
667 4391 715 4451 De
726 4389 793 4450 viris
805 4389 907 4451 illustr.
964 4403 1096 4452 nostrum
1113 4393 1202 4454 luisse
1217 4404 1309 4466 notat,
1324 4397 1331 4425 ‘
1345 4391 1397 4470 qui
1412 4391 1613 4469 Areopagitica

259 4485 283 4527 c.
301 4489 338 4544 9:
355 4467 492 4545 ‘scripsit
515 4470 735 4548 Apocalypsim,
752 4492 844 4548 quam
867 4471 908 4532 in·
960 4492 1049 4552 opera
1061 4473 1223 4534 laudaverit
1236 4477 1250 4534 ’.
1266 4473 1412 4534 Videlicet
1421 4473 1479 4532 lroc
1490 4491 1612 4549 quoque

259 4549 576 4626 terpretaturlustinus
588 4564 695 4630 martyr
704 4564 734 4613 et
745 4555 906 4614 Irenaeus'.
961 4553 1037 4614 inter
1051 4553 1108 4615 alia
1123 4555 1281 4616 somniavit
1297 4555 1341 4614 vir
1354 4553 1506 4630 ceteroqui
1532 4572 1612 4631 pere-

259 4631 343 4706 Quos
377 4649 449 4691 vero
476 4629 525 4690 hic
553 4649 768 4694 commemorat
796 4647 908 4696 veteres
960 4635 1082 4696 ruditus.
1107 4639 1153 4697 De
1170 4635 1316 4715 Dionysio
1336 4633 1539 4697 Alexandrino
1553 4635 1611 4711 epi-

258 4711 472 4774 ecclesiasticos
500 4711 586 4786 viros,
616 4733 714 4792 neque
749 4716 769 4777 ii
799 4715 908 4778 iustum
960 4737 1053 4796 scopo
1068 4719 1151 4796 loqui
1165 4718 1383 4797 intellegendus
1399 4729 1443 4779 est
1465 4716 1610 4798 Hierony-
