<?xml version="1.0" encoding="UTF-8"?>
<!DOCTYPE html PUBLIC "-//W3C//DTD XHTML 1.0 Transitional//EN"
    "http://www.w3.org/TR/xhtml1/DTD/xhtml1-transitional.dtd">
<html xmlns="http://www.w3.org/1999/xhtml" xml:lang="en" lang="en">
 <head>
  <title>
</title>
<meta http-equiv="Content-Type" content="text/html;charset=utf-8" />
  <meta name='ocr-system' content='tesseract 3.04.00' />
  <meta name='ocr-capabilities' content='ocr_page ocr_carea ocr_par ocr_line ocrx_word'/>
</head>
<body>
  <div class='ocr_page' id='page_1' title='image "./commentarioliin00morigoog/commentarioliin00morigoog_0492.png"; bbox 0 0 4092 5502; ppageno 0'>
   <div class='ocr_carea' id='block_1_1' title="bbox 596 411 1593 500">
    <p class='ocr_par' dir='ltr' id='par_1_1' title="bbox 596 411 1593 500">
     <span class='ocr_line' id='line_1_1' title="bbox 596 411 1593 500; baseline 0.009 -26"><span class='ocrx_word' id='word_1_1' title='bbox 596 411 852 478; x_wconf 84' lang='lat' dir='ltr'>TRACTATUS</span> <span class='ocrx_word' id='word_1_2' title='bbox 875 417 921 477; x_wconf 87' lang='lat' dir='ltr'>IN</span> <span class='ocrx_word' id='word_1_3' title='bbox 945 417 1075 479; x_wconf 88' lang='lat' dir='ltr'>MARC.</span> <span class='ocrx_word' id='word_1_4' title='bbox 1100 419 1124 490; x_wconf 91' lang='lat'>1,</span> <span class='ocrx_word' id='word_1_5' title='bbox 1151 435 1245 494; x_wconf 81' lang='lat'>13-31.</span> <span class='ocrx_word' id='word_1_6' title='bbox 1511 415 1593 500; x_wconf 82' lang='lat'>335</span> 
     </span>
    </p>
   </div>
   <div class='ocr_carea' id='block_1_2' title="bbox 191 630 1598 3631">
    <p class='ocr_par' dir='ltr' id='par_1_2' title="bbox 238 630 1595 1027">
     <span class='ocr_line' id='line_1_2' title="bbox 238 630 1594 718; baseline -0.001 -24"><span class='ocrx_word' id='word_1_7' title='bbox 238 631 325 696; x_wconf 88' lang='lat' dir='ltr'>cium</span> <span class='ocrx_word' id='word_1_8' title='bbox 343 630 498 716; x_wconf 89' lang='lat' dir='ltr'>loquitur,</span> <span class='ocrx_word' id='word_1_9' title='bbox 514 633 599 698; x_wconf 90' lang='lat' dir='ltr'>sicut</span> <span class='ocrx_word' id='word_1_10' title='bbox 614 643 649 700; x_wconf 88' lang='lat' dir='ltr'>ct</span> <span class='ocrx_word' id='word_1_11' title='bbox 665 643 759 716; x_wconf 87' lang='lat' dir='ltr'>pater</span> <span class='ocrx_word' id='word_1_12' title='bbox 785 634 864 698; x_wconf 88' lang='lat' dir='ltr'>eius.</span> <span class='ocrx_word' id='word_1_13' title='bbox 882 634 982 718; x_wconf 89' lang='lat' dir='ltr'>Quod</span> <span class='ocrx_word' id='word_1_14' title='bbox 1000 635 1091 714; x_wconf 92' lang='lat' dir='ltr'>dicit,</span> <span class='ocrx_word' id='word_1_15' title='bbox 1106 634 1169 699; x_wconf 90' lang='lat' dir='ltr'>hoc</span> <span class='ocrx_word' id='word_1_16' title='bbox 1185 646 1256 700; x_wconf 90' lang='lat' dir='ltr'>est:</span> <span class='ocrx_word' id='word_1_17' title='bbox 1271 634 1426 700; x_wconf 93' lang='lat' dir='ltr'>diabolus</span> <span class='ocrx_word' id='word_1_18' title='bbox 1443 635 1594 698; x_wconf 86' lang='lat' dir='ltr'>mendax</span> 
     </span>
     <span class='ocr_line' id='line_1_3' title="bbox 239 733 1594 822; baseline 0 -24"><span class='ocrx_word' id='word_1_19' title='bbox 239 745 298 813; x_wconf 86' lang='lat' dir='ltr'>est,</span> <span class='ocrx_word' id='word_1_20' title='bbox 312 746 347 800; x_wconf 91' lang='lat' dir='ltr'>et</span> <span class='ocrx_word' id='word_1_21' title='bbox 363 738 573 802; x_wconf 81' lang='lat' dir='ltr'>mendacium</span> <span class='ocrx_word' id='word_1_22' title='bbox 590 737 744 820; x_wconf 92' lang='lat' dir='ltr'>loquitur,</span> <span class='ocrx_word' id='word_1_23' title='bbox 759 747 793 802; x_wconf 88' lang='lat' dir='ltr'>et</span> <span class='ocrx_word' id='word_1_24' title='bbox 819 747 913 820; x_wconf 89' lang='lat' dir='ltr'>pater</span> <span class='ocrx_word' id='word_1_25' title='bbox 928 749 979 802; x_wconf 91' lang='lat' dir='ltr'>est</span> <span class='ocrx_word' id='word_1_26' title='bbox 994 739 1098 822; x_wconf 90' lang='lat' dir='ltr'>ipsius</span> <span class='ocrx_word' id='word_1_27' title='bbox 1122 735 1295 803; x_wconf 89' lang='lat' dir='ltr'>mendacii.</span> <span class='ocrx_word' id='word_1_28' title='bbox 1311 734 1388 799; x_wconf 92' lang='lat' dir='ltr'>Non</span> <span class='ocrx_word' id='word_1_29' title='bbox 1406 736 1496 819; x_wconf 92' lang='lat' dir='ltr'>quod</span> <span class='ocrx_word' id='word_1_30' title='bbox 1522 733 1594 798; x_wconf 93' lang='lat' dir='ltr'>dia·</span> 
     </span>
     <span class='ocr_line' id='line_1_4' title="bbox 240 836 1594 926; baseline 0.001 -25"><span class='ocrx_word' id='word_1_31' title='bbox 240 836 336 903; x_wconf 90' lang='lat' dir='ltr'>bolus</span> <span class='ocrx_word' id='word_1_32' title='bbox 351 839 453 904; x_wconf 88' lang='lat' dir='ltr'>alium</span> <span class='ocrx_word' id='word_1_33' title='bbox 471 850 600 923; x_wconf 90' lang='lat' dir='ltr'>patrem</span> <span class='ocrx_word' id='word_1_34' title='bbox 617 841 749 918; x_wconf 88' lang='lat' dir='ltr'>babeat,</span> <span class='ocrx_word' id='word_1_35' title='bbox 764 843 822 906; x_wconf 89' lang='lat' dir='ltr'>sed</span> <span class='ocrx_word' id='word_1_36' title='bbox 838 844 930 926; x_wconf 93' lang='lat' dir='ltr'>quod</span> <span class='ocrx_word' id='word_1_37' title='bbox 956 843 1121 908; x_wconf 88' lang='lat' dir='ltr'>mendacii</span> <span class='ocrx_word' id='word_1_38' title='bbox 1137 852 1232 925; x_wconf 89' lang='lat' dir='ltr'>pater</span> <span class='ocrx_word' id='word_1_39' title='bbox 1258 841 1413 905; x_wconf 91' lang='lat' dir='ltr'>diabolus</span> <span class='ocrx_word' id='word_1_40' title='bbox 1439 848 1490 903; x_wconf 90' lang='lat' dir='ltr'>est</span> <span class='ocrx_word' id='word_1_41' title='bbox 1517 840 1594 903; x_wconf 92' lang='lat' dir='ltr'>Pro·</span> 
     </span>
     <span class='ocr_line' id='line_1_5' title="bbox 241 943 1595 1027; baseline -0.001 -19"><span class='ocrx_word' id='word_1_42' title='bbox 241 954 355 1027; x_wconf 78' lang='lat' dir='ltr'>pterea</span> <span class='ocrx_word' id='word_1_43' title='bbox 369 945 461 1022; x_wconf 89' lang='lat' dir='ltr'>dicit,</span> <span class='ocrx_word' id='word_1_44' title='bbox 478 945 630 1010; x_wconf 81' lang='lat' dir='ltr'>Mendax</span> <span class='ocrx_word' id='word_1_45' title='bbox 646 956 706 1024; x_wconf 91' lang='lat' dir='ltr'>est,</span> <span class='ocrx_word' id='word_1_46' title='bbox 722 955 756 1011; x_wconf 90' lang='lat' dir='ltr'>et</span> <span class='ocrx_word' id='word_1_47' title='bbox 770 949 814 1012; x_wconf 90' lang='lat' dir='ltr'>ab</span> <span class='ocrx_word' id='word_1_48' title='bbox 830 947 926 1012; x_wconf 91' lang='lat' dir='ltr'>initio</span> <span class='ocrx_word' id='word_1_49' title='bbox 942 948 1058 1012; x_wconf 90' lang='lat' dir='ltr'>mundi</span> <span class='ocrx_word' id='word_1_50' title='bbox 1075 948 1249 1012; x_wconf 87' lang='lat' dir='ltr'>veritatem</span> <span class='ocrx_word' id='word_1_51' title='bbox 1264 964 1329 1008; x_wconf 93' lang='lat' dir='ltr'>non</span> <span class='ocrx_word' id='word_1_52' title='bbox 1348 944 1494 1027; x_wconf 91' lang='lat' dir='ltr'>loquitur</span> <span class='ocrx_word' id='word_1_53' title='bbox 1508 964 1516 1008; x_wconf 74' lang='grc' dir='ltr'><strong>ε</strong></span> <span class='ocrx_word' id='word_1_54' title='bbox 1532 943 1595 1006; x_wconf 92' lang='lat' dir='ltr'>hoc</span> 
     </span>
    </p>

    <p class='ocr_par' dir='ltr' id='par_1_3' title="bbox 211 1047 1597 1550">
     <span class='ocr_line' id='line_1_6' title="bbox 211 1047 1595 1134; baseline -0.001 -22"><span class='ocrx_word' id='word_1_55' title='bbox 211 1071 223 1123; x_wconf 75' lang='grc' dir='ltr'>ς</span> <span class='ocrx_word' id='word_1_56' title='bbox 242 1058 301 1125; x_wconf 86' lang='lat' dir='ltr'>est,</span> <span class='ocrx_word' id='word_1_57' title='bbox 316 1049 528 1114; x_wconf 84' lang='lat' dir='ltr'>mendacium</span> <span class='ocrx_word' id='word_1_58' title='bbox 546 1049 702 1132; x_wconf 89' lang='lat' dir='ltr'>loquitur,</span> <span class='ocrx_word' id='word_1_59' title='bbox 716 1060 750 1115; x_wconf 89' lang='lat' dir='ltr'>et</span> <span class='ocrx_word' id='word_1_60' title='bbox 765 1061 815 1115; x_wconf 88' lang='lat' dir='ltr'>est</span> <span class='ocrx_word' id='word_1_61' title='bbox 832 1059 928 1134; x_wconf 90' lang='lat' dir='ltr'>pater</span> <span class='ocrx_word' id='word_1_62' title='bbox 942 1051 1022 1129; x_wconf 91' lang='lat' dir='ltr'>eius,</span> <span class='ocrx_word' id='word_1_63' title='bbox 1043 1050 1107 1116; x_wconf 92' lang='lat' dir='ltr'>hoc</span> <span class='ocrx_word' id='word_1_64' title='bbox 1122 1059 1182 1126; x_wconf 88' lang='lat' dir='ltr'>est,</span> <span class='ocrx_word' id='word_1_65' title='bbox 1198 1049 1302 1132; x_wconf 93' lang='lat' dir='ltr'>ipsius</span> <span class='ocrx_word' id='word_1_66' title='bbox 1319 1049 1493 1113; x_wconf 88' lang='lat' dir='ltr'>mendacii.</span> <span class='ocrx_word' id='word_1_67' title='bbox 1519 1047 1595 1110; x_wconf 91' lang='lat' dir='ltr'>Hoc</span> 
     </span>
     <span class='ocr_line' id='line_1_7' title="bbox 241 1151 1595 1236; baseline -0.001 -20"><span class='ocrx_word' id='word_1_68' title='bbox 241 1153 275 1217; x_wconf 95' lang='lat' dir='ltr'>in</span> <span class='ocrx_word' id='word_1_69' title='bbox 291 1153 432 1218; x_wconf 88' lang='lat' dir='ltr'>transitu</span> <span class='ocrx_word' id='word_1_70' title='bbox 449 1153 643 1232; x_wconf 85' lang='lat' dir='ltr'>dixerimus,</span> <span class='ocrx_word' id='word_1_71' title='bbox 659 1155 817 1236; x_wconf 89' lang='lat' dir='ltr'>quoniam</span> <span class='ocrx_word' id='word_1_72' title='bbox 835 1175 900 1218; x_wconf 94' lang='lat' dir='ltr'>non</span> <span class='ocrx_word' id='word_1_73' title='bbox 918 1156 1079 1220; x_wconf 84' lang='lat' dir='ltr'>debemus</span> <span class='ocrx_word' id='word_1_74' title='bbox 1095 1151 1295 1219; x_wconf 85' lang='lat' dir='ltr'>testimoniis</span> <span class='ocrx_word' id='word_1_75' title='bbox 1310 1153 1443 1217; x_wconf 87' lang='lat' dir='ltr'>credere</span> <span class='ocrx_word' id='word_1_76' title='bbox 1459 1152 1595 1215; x_wconf 91' lang='lat' dir='ltr'>daemo-</span> 
     </span>
     <span class='ocr_line' id='line_1_8' title="bbox 242 1256 1595 1342; baseline -0.001 -22"><span class='ocrx_word' id='word_1_77' title='bbox 242 1276 332 1322; x_wconf 88' lang='lat' dir='ltr'>num.</span> <span class='ocrx_word' id='word_1_78' title='bbox 349 1256 441 1320; x_wconf 84' lang='lat' dir='ltr'>Dicit</span> <span class='ocrx_word' id='word_1_79' title='bbox 458 1258 625 1322; x_wconf 86' lang='lat' dir='ltr'>Dominus</span> <span class='ocrx_word' id='word_1_80' title='bbox 648 1269 749 1342; x_wconf 88' lang='lat' dir='ltr'>atque</span> <span class='ocrx_word' id='word_1_81' title='bbox 766 1259 921 1324; x_wconf 83' lang='lat' dir='ltr'>Salvator</span> <span class='ocrx_word' id='word_1_82' title='bbox 935 1265 963 1324; x_wconf 88' lang='lat'>:‘</span> <span class='ocrx_word' id='word_1_83' title='bbox 982 1259 1057 1322; x_wconf 89' lang='lat' dir='ltr'>Hoc</span> <span class='ocrx_word' id='word_1_84' title='bbox 1073 1278 1188 1342; x_wconf 88' lang='lat' dir='ltr'>genus,</span> <span class='ocrx_word' id='word_1_85' title='bbox 1213 1258 1330 1341; x_wconf 91' lang='lat' dir='ltr'>inquit,</span> <span class='ocrx_word' id='word_1_86' title='bbox 1345 1278 1412 1322; x_wconf 92' lang='lat' dir='ltr'>non</span> <span class='ocrx_word' id='word_1_87' title='bbox 1440 1259 1512 1322; x_wconf 92' lang='lat' dir='ltr'>exit</span> <span class='ocrx_word' id='word_1_88' title='bbox 1533 1258 1595 1322; x_wconf 91' lang='lat' dir='ltr'>nisi</span> 
     </span>
     <span class='ocr_line' id='line_1_9' title="bbox 242 1359 1597 1441; baseline 0.003 -19"><span class='ocrx_word' id='word_1_89' title='bbox 242 1359 275 1422; x_wconf 93' lang='lat' dir='ltr'>in</span> <span class='ocrx_word' id='word_1_90' title='bbox 293 1360 407 1424; x_wconf 88' lang='lat' dir='ltr'>multis</span> <span class='ocrx_word' id='word_1_91' title='bbox 419 1361 548 1425; x_wconf 90' lang='lat' dir='ltr'>ieiuniis</span> <span class='ocrx_word' id='word_1_92' title='bbox 561 1371 594 1427; x_wconf 90' lang='lat' dir='ltr'>et</span> <span class='ocrx_word' id='word_1_93' title='bbox 604 1363 810 1428; x_wconf 89' lang='lat' dir='ltr'>orationibus</span> <span class='ocrx_word' id='word_1_94' title='bbox 823 1364 839 1429; x_wconf 85' lang='lat'>’.</span> <span class='ocrx_word' id='word_1_95' title='bbox 851 1363 896 1428; x_wconf 90' lang='lat' dir='ltr'>Et</span> <span class='ocrx_word' id='word_1_96' title='bbox 908 1383 984 1428; x_wconf 89' lang='lat' dir='ltr'>ecce</span> <span class='ocrx_word' id='word_1_97' title='bbox 995 1365 1094 1428; x_wconf 91' lang='lat' dir='ltr'>video</span> <span class='ocrx_word' id='word_1_98' title='bbox 1105 1363 1227 1428; x_wconf 91' lang='lat' dir='ltr'>multos</span> <span class='ocrx_word' id='word_1_99' title='bbox 1242 1383 1360 1426; x_wconf 85' lang='lat' dir='ltr'>vacare</span> <span class='ocrx_word' id='word_1_100' title='bbox 1372 1361 1597 1441; x_wconf 85' lang='lat' dir='ltr'>ebrietatibus,</span> 
     </span>
     <span class='ocr_line' id='line_1_10' title="bbox 243 1464 1596 1550; baseline 0.004 -24"><span class='ocrx_word' id='word_1_101' title='bbox 243 1474 371 1528; x_wconf 87' lang='lat' dir='ltr'>ructare</span> <span class='ocrx_word' id='word_1_102' title='bbox 386 1464 510 1542; x_wconf 89' lang='lat' dir='ltr'>vinum,</span> <span class='ocrx_word' id='word_1_103' title='bbox 526 1474 560 1530; x_wconf 91' lang='lat' dir='ltr'>et</span> <span class='ocrx_word' id='word_1_104' title='bbox 576 1465 662 1530; x_wconf 90' lang='lat' dir='ltr'>inter</span> <span class='ocrx_word' id='word_1_105' title='bbox 677 1467 793 1550; x_wconf 87' lang='lat' dir='ltr'>epulas</span> <span class='ocrx_word' id='word_1_106' title='bbox 809 1468 1007 1544; x_wconf 89' lang='lat' dir='ltr'>exorcizare,</span> <span class='ocrx_word' id='word_1_107' title='bbox 1023 1478 1056 1532; x_wconf 90' lang='lat' dir='ltr'>et</span> <span class='ocrx_word' id='word_1_108' title='bbox 1069 1466 1213 1532; x_wconf 88' lang='lat' dir='ltr'>clamare</span> <span class='ocrx_word' id='word_1_109' title='bbox 1230 1467 1432 1532; x_wconf 89' lang='lat' dir='ltr'>daemones:</span> <span class='ocrx_word' id='word_1_110' title='bbox 1448 1478 1482 1532; x_wconf 91' lang='lat' dir='ltr'>et</span> <span class='ocrx_word' id='word_1_111' title='bbox 1492 1468 1596 1532; x_wconf 90' lang='lat' dir='ltr'>credi·</span> 
     </span>
    </p>

    <p class='ocr_par' dir='ltr' id='par_1_4' title="bbox 191 1568 1598 3631">
     <span class='ocr_line' id='line_1_11' title="bbox 195 1568 1595 1655; baseline 0.006 -26"><span class='ocrx_word' id='word_1_112' title='bbox 195 1593 224 1630; x_wconf 86' lang='grc' dir='ltr'>ιο</span> <span class='ocrx_word' id='word_1_113' title='bbox 242 1587 317 1632; x_wconf 90' lang='lat' dir='ltr'>mus</span> <span class='ocrx_word' id='word_1_114' title='bbox 333 1568 492 1652; x_wconf 90' lang='lat' dir='ltr'>Xpistum</span> <span class='ocrx_word' id='word_1_115' title='bbox 510 1589 582 1633; x_wconf 86' lang='lat' dir='ltr'>esse</span> <span class='ocrx_word' id='word_1_116' title='bbox 609 1571 796 1636; x_wconf 88' lang='lat' dir='ltr'>mentitum.</span> <span class='ocrx_word' id='word_1_117' title='bbox 814 1571 912 1636; x_wconf 87' lang='lat' dir='ltr'>Dixit</span> <span class='ocrx_word' id='word_1_118' title='bbox 928 1573 1039 1636; x_wconf 89' lang='lat' dir='ltr'>enim:</span> <span class='ocrx_word' id='word_1_119' title='bbox 1061 1573 1136 1636; x_wconf 90' lang='lat' dir='ltr'>Hoc</span> <span class='ocrx_word' id='word_1_120' title='bbox 1160 1593 1265 1655; x_wconf 89' lang='lat' dir='ltr'>genus</span> <span class='ocrx_word' id='word_1_121' title='bbox 1291 1591 1357 1642; x_wconf 90' lang='lat' dir='ltr'>non</span> <span class='ocrx_word' id='word_1_122' title='bbox 1383 1573 1455 1636; x_wconf 87' lang='lat' dir='ltr'>exit</span> <span class='ocrx_word' id='word_1_123' title='bbox 1483 1572 1545 1636; x_wconf 89' lang='lat' dir='ltr'>nisi</span> <span class='ocrx_word' id='word_1_124' title='bbox 1562 1574 1595 1637; x_wconf 89' lang='lat' dir='ltr'>in</span> 
     </span>
     <span class='ocr_line' id='line_1_12' title="bbox 242 1672 1598 1761; baseline 0.004 -26"><span class='ocrx_word' id='word_1_125' title='bbox 242 1672 356 1737; x_wconf 89' lang='lat' dir='ltr'>multis</span> <span class='ocrx_word' id='word_1_126' title='bbox 383 1672 514 1738; x_wconf 90' lang='lat' dir='ltr'>ieiuniis</span> <span class='ocrx_word' id='word_1_127' title='bbox 536 1683 569 1737; x_wconf 90' lang='lat' dir='ltr'>et</span> <span class='ocrx_word' id='word_1_128' title='bbox 595 1675 811 1741; x_wconf 88' lang='lat' dir='ltr'>orationibus.</span> <span class='ocrx_word' id='word_1_129' title='bbox 838 1677 914 1740; x_wconf 90' lang='lat' dir='ltr'>Hoc</span> <span class='ocrx_word' id='word_1_130' title='bbox 945 1686 1053 1740; x_wconf 88' lang='lat' dir='ltr'>totum</span> <span class='ocrx_word' id='word_1_131' title='bbox 1080 1686 1255 1759; x_wconf 89' lang='lat' dir='ltr'>propterea</span> <span class='ocrx_word' id='word_1_132' title='bbox 1284 1676 1409 1761; x_wconf 92' lang='lat' dir='ltr'>loquor,</span> <span class='ocrx_word' id='word_1_133' title='bbox 1434 1697 1476 1740; x_wconf 90' lang='lat' dir='ltr'>ne</span> <span class='ocrx_word' id='word_1_134' title='bbox 1501 1676 1598 1741; x_wconf 88' lang='lat' dir='ltr'>lacile</span> 
     </span>
     <span class='ocr_line' id='line_1_13' title="bbox 241 1776 1596 1859; baseline 0.001 -19"><span class='ocrx_word' id='word_1_135' title='bbox 241 1779 416 1842; x_wconf 87' lang='lat' dir='ltr'>credamus</span> <span class='ocrx_word' id='word_1_136' title='bbox 432 1778 631 1843; x_wconf 87' lang='lat' dir='ltr'>testimoniis</span> <span class='ocrx_word' id='word_1_137' title='bbox 647 1777 862 1841; x_wconf 87' lang='lat' dir='ltr'>daemonum.</span> <span class='ocrx_word' id='word_1_138' title='bbox 880 1776 1034 1858; x_wconf 87' lang='lat' dir='ltr'>Denique</span> <span class='ocrx_word' id='word_1_139' title='bbox 1050 1777 1130 1859; x_wconf 91' lang='lat' dir='ltr'>quid</span> <span class='ocrx_word' id='word_1_140' title='bbox 1147 1777 1228 1841; x_wconf 90' lang='lat' dir='ltr'>dicit</span> <span class='ocrx_word' id='word_1_141' title='bbox 1245 1777 1420 1843; x_wconf 81' lang='lat' dir='ltr'>Salvator?</span> <span class='ocrx_word' id='word_1_142' title='bbox 1445 1777 1493 1841; x_wconf 87' lang='lat' dir='ltr'>Et</span> <span class='ocrx_word' id='word_1_143' title='bbox 1516 1799 1596 1842; x_wconf 87' lang='lat' dir='ltr'>com·</span> 
     </span>
     <span class='ocr_line' id='line_1_14' title="bbox 242 1879 1596 1965; baseline 0.001 -20"><span class='ocrx_word' id='word_1_144' title='bbox 242 1883 388 1946; x_wconf 82' lang='lat' dir='ltr'>minatus</span> <span class='ocrx_word' id='word_1_145' title='bbox 401 1893 450 1946; x_wconf 82' lang='lat' dir='ltr'>est</span> <span class='ocrx_word' id='word_1_146' title='bbox 462 1883 494 1945; x_wconf 81' lang='lat' dir='ltr'>ei</span> <span class='ocrx_word' id='word_1_147' title='bbox 507 1882 607 1960; x_wconf 82' lang='lat' dir='ltr'>Iesus,</span> <span class='ocrx_word' id='word_1_148' title='bbox 621 1881 730 1945; x_wconf 80' lang='lat' dir='ltr'>dicens</span> <span class='ocrx_word' id='word_1_149' title='bbox 740 1903 751 1944; x_wconf 94' lang='lat'><em>:</em></span> <span class='ocrx_word' id='word_1_150' title='bbox 770 1879 961 1956; x_wconf 78' lang='lat' dir='ltr'>obmutesce,</span> <span class='ocrx_word' id='word_1_151' title='bbox 976 1890 1007 1943; x_wconf 81' lang='lat' dir='ltr'>et</span> <span class='ocrx_word' id='word_1_152' title='bbox 1020 1881 1075 1944; x_wconf 76' lang='lat' dir='ltr'>exi</span> <span class='ocrx_word' id='word_1_153' title='bbox 1087 1880 1276 1946; x_wconf 71' lang='lat' dir='ltr'>abramne.</span> <span class='ocrx_word' id='word_1_154' title='bbox 1294 1881 1372 1945; x_wconf 94' lang='lat' dir='ltr'>Non</span> <span class='ocrx_word' id='word_1_155' title='bbox 1396 1881 1524 1965; x_wconf 83' lang='lat' dir='ltr'>indiget</span> <span class='ocrx_word' id='word_1_156' title='bbox 1544 1903 1596 1946; x_wconf 86' lang='lat' dir='ltr'>ve-</span> 
     </span>
     <span class='ocr_line' id='line_1_15' title="bbox 241 1984 1598 2069; baseline 0.001 -19"><span class='ocrx_word' id='word_1_157' title='bbox 241 1988 321 2051; x_wconf 90' lang='lat' dir='ltr'>ritas</span> <span class='ocrx_word' id='word_1_158' title='bbox 352 1987 546 2051; x_wconf 89' lang='lat' dir='ltr'>testimonio</span> <span class='ocrx_word' id='word_1_159' title='bbox 573 1986 747 2050; x_wconf 88' lang='lat' dir='ltr'>mendacii.</span> <span class='ocrx_word' id='word_1_160' title='bbox 774 1985 851 2049; x_wconf 93' lang='lat' dir='ltr'>Non</span> <span class='ocrx_word' id='word_1_161' title='bbox 887 1984 962 2048; x_wconf 90' lang='lat' dir='ltr'>veni</span> <span class='ocrx_word' id='word_1_162' title='bbox 989 1997 1024 2049; x_wconf 90' lang='lat' dir='ltr'>ut</span> <span class='ocrx_word' id='word_1_163' title='bbox 1059 1995 1118 2048; x_wconf 89' lang='lat' dir='ltr'>tuo</span> <span class='ocrx_word' id='word_1_164' title='bbox 1145 1986 1338 2050; x_wconf 88' lang='lat' dir='ltr'>testimonio</span> <span class='ocrx_word' id='word_1_165' title='bbox 1366 1988 1598 2069; x_wconf 90' lang='lat' dir='ltr'>conprobarer,</span> 
     </span>
     <span class='ocr_line' id='line_1_16' title="bbox 195 2087 1598 2171; baseline 0.004 -21"><span class='ocrx_word' id='word_1_166' title='bbox 195 2115 220 2166; x_wconf 86' lang='lat'>¹5</span> <span class='ocrx_word' id='word_1_167' title='bbox 240 2092 299 2155; x_wconf 90' lang='lat' dir='ltr'>sed</span> <span class='ocrx_word' id='word_1_168' title='bbox 325 2101 363 2155; x_wconf 90' lang='lat' dir='ltr'>ut</span> <span class='ocrx_word' id='word_1_169' title='bbox 386 2101 420 2155; x_wconf 91' lang='lat' dir='ltr'>te</span> <span class='ocrx_word' id='word_1_170' title='bbox 447 2089 586 2154; x_wconf 89' lang='lat' dir='ltr'>eicerem</span> <span class='ocrx_word' id='word_1_171' title='bbox 613 2091 655 2153; x_wconf 89' lang='lat' dir='ltr'>de</span> <span class='ocrx_word' id='word_1_172' title='bbox 682 2098 833 2151; x_wconf 90' lang='lat' dir='ltr'>creatura</span> <span class='ocrx_word' id='word_1_173' title='bbox 862 2109 943 2152; x_wconf 90' lang='lat' dir='ltr'>mea.</span> <span class='ocrx_word' id='word_1_174' title='bbox 959 2094 966 2121; x_wconf 89' lang='lat'>‘</span> <span class='ocrx_word' id='word_1_175' title='bbox 985 2087 1061 2152; x_wconf 93' lang='lat' dir='ltr'>Non</span> <span class='ocrx_word' id='word_1_176' title='bbox 1086 2097 1139 2151; x_wconf 90' lang='lat' dir='ltr'>est</span> <span class='ocrx_word' id='word_1_177' title='bbox 1154 2087 1292 2171; x_wconf 89' lang='lat' dir='ltr'>pulchra</span> <span class='ocrx_word' id='word_1_178' title='bbox 1316 2089 1465 2154; x_wconf 91' lang='lat' dir='ltr'>laudatio</span> <span class='ocrx_word' id='word_1_179' title='bbox 1481 2092 1513 2154; x_wconf 93' lang='lat' dir='ltr'>in</span> <span class='ocrx_word' id='word_1_180' title='bbox 1541 2112 1598 2156; x_wconf 92' lang='lat' dir='ltr'>ore</span> 
     </span>
     <span class='ocr_line' id='line_1_17' title="bbox 240 2191 1596 2278; baseline 0.001 -20"><span class='ocrx_word' id='word_1_181' title='bbox 240 2196 425 2278; x_wconf 88' lang='lat' dir='ltr'>peccatoris</span> <span class='ocrx_word' id='word_1_182' title='bbox 436 2195 451 2258; x_wconf 90' lang='lat'>¹.</span> <span class='ocrx_word' id='word_1_183' title='bbox 470 2193 548 2258; x_wconf 92' lang='lat' dir='ltr'>Non</span> <span class='ocrx_word' id='word_1_184' title='bbox 571 2193 706 2275; x_wconf 84' lang='lat' dir='ltr'>indigeo</span> <span class='ocrx_word' id='word_1_185' title='bbox 729 2191 800 2255; x_wconf 90' lang='lat' dir='ltr'>eius</span> <span class='ocrx_word' id='word_1_186' title='bbox 827 2192 1029 2270; x_wconf 86' lang='lat' dir='ltr'>testimonio,</span> <span class='ocrx_word' id='word_1_187' title='bbox 1044 2192 1138 2256; x_wconf 89' lang='lat' dir='ltr'>cuius</span> <span class='ocrx_word' id='word_1_188' title='bbox 1154 2202 1322 2256; x_wconf 89' lang='lat' dir='ltr'>tormenta</span> <span class='ocrx_word' id='word_1_189' title='bbox 1337 2194 1499 2259; x_wconf 88' lang='lat' dir='ltr'>desidero.</span> <span class='ocrx_word' id='word_1_190' title='bbox 1527 2193 1596 2259; x_wconf 93' lang='lat' dir='ltr'>Ob-</span> 
     </span>
     <span class='ocr_line' id='line_1_18' title="bbox 242 2293 1596 2376; baseline 0.002 -15"><span class='ocrx_word' id='word_1_191' title='bbox 242 2297 399 2363; x_wconf 83' lang='lat' dir='ltr'>mutesce.</span> <span class='ocrx_word' id='word_1_192' title='bbox 425 2298 514 2362; x_wconf 87' lang='lat' dir='ltr'>Laus</span> <span class='ocrx_word' id='word_1_193' title='bbox 542 2317 615 2361; x_wconf 88' lang='lat' dir='ltr'>mea</span> <span class='ocrx_word' id='word_1_194' title='bbox 643 2295 687 2359; x_wconf 88' lang='lat' dir='ltr'>sit</span> <span class='ocrx_word' id='word_1_195' title='bbox 714 2293 882 2358; x_wconf 89' lang='lat' dir='ltr'>silentium</span> <span class='ocrx_word' id='word_1_196' title='bbox 911 2305 1015 2360; x_wconf 89' lang='lat' dir='ltr'>tuum.</span> <span class='ocrx_word' id='word_1_197' title='bbox 1032 2295 1122 2359; x_wconf 92' lang='lat' dir='ltr'>Nolo</span> <span class='ocrx_word' id='word_1_198' title='bbox 1151 2315 1204 2360; x_wconf 89' lang='lat' dir='ltr'>me</span> <span class='ocrx_word' id='word_1_199' title='bbox 1220 2295 1333 2361; x_wconf 91' lang='lat' dir='ltr'>laudet</span> <span class='ocrx_word' id='word_1_200' title='bbox 1350 2317 1419 2362; x_wconf 89' lang='lat' dir='ltr'>vox</span> <span class='ocrx_word' id='word_1_201' title='bbox 1448 2308 1514 2376; x_wconf 91' lang='lat' dir='ltr'>tua,</span> <span class='ocrx_word' id='word_1_202' title='bbox 1538 2301 1596 2364; x_wconf 90' lang='lat' dir='ltr'>sed</span> 
     </span>
     <span class='ocr_line' id='line_1_19' title="bbox 241 2395 1596 2484; baseline 0.001 -18"><span class='ocrx_word' id='word_1_203' title='bbox 241 2411 408 2466; x_wconf 90' lang='lat' dir='ltr'>tormenta</span> <span class='ocrx_word' id='word_1_204' title='bbox 424 2412 502 2466; x_wconf 90' lang='lat' dir='ltr'>tua:</span> <span class='ocrx_word' id='word_1_205' title='bbox 526 2421 634 2484; x_wconf 87' lang='lat' dir='ltr'>poena</span> <span class='ocrx_word' id='word_1_206' title='bbox 661 2410 718 2464; x_wconf 88' lang='lat' dir='ltr'>tua</span> <span class='ocrx_word' id='word_1_207' title='bbox 735 2398 807 2461; x_wconf 89' lang='lat' dir='ltr'>laus</span> <span class='ocrx_word' id='word_1_208' title='bbox 832 2417 906 2460; x_wconf 89' lang='lat' dir='ltr'>mea</span> <span class='ocrx_word' id='word_1_209' title='bbox 931 2408 989 2462; x_wconf 88' lang='lat' dir='ltr'>est.</span> <span class='ocrx_word' id='word_1_210' title='bbox 1008 2395 1084 2462; x_wconf 90' lang='lat' dir='ltr'>Non</span> <span class='ocrx_word' id='word_1_211' title='bbox 1107 2399 1186 2482; x_wconf 87' lang='lat' dir='ltr'>quia</span> <span class='ocrx_word' id='word_1_212' title='bbox 1213 2400 1329 2465; x_wconf 91' lang='lat' dir='ltr'>laudas</span> <span class='ocrx_word' id='word_1_213' title='bbox 1354 2402 1511 2484; x_wconf 84' lang='lat' dir='ltr'>gratulor,</span> <span class='ocrx_word' id='word_1_214' title='bbox 1537 2405 1596 2469; x_wconf 88' lang='lat' dir='ltr'>sed</span> 
     </span>
     <span class='ocr_line' id='line_1_20' title="bbox 240 2503 1597 2590; baseline 0.003 -20"><span class='ocrx_word' id='word_1_215' title='bbox 240 2507 319 2590; x_wconf 89' lang='lat' dir='ltr'>quia</span> <span class='ocrx_word' id='word_1_216' title='bbox 335 2507 409 2570; x_wconf 89' lang='lat' dir='ltr'>exis</span> <span class='ocrx_word' id='word_1_217' title='bbox 425 2505 582 2588; x_wconf 86' lang='lat' dir='ltr'>gratulor.</span> <span class='ocrx_word' id='word_1_218' title='bbox 599 2505 814 2582; x_wconf 88' lang='lat' dir='ltr'>Obmutesce,</span> <span class='ocrx_word' id='word_1_219' title='bbox 830 2514 863 2568; x_wconf 92' lang='lat' dir='ltr'>et</span> <span class='ocrx_word' id='word_1_220' title='bbox 888 2503 945 2567; x_wconf 92' lang='lat' dir='ltr'>exi</span> <span class='ocrx_word' id='word_1_221' title='bbox 960 2503 1004 2566; x_wconf 88' lang='lat' dir='ltr'>de</span> <span class='ocrx_word' id='word_1_222' title='bbox 1026 2503 1169 2568; x_wconf 90' lang='lat' dir='ltr'>homine.</span> <span class='ocrx_word' id='word_1_223' title='bbox 1187 2505 1292 2588; x_wconf 85' lang='lat' dir='ltr'>Quasi</span> <span class='ocrx_word' id='word_1_224' title='bbox 1307 2508 1452 2572; x_wconf 90' lang='lat' dir='ltr'>diceret:</span> <span class='ocrx_word' id='word_1_225' title='bbox 1470 2509 1538 2574; x_wconf 88' lang='lat' dir='ltr'>Exi</span> <span class='ocrx_word' id='word_1_226' title='bbox 1554 2510 1597 2574; x_wconf 94' lang='lat' dir='ltr'>de</span> 
     </span>
     <span class='ocr_line' id='line_1_21' title="bbox 191 2607 1598 2693; baseline 0.002 -20"><span class='ocrx_word' id='word_1_227' title='bbox 191 2637 223 2674; x_wconf 84' lang='lat'>20</span> <span class='ocrx_word' id='word_1_228' title='bbox 240 2610 343 2674; x_wconf 89' lang='lat' dir='ltr'>domo</span> <span class='ocrx_word' id='word_1_229' title='bbox 360 2630 435 2674; x_wconf 89' lang='lat' dir='ltr'>rnea</span> <span class='ocrx_word' id='word_1_230' title='bbox 450 2611 553 2693; x_wconf 91' lang='lat' dir='ltr'>:quid</span> <span class='ocrx_word' id='word_1_231' title='bbox 571 2610 650 2674; x_wconf 87' lang='lat' dir='ltr'>lacis</span> <span class='ocrx_word' id='word_1_232' title='bbox 661 2611 693 2673; x_wconf 88' lang='lat' dir='ltr'>in</span> <span class='ocrx_word' id='word_1_233' title='bbox 705 2609 853 2692; x_wconf 91' lang='lat' dir='ltr'>hospitio</span> <span class='ocrx_word' id='word_1_234' title='bbox 866 2627 941 2671; x_wconf 90' lang='lat' dir='ltr'>meo</span> <span class='ocrx_word' id='word_1_235' title='bbox 952 2613 967 2670; x_wconf 72' lang='grc' dir='ltr'>Ρ</span> <span class='ocrx_word' id='word_1_236' title='bbox 980 2607 1056 2688; x_wconf 89' lang='lat' dir='ltr'>Ego</span> <span class='ocrx_word' id='word_1_237' title='bbox 1071 2608 1194 2672; x_wconf 88' lang='lat' dir='ltr'>intrare</span> <span class='ocrx_word' id='word_1_238' title='bbox 1209 2609 1362 2674; x_wconf 90' lang='lat' dir='ltr'>desidero</span> <span class='ocrx_word' id='word_1_239' title='bbox 1377 2611 1598 2689; x_wconf 70' lang='lat' dir='ltr'>:obmutesce</span> 
     </span>
     <span class='ocr_line' id='line_1_22' title="bbox 241 2709 1597 2790; baseline 0.002 -15"><span class='ocrx_word' id='word_1_240' title='bbox 241 2722 274 2776; x_wconf 91' lang='lat' dir='ltr'>et</span> <span class='ocrx_word' id='word_1_241' title='bbox 301 2713 358 2776; x_wconf 88' lang='lat' dir='ltr'>exi</span> <span class='ocrx_word' id='word_1_242' title='bbox 384 2713 428 2776; x_wconf 91' lang='lat' dir='ltr'>de</span> <span class='ocrx_word' id='word_1_243' title='bbox 452 2712 597 2777; x_wconf 89' lang='lat' dir='ltr'>homine.</span> <span class='ocrx_word' id='word_1_244' title='bbox 626 2713 678 2775; x_wconf 90' lang='lat' dir='ltr'>De</span> <span class='ocrx_word' id='word_1_245' title='bbox 695 2712 839 2790; x_wconf 89' lang='lat' dir='ltr'>homine,</span> <span class='ocrx_word' id='word_1_246' title='bbox 855 2712 897 2776; x_wconf 93' lang='lat' dir='ltr'>de</span> <span class='ocrx_word' id='word_1_247' title='bbox 925 2709 1080 2775; x_wconf 88' lang='lat' dir='ltr'>rationali</span> <span class='ocrx_word' id='word_1_248' title='bbox 1107 2713 1254 2779; x_wconf 89' lang='lat' dir='ltr'>animali.</span> <span class='ocrx_word' id='word_1_249' title='bbox 1282 2713 1350 2777; x_wconf 91' lang='lat' dir='ltr'>Exi</span> <span class='ocrx_word' id='word_1_250' title='bbox 1375 2715 1418 2778; x_wconf 91' lang='lat' dir='ltr'>de</span> <span class='ocrx_word' id='word_1_251' title='bbox 1441 2714 1597 2778; x_wconf 87' lang='lat' dir='ltr'>homine:</span> 
     </span>
     <span class='ocr_line' id='line_1_23' title="bbox 240 2814 1594 2899; baseline 0.003 -21"><span class='ocrx_word' id='word_1_252' title='bbox 240 2814 389 2899; x_wconf 88' lang='lat' dir='ltr'>relinque</span> <span class='ocrx_word' id='word_1_253' title='bbox 401 2814 482 2880; x_wconf 82' lang='lat' dir='ltr'>milri</span> <span class='ocrx_word' id='word_1_254' title='bbox 500 2815 680 2897; x_wconf 86' lang='lat' dir='ltr'>hospitium</span> <span class='ocrx_word' id='word_1_255' title='bbox 698 2824 943 2898; x_wconf 87' lang='lat' dir='ltr'>praeparatum.</span> <span class='ocrx_word' id='word_1_256' title='bbox 964 2814 1131 2878; x_wconf 91' lang='lat' dir='ltr'>Dominus</span> <span class='ocrx_word' id='word_1_257' title='bbox 1147 2815 1314 2880; x_wconf 88' lang='lat' dir='ltr'>desiderat</span> <span class='ocrx_word' id='word_1_258' title='bbox 1330 2817 1469 2881; x_wconf 91' lang='lat' dir='ltr'>domum</span> <span class='ocrx_word' id='word_1_259' title='bbox 1487 2838 1594 2882; x_wconf 91' lang='lat' dir='ltr'>suam:</span> 
     </span>
     <span class='ocr_line' id='line_1_24' title="bbox 240 2917 1595 2996; baseline 0.003 -15"><span class='ocrx_word' id='word_1_260' title='bbox 240 2918 296 2982; x_wconf 91' lang='lat' dir='ltr'>exi</span> <span class='ocrx_word' id='word_1_261' title='bbox 312 2919 354 2983; x_wconf 93' lang='lat' dir='ltr'>de</span> <span class='ocrx_word' id='word_1_262' title='bbox 371 2917 515 2996; x_wconf 89' lang='lat' dir='ltr'>homine,</span> <span class='ocrx_word' id='word_1_263' title='bbox 527 2919 569 2982; x_wconf 91' lang='lat' dir='ltr'>de</span> <span class='ocrx_word' id='word_1_264' title='bbox 585 2918 738 2983; x_wconf 88' lang='lat' dir='ltr'>rationali</span> <span class='ocrx_word' id='word_1_265' title='bbox 755 2918 900 2985; x_wconf 89' lang='lat' dir='ltr'>animali.</span> <span class='ocrx_word' id='word_1_266' title='bbox 926 2919 992 2982; x_wconf 90' lang='lat' dir='ltr'>Exi</span> <span class='ocrx_word' id='word_1_267' title='bbox 1010 2920 1053 2982; x_wconf 88' lang='lat' dir='ltr'>de</span> <span class='ocrx_word' id='word_1_268' title='bbox 1068 2918 1213 2984; x_wconf 88' lang='lat' dir='ltr'>homine.</span> <span class='ocrx_word' id='word_1_269' title='bbox 1230 2920 1329 2984; x_wconf 89' lang='lat' dir='ltr'>Dixit</span> <span class='ocrx_word' id='word_1_270' title='bbox 1345 2931 1379 2984; x_wconf 92' lang='lat' dir='ltr'>et</span> <span class='ocrx_word' id='word_1_271' title='bbox 1395 2922 1426 2984; x_wconf 93' lang='lat' dir='ltr'>in</span> <span class='ocrx_word' id='word_1_272' title='bbox 1443 2921 1510 2985; x_wconf 92' lang='lat' dir='ltr'>alio</span> <span class='ocrx_word' id='word_1_273' title='bbox 1521 2920 1595 2985; x_wconf 89' lang='lat' dir='ltr'>loco</span> 
     </span>
     <span class='ocr_line' id='line_1_25' title="bbox 240 3023 1596 3108; baseline 0.003 -22"><span class='ocrx_word' id='word_1_274' title='bbox 240 3023 282 3086; x_wconf 89' lang='lat' dir='ltr'>ad</span> <span class='ocrx_word' id='word_1_275' title='bbox 311 3023 488 3104; x_wconf 87' lang='lat' dir='ltr'>legionem,</span> <span class='ocrx_word' id='word_1_276' title='bbox 516 3034 552 3089; x_wconf 89' lang='lat' dir='ltr'>ut</span> <span class='ocrx_word' id='word_1_277' title='bbox 579 3025 769 3105; x_wconf 88' lang='lat' dir='ltr'>egrediatur</span> <span class='ocrx_word' id='word_1_278' title='bbox 794 3023 837 3088; x_wconf 88' lang='lat' dir='ltr'>de</span> <span class='ocrx_word' id='word_1_279' title='bbox 862 3023 1007 3101; x_wconf 88' lang='lat' dir='ltr'>homine,</span> <span class='ocrx_word' id='word_1_280' title='bbox 1021 3036 1055 3089; x_wconf 90' lang='lat' dir='ltr'>et</span> <span class='ocrx_word' id='word_1_281' title='bbox 1072 3025 1277 3106; x_wconf 89' lang='lat' dir='ltr'>ingrediatur</span> <span class='ocrx_word' id='word_1_282' title='bbox 1302 3027 1334 3089; x_wconf 94' lang='lat' dir='ltr'>in</span> <span class='ocrx_word' id='word_1_283' title='bbox 1352 3046 1478 3108; x_wconf 92' lang='lat' dir='ltr'>porcos.</span> <span class='ocrx_word' id='word_1_284' title='bbox 1507 3025 1596 3090; x_wconf 90' lang='lat' dir='ltr'>Vide</span> 
     </span>
     <span class='ocr_line' id='line_1_26' title="bbox 191 3127 1594 3215; baseline 0.003 -23"><span class='ocrx_word' id='word_1_285' title='bbox 191 3156 222 3208; x_wconf 83' lang='lat'>25</span> <span class='ocrx_word' id='word_1_286' title='bbox 239 3145 341 3209; x_wconf 88' lang='lat' dir='ltr'>quarn</span> <span class='ocrx_word' id='word_1_287' title='bbox 358 3128 504 3211; x_wconf 88' lang='lat' dir='ltr'>pretiosa</span> <span class='ocrx_word' id='word_1_288' title='bbox 520 3127 563 3191; x_wconf 90' lang='lat' dir='ltr'>sit</span> <span class='ocrx_word' id='word_1_289' title='bbox 578 3128 691 3191; x_wconf 89' lang='lat' dir='ltr'>anima</span> <span class='ocrx_word' id='word_1_290' title='bbox 706 3127 860 3192; x_wconf 78' lang='lat' dir='ltr'>hominis</span> <span class='ocrx_word' id='word_1_291' title='bbox 879 3127 956 3192; x_wconf 89' lang='lat' dir='ltr'>Hoc</span> <span class='ocrx_word' id='word_1_292' title='bbox 970 3129 1129 3193; x_wconf 90' lang='lat' dir='ltr'>adversus</span> <span class='ocrx_word' id='word_1_293' title='bbox 1145 3150 1211 3206; x_wconf 88' lang='lat' dir='ltr'>eos,</span> <span class='ocrx_word' id='word_1_294' title='bbox 1227 3132 1283 3215; x_wconf 91' lang='lat' dir='ltr'>qui</span> <span class='ocrx_word' id='word_1_295' title='bbox 1301 3141 1422 3214; x_wconf 91' lang='lat' dir='ltr'>putant</span> <span class='ocrx_word' id='word_1_296' title='bbox 1438 3143 1471 3196; x_wconf 93' lang='lat' dir='ltr'>et</span> <span class='ocrx_word' id='word_1_297' title='bbox 1487 3151 1549 3195; x_wconf 92' lang='lat' dir='ltr'>nos</span> <span class='ocrx_word' id='word_1_298' title='bbox 1561 3141 1594 3196; x_wconf 89' lang='lat' dir='ltr'>et</span> 
     </span>
     <span class='ocr_line' id='line_1_27' title="bbox 240 3230 1594 3314; baseline 0.006 -22"><span class='ocrx_word' id='word_1_299' title='bbox 240 3230 397 3295; x_wconf 90' lang='lat' dir='ltr'>animalia</span> <span class='ocrx_word' id='word_1_300' title='bbox 414 3251 514 3295; x_wconf 89' lang='lat' dir='ltr'>unam</span> <span class='ocrx_word' id='word_1_301' title='bbox 531 3231 678 3294; x_wconf 88' lang='lat' dir='ltr'>animam</span> <span class='ocrx_word' id='word_1_302' title='bbox 696 3231 827 3308; x_wconf 89' lang='lat' dir='ltr'>habere,</span> <span class='ocrx_word' id='word_1_303' title='bbox 842 3240 875 3294; x_wconf 90' lang='lat' dir='ltr'>et</span> <span class='ocrx_word' id='word_1_304' title='bbox 886 3250 989 3294; x_wconf 89' lang='lat' dir='ltr'>unum</span> <span class='ocrx_word' id='word_1_305' title='bbox 1013 3232 1165 3314; x_wconf 88' lang='lat' dir='ltr'>spiritum</span> <span class='ocrx_word' id='word_1_306' title='bbox 1183 3236 1321 3298; x_wconf 85' lang='lat' dir='ltr'>trahere.</span> <span class='ocrx_word' id='word_1_307' title='bbox 1336 3235 1389 3299; x_wconf 91' lang='lat' dir='ltr'>De</span> <span class='ocrx_word' id='word_1_308' title='bbox 1405 3255 1472 3299; x_wconf 88' lang='lat' dir='ltr'>uno</span> <span class='ocrx_word' id='word_1_309' title='bbox 1488 3235 1594 3300; x_wconf 89' lang='lat' dir='ltr'>horni-</span> 
     </span>
     <span class='ocr_line' id='line_1_28' title="bbox 241 3333 1593 3421; baseline 0.003 -23"><span class='ocrx_word' id='word_1_310' title='bbox 241 3355 283 3398; x_wconf 90' lang='lat' dir='ltr'>ne</span> <span class='ocrx_word' id='word_1_311' title='bbox 308 3335 498 3417; x_wconf 88' lang='lat' dir='ltr'>expellitur,</span> <span class='ocrx_word' id='word_1_312' title='bbox 513 3345 547 3400; x_wconf 92' lang='lat' dir='ltr'>et</span> <span class='ocrx_word' id='word_1_313' title='bbox 565 3335 598 3397; x_wconf 94' lang='lat' dir='ltr'>in</span> <span class='ocrx_word' id='word_1_314' title='bbox 625 3335 694 3397; x_wconf 93' lang='lat' dir='ltr'>duo</span> <span class='ocrx_word' id='word_1_315' title='bbox 709 3333 799 3398; x_wconf 89' lang='lat' dir='ltr'>milia</span> <span class='ocrx_word' id='word_1_316' title='bbox 824 3353 1000 3416; x_wconf 93' lang='lat' dir='ltr'>porcorum</span> <span class='ocrx_word' id='word_1_317' title='bbox 1027 3337 1270 3401; x_wconf 78' lang='lat' dir='ltr'>mittitur2hoc</span> <span class='ocrx_word' id='word_1_318' title='bbox 1297 3338 1385 3403; x_wconf 90' lang='lat' dir='ltr'>enirn</span> <span class='ocrx_word' id='word_1_319' title='bbox 1411 3340 1593 3421; x_wconf 87' lang='lat' dir='ltr'>pretiosum</span> 
     </span>
     <span class='ocr_line' id='line_1_29' title="bbox 238 3436 1593 3522; baseline 0.004 -20"><span class='ocrx_word' id='word_1_320' title='bbox 238 3449 290 3503; x_wconf 88' lang='lat' dir='ltr'>est</span> <span class='ocrx_word' id='word_1_321' title='bbox 313 3439 403 3522; x_wconf 91' lang='lat' dir='ltr'>quod</span> <span class='ocrx_word' id='word_1_322' title='bbox 420 3448 577 3516; x_wconf 86' lang='lat' dir='ltr'>servatur,</span> <span class='ocrx_word' id='word_1_323' title='bbox 593 3439 674 3503; x_wconf 92' lang='lat' dir='ltr'>illud</span> <span class='ocrx_word' id='word_1_324' title='bbox 692 3448 743 3502; x_wconf 90' lang='lat' dir='ltr'>est</span> <span class='ocrx_word' id='word_1_325' title='bbox 757 3436 823 3502; x_wconf 88' lang='lat' dir='ltr'>vile</span> <span class='ocrx_word' id='word_1_326' title='bbox 845 3441 934 3521; x_wconf 93' lang='lat' dir='ltr'>quod</span> <span class='ocrx_word' id='word_1_327' title='bbox 952 3439 1107 3521; x_wconf 86' lang='lat' dir='ltr'>perditur.</span> <span class='ocrx_word' id='word_1_328' title='bbox 1125 3440 1193 3505; x_wconf 89' lang='lat' dir='ltr'>Exi</span> <span class='ocrx_word' id='word_1_329' title='bbox 1210 3444 1252 3507; x_wconf 89' lang='lat' dir='ltr'>de</span> <span class='ocrx_word' id='word_1_330' title='bbox 1275 3443 1411 3508; x_wconf 87' lang='lat' dir='ltr'>homine</span> <span class='ocrx_word' id='word_1_331' title='bbox 1426 3467 1433 3507; x_wconf 74' lang='grc' dir='ltr'>ε</span> <span class='ocrx_word' id='word_1_332' title='bbox 1449 3445 1534 3508; x_wconf 88' lang='lat' dir='ltr'>vade</span> <span class='ocrx_word' id='word_1_333' title='bbox 1561 3444 1593 3508; x_wconf 92' lang='lat' dir='ltr'>in</span> 
     </span>
     <span class='ocr_line' id='line_1_30' title="bbox 240 3543 1596 3631; baseline 0.004 -23"><span class='ocrx_word' id='word_1_334' title='bbox 240 3563 367 3626; x_wconf 90' lang='lat' dir='ltr'>porcos,</span> <span class='ocrx_word' id='word_1_335' title='bbox 383 3545 468 3608; x_wconf 89' lang='lat' dir='ltr'>vade</span> <span class='ocrx_word' id='word_1_336' title='bbox 477 3545 510 3608; x_wconf 91' lang='lat' dir='ltr'>in</span> <span class='ocrx_word' id='word_1_337' title='bbox 526 3543 694 3622; x_wconf 88' lang='lat' dir='ltr'>animalia,</span> <span class='ocrx_word' id='word_1_338' title='bbox 711 3544 795 3607; x_wconf 92' lang='lat' dir='ltr'>vade</span> <span class='ocrx_word' id='word_1_339' title='bbox 811 3563 1023 3628; x_wconf 89' lang='lat' dir='ltr'>quocumque</span> <span class='ocrx_word' id='word_1_340' title='bbox 1045 3543 1113 3608; x_wconf 93' lang='lat' dir='ltr'>alio</span> <span class='ocrx_word' id='word_1_341' title='bbox 1128 3545 1279 3626; x_wconf 86' lang='lat' dir='ltr'>volueris,</span> <span class='ocrx_word' id='word_1_342' title='bbox 1294 3547 1379 3612; x_wconf 85' lang='lat' dir='ltr'>vade</span> <span class='ocrx_word' id='word_1_343' title='bbox 1395 3548 1429 3610; x_wconf 91' lang='lat' dir='ltr'>in</span> <span class='ocrx_word' id='word_1_344' title='bbox 1445 3548 1596 3631; x_wconf 87' lang='lat' dir='ltr'>abyssos.</span> 
     </span>
    </p>
   </div>
   <div class='ocr_carea' id='block_1_3' title="bbox 239 3715 1595 3949">
    <p class='ocr_par' dir='ltr' id='par_1_5' title="bbox 239 3715 1595 3949">
     <span class='ocr_line' id='line_1_31' title="bbox 275 3715 1595 3787; baseline 0.005 -23"><span class='ocrx_word' id='word_1_345' title='bbox 275 3728 284 3764; x_wconf 99' lang='grc'>1</span> <span class='ocrx_word' id='word_1_346' title='bbox 302 3716 374 3776; x_wconf 81' lang='lat' dir='ltr'>Quod</span> <span class='ocrx_word' id='word_1_347' title='bbox 382 3715 453 3776; x_wconf 81' lang='lat' dir='ltr'>dicit,</span> <span class='ocrx_word' id='word_1_348' title='bbox 466 3715 508 3765; x_wconf 85' lang='lat' dir='ltr'>lroc</span> <span class='ocrx_word' id='word_1_349' title='bbox 519 3716 564 3778; x_wconf 79' lang='lat' dir='ltr'>est]</span> <span class='ocrx_word' id='word_1_350' title='bbox 576 3715 664 3780; x_wconf 85' lang='lat' dir='ltr'>scripsi</span> <span class='ocrx_word' id='word_1_351' title='bbox 674 3733 682 3775; x_wconf 88' lang='lat'>;</span> <span class='ocrx_word' id='word_1_352' title='bbox 693 3717 768 3780; x_wconf 83' lang='lat' dir='ltr'>quasi</span> <span class='ocrx_word' id='word_1_353' title='bbox 777 3716 845 3766; x_wconf 75' lang='lat' dir='ltr'>dicat</span> <span class='ocrx_word' id='word_1_354' title='bbox 856 3716 881 3766; x_wconf 77' lang='lat' dir='ltr'>l.</span> <span class='ocrx_word' id='word_1_355' title='bbox 891 3733 911 3766; x_wconf 85' lang='lat' dir='ltr'>e.</span> <span class='ocrx_word' id='word_1_356' title='bbox 924 3733 952 3784; x_wconf 88' lang='grc' dir='ltr'>χ.</span> <span class='ocrx_word' id='word_1_357' title='bbox 1022 3717 1097 3781; x_wconf 74' lang='lat' dir='ltr'>§Hoc</span> <span class='ocrx_word' id='word_1_358' title='bbox 1109 3718 1138 3766; x_wconf 84' lang='lat' dir='ltr'>in</span> <span class='ocrx_word' id='word_1_359' title='bbox 1150 3720 1262 3767; x_wconf 79' lang='lat' dir='ltr'>transr&#39;tu</span> <span class='ocrx_word' id='word_1_360' title='bbox 1273 3716 1425 3778; x_wconf 76' lang='lat' dir='ltr'>dixerimus]</span> <span class='ocrx_word' id='word_1_361' title='bbox 1434 3735 1463 3787; x_wconf 84' lang='grc' dir='ltr'>χ.</span> <span class='ocrx_word' id='word_1_362' title='bbox 1476 3719 1595 3784; x_wconf 87' lang='lat' dir='ltr'>Suspicor</span> 
     </span>
     <span class='ocr_line' id='line_1_32' title="bbox 239 3795 1595 3866; baseline 0.002 -20"><span class='ocrx_word' id='word_1_363' title='bbox 239 3796 360 3863; x_wconf 82' lang='lat' dir='ltr'>scripturn</span> <span class='ocrx_word' id='word_1_364' title='bbox 373 3795 447 3848; x_wconf 85' lang='lat' dir='ltr'>luisse</span> <span class='ocrx_word' id='word_1_365' title='bbox 459 3795 484 3846; x_wconf 91' lang='lat' dir='ltr'>in</span> <span class='ocrx_word' id='word_1_366' title='bbox 496 3798 592 3857; x_wconf 87' lang='lat' dir='ltr'>codice,</span> <span class='ocrx_word' id='word_1_367' title='bbox 606 3798 819 3862; x_wconf 86' lang='lat' dir='ltr'>quemadmodum</span> <span class='ocrx_word' id='word_1_368' title='bbox 832 3814 906 3862; x_wconf 86' lang='lat' dir='ltr'>supra</span> <span class='ocrx_word' id='word_1_369' title='bbox 924 3797 1078 3862; x_wconf 85' lang='lat' dir='ltr'>saepissime,</span> <span class='ocrx_word' id='word_1_370' title='bbox 1091 3801 1142 3849; x_wconf 80' lang='lat' dir='ltr'>Hoc</span> <span class='ocrx_word' id='word_1_371' title='bbox 1152 3801 1256 3850; x_wconf 72' lang='lat' dir='ltr'>inter-irre</span> <span class='ocrx_word' id='word_1_372' title='bbox 1267 3802 1389 3851; x_wconf 77' lang='lat' dir='ltr'>diximus.</span> <span class='ocrx_word' id='word_1_373' title='bbox 1494 3815 1521 3866; x_wconf 84' lang='lat'>13</span> <span class='ocrx_word' id='word_1_374' title='bbox 1535 3801 1595 3851; x_wconf 82' lang='lat' dir='ltr'>Non</span> 
     </span>
     <span class='ocr_line' id='line_1_33' title="bbox 239 3879 1273 3949; baseline 0.006 -22"><span class='ocrx_word' id='word_1_375' title='bbox 239 3879 345 3945; x_wconf 78' lang='lat' dir='ltr'>indiget]</span> <span class='ocrx_word' id='word_1_376' title='bbox 355 3880 444 3946; x_wconf 88' lang='lat' dir='ltr'>scripsi</span> <span class='ocrx_word' id='word_1_377' title='bbox 455 3899 463 3940; x_wconf 78' lang='lat'>3</span> <span class='ocrx_word' id='word_1_378' title='bbox 475 3897 535 3930; x_wconf 88' lang='lat' dir='ltr'>nam</span> <span class='ocrx_word' id='word_1_379' title='bbox 546 3881 608 3930; x_wconf 79' lang='lat' dir='ltr'>dicit</span> <span class='ocrx_word' id='word_1_380' title='bbox 619 3897 647 3949; x_wconf 84' lang='grc' dir='ltr'>χ.</span> <span class='ocrx_word' id='word_1_381' title='bbox 662 3881 701 3931; x_wconf 82' lang='lat' dir='ltr'>Cf.</span> <span class='ocrx_word' id='word_1_382' title='bbox 718 3881 810 3930; x_wconf 86' lang='lat' dir='ltr'>Morel.</span> <span class='ocrx_word' id='word_1_383' title='bbox 824 3897 865 3944; x_wconf 92' lang='lat' dir='ltr'>op.</span> <span class='ocrx_word' id='word_1_384' title='bbox 880 3881 922 3930; x_wconf 85' lang='lat' dir='ltr'>cit.</span> <span class='ocrx_word' id='word_1_385' title='bbox 937 3881 984 3930; x_wconf 87' lang='lat' dir='ltr'>col.</span> <span class='ocrx_word' id='word_1_386' title='bbox 1003 3893 1073 3942; x_wconf 76' lang='lat'>1004,</span> <span class='ocrx_word' id='word_1_387' title='bbox 1090 3881 1152 3932; x_wconf 87' lang='lat'>1018</span> <span class='ocrx_word' id='word_1_388' title='bbox 1164 3891 1188 3932; x_wconf 89' lang='lat' dir='ltr'>et</span> <span class='ocrx_word' id='word_1_389' title='bbox 1204 3896 1273 3946; x_wconf 86' lang='lat'>1029.</span> 
     </span>
    </p>
   </div>
   <div class='ocr_carea' id='block_1_4' title="bbox 230 4009 1596 4750">
    <p class='ocr_par' dir='ltr' id='par_1_6' title="bbox 230 4009 1596 4750">
     <span class='ocr_line' id='line_1_34' title="bbox 230 4009 1431 4097; baseline 0.001 -21"><span class='ocrx_word' id='word_1_390' title='bbox 230 4009 237 4022; x_wconf 84' lang='lat'>&#39;</span> <span class='ocrx_word' id='word_1_391' title='bbox 282 4038 307 4078; x_wconf 88' lang='lat'>2.</span> <span class='ocrx_word' id='word_1_392' title='bbox 324 4017 393 4076; x_wconf 84' lang='lat' dir='ltr'>Non</span> <span class='ocrx_word' id='word_1_393' title='bbox 414 4017 492 4094; x_wconf 82' lang='lat' dir='ltr'>quod</span> <span class='ocrx_word' id='word_1_394' title='bbox 512 4017 642 4077; x_wconf 78' lang='lat' dir='ltr'>drirbolus</span> <span class='ocrx_word' id='word_1_395' title='bbox 665 4037 691 4075; x_wconf 86' lang='lat' dir='ltr'>a.</span> <span class='ocrx_word' id='word_1_396' title='bbox 704 4025 818 4094; x_wconf 79' lang='lat' dir='ltr'>patrem</span> <span class='ocrx_word' id='word_1_397' title='bbox 840 4016 889 4073; x_wconf 83' lang='lat' dir='ltr'>lra-</span> <span class='ocrx_word' id='word_1_398' title='bbox 984 4036 1029 4090; x_wconf 87' lang='lat'>²4·</span> <span class='ocrx_word' id='word_1_399' title='bbox 1047 4013 1194 4097; x_wconf 83' lang='lat' dir='ltr'>r&#39;rrporcos]</span> <span class='ocrx_word' id='word_1_400' title='bbox 1210 4018 1315 4078; x_wconf 81' lang='lat' dir='ltr'>Matth.</span> <span class='ocrx_word' id='word_1_401' title='bbox 1333 4021 1360 4090; x_wconf 88' lang='lat'>8,</span> <span class='ocrx_word' id='word_1_402' title='bbox 1385 4038 1431 4094; x_wconf 86' lang='lat'>3²·</span> 
     </span>
     <span class='ocr_line' id='line_1_35' title="bbox 238 4096 1593 4179; baseline -0.001 -22"><span class='ocrx_word' id='word_1_403' title='bbox 238 4096 315 4179; x_wconf 86' lang='lat' dir='ltr'>beat]</span> <span class='ocrx_word' id='word_1_404' title='bbox 332 4099 458 4160; x_wconf 92' lang='lat' dir='ltr'>Hieron.</span> <span class='ocrx_word' id='word_1_405' title='bbox 476 4097 505 4157; x_wconf 93' lang='lat' dir='ltr'>in</span> <span class='ocrx_word' id='word_1_406' title='bbox 528 4100 567 4158; x_wconf 90' lang='lat' dir='ltr'>Is.</span> <span class='ocrx_word' id='word_1_407' title='bbox 588 4119 631 4171; x_wconf 85' lang='lat'>14,</span> <span class='ocrx_word' id='word_1_408' title='bbox 651 4118 684 4156; x_wconf 83' lang='lat'>22</span> <span class='ocrx_word' id='word_1_409' title='bbox 712 4119 756 4175; x_wconf 89' lang='lat' dir='ltr'>sq.</span> <span class='ocrx_word' id='word_1_410' title='bbox 784 4096 891 4173; x_wconf 75' lang='lat' dir='ltr'>‘Legi</span> <span class='ocrx_word' id='word_1_411' title='bbox 984 4116 1030 4175; x_wconf 86' lang='lat'>25.</span> <span class='ocrx_word' id='word_1_412' title='bbox 1048 4099 1262 4158; x_wconf 82' lang='lat' dir='ltr'>Hocaduersrrs</span> <span class='ocrx_word' id='word_1_413' title='bbox 1280 4118 1325 4158; x_wconf 85' lang='lat' dir='ltr'>eos</span> <span class='ocrx_word' id='word_1_414' title='bbox 1344 4096 1404 4178; x_wconf 87' lang='lat' dir='ltr'>etc]</span> <span class='ocrx_word' id='word_1_415' title='bbox 1421 4097 1548 4158; x_wconf 89' lang='lat' dir='ltr'>Hieron.</span> <span class='ocrx_word' id='word_1_416' title='bbox 1564 4097 1593 4157; x_wconf 89' lang='lat' dir='ltr'>in</span> 
     </span>
     <span class='ocr_line' id='line_1_36' title="bbox 241 4177 1595 4257; baseline -0.001 -19"><span class='ocrx_word' id='word_1_417' title='bbox 241 4199 306 4240; x_wconf 90' lang='lat' dir='ltr'>mus</span> <span class='ocrx_word' id='word_1_418' title='bbox 321 4180 351 4240; x_wconf 93' lang='lat' dir='ltr'>in</span> <span class='ocrx_word' id='word_1_419' title='bbox 366 4179 523 4257; x_wconf 85' lang='lat' dir='ltr'>evangelio</span> <span class='ocrx_word' id='word_1_420' title='bbox 537 4180 620 4257; x_wconf 94' lang='lat' dir='ltr'>quod</span> <span class='ocrx_word' id='word_1_421' title='bbox 635 4178 775 4240; x_wconf 91' lang='lat' dir='ltr'>diabolus</span> <span class='ocrx_word' id='word_1_422' title='bbox 790 4178 828 4238; x_wconf 92' lang='lat' dir='ltr'>ab</span> <span class='ocrx_word' id='word_1_423' title='bbox 840 4177 891 4236; x_wconf 91' lang='lat' dir='ltr'>ini·</span> <span class='ocrx_word' id='word_1_424' title='bbox 943 4180 1051 4238; x_wconf 86' lang='lat' dir='ltr'>Marth.</span> <span class='ocrx_word' id='word_1_425' title='bbox 1080 4183 1106 4250; x_wconf 91' lang='lat'>8,</span> <span class='ocrx_word' id='word_1_426' title='bbox 1134 4200 1168 4256; x_wconf 83' lang='lat'>3¹</span> <span class='ocrx_word' id='word_1_427' title='bbox 1198 4199 1254 4257; x_wconf 94' lang='lat' dir='ltr'>sqq</span> <span class='ocrx_word' id='word_1_428' title='bbox 1278 4180 1464 4239; x_wconf 88' lang='lat' dir='ltr'>‘Erubescat</span> <span class='ocrx_word' id='word_1_429' title='bbox 1499 4179 1595 4238; x_wconf 90' lang='lat' dir='ltr'>Mani-</span> 
     </span>
     <span class='ocr_line' id='line_1_37' title="bbox 239 4259 1595 4339; baseline 0 -19"><span class='ocrx_word' id='word_1_430' title='bbox 239 4260 282 4321; x_wconf 93' lang='lat' dir='ltr'>tio</span> <span class='ocrx_word' id='word_1_431' title='bbox 306 4263 435 4322; x_wconf 84' lang='lat' dir='ltr'>mendax</span> <span class='ocrx_word' id='word_1_432' title='bbox 467 4261 503 4321; x_wconf 88' lang='lat' dir='ltr'>sit</span> <span class='ocrx_word' id='word_1_433' title='bbox 526 4275 555 4323; x_wconf 90' lang='lat' dir='ltr'>et</span> <span class='ocrx_word' id='word_1_434' title='bbox 580 4271 662 4339; x_wconf 85' lang='lat' dir='ltr'>pater</span> <span class='ocrx_word' id='word_1_435' title='bbox 688 4260 759 4331; x_wconf 89' lang='lat' dir='ltr'>eius,</span> <span class='ocrx_word' id='word_1_436' title='bbox 791 4259 820 4320; x_wconf 89' lang='lat' dir='ltr'>id</span> <span class='ocrx_word' id='word_1_437' title='bbox 846 4271 891 4318; x_wconf 90' lang='lat' dir='ltr'>est</span> <span class='ocrx_word' id='word_1_438' title='bbox 942 4260 1060 4320; x_wconf 85' lang='lat' dir='ltr'>chaeus.</span> <span class='ocrx_word' id='word_1_439' title='bbox 1086 4260 1116 4321; x_wconf 91' lang='lat' dir='ltr'>Si</span> <span class='ocrx_word' id='word_1_440' title='bbox 1132 4263 1170 4322; x_wconf 95' lang='lat' dir='ltr'>de</span> <span class='ocrx_word' id='word_1_441' title='bbox 1186 4263 1291 4321; x_wconf 81' lang='lat' dir='ltr'>eadent</span> <span class='ocrx_word' id='word_1_442' title='bbox 1317 4261 1481 4321; x_wconf 88' lang='lat' dir='ltr'>substantia</span> <span class='ocrx_word' id='word_1_443' title='bbox 1504 4271 1534 4321; x_wconf 83' lang='lat' dir='ltr'>et</span> <span class='ocrx_word' id='word_1_444' title='bbox 1558 4279 1595 4322; x_wconf 86' lang='lat' dir='ltr'>ex</span> 
     </span>
     <span class='ocr_line' id='line_1_38' title="bbox 240 4341 1596 4420; baseline 0 -18"><span class='ocrx_word' id='word_1_445' title='bbox 240 4342 408 4416; x_wconf 80' lang='lat' dir='ltr'>mendacii3</span> <span class='ocrx_word' id='word_1_446' title='bbox 422 4345 504 4419; x_wconf 92' lang='lat' dir='ltr'>quod</span> <span class='ocrx_word' id='word_1_447' title='bbox 516 4343 602 4402; x_wconf 90' lang='lat' dir='ltr'>multi</span> <span class='ocrx_word' id='word_1_448' title='bbox 614 4361 675 4402; x_wconf 91' lang='lat' dir='ltr'>non</span> <span class='ocrx_word' id='word_1_449' title='bbox 687 4341 891 4418; x_wconf 81' lang='lat' dir='ltr'>intellegentes</span> <span class='ocrx_word' id='word_1_450' title='bbox 943 4343 1050 4401; x_wconf 92' lang='lat' dir='ltr'>eodem</span> <span class='ocrx_word' id='word_1_451' title='bbox 1066 4355 1187 4403; x_wconf 90' lang='lat' dir='ltr'>auctore</span> <span class='ocrx_word' id='word_1_452' title='bbox 1202 4342 1357 4402; x_wconf 88' lang='lat' dir='ltr'>hominurn</span> <span class='ocrx_word' id='word_1_453' title='bbox 1374 4343 1596 4420; x_wconf 86' lang='lat' dir='ltr'>bestiarumque</span> 
     </span>
     <span class='ocr_line' id='line_1_39' title="bbox 240 4423 1595 4502; baseline 0 -18"><span class='ocrx_word' id='word_1_454' title='bbox 240 4439 352 4502; x_wconf 81' lang='lat' dir='ltr'>patrem</span> <span class='ocrx_word' id='word_1_455' title='bbox 376 4424 489 4485; x_wconf 85' lang='lat' dir='ltr'>diaboli</span> <span class='ocrx_word' id='word_1_456' title='bbox 509 4427 613 4485; x_wconf 89' lang='lat' dir='ltr'>volunt</span> <span class='ocrx_word' id='word_1_457' title='bbox 637 4441 702 4484; x_wconf 90' lang='lat' dir='ltr'>esse</span> <span class='ocrx_word' id='word_1_458' title='bbox 728 4424 890 4483; x_wconf 87' lang='lat' dir='ltr'>draconem</span> <span class='ocrx_word' id='word_1_459' title='bbox 943 4434 1012 4482; x_wconf 90' lang='lat' dir='ltr'>sunt</span> <span class='ocrx_word' id='word_1_460' title='bbox 1026 4423 1153 4497; x_wconf 88' lang='lat' dir='ltr'>animae,</span> <span class='ocrx_word' id='word_1_461' title='bbox 1169 4425 1324 4500; x_wconf 91' lang='lat' dir='ltr'>quomodo</span> <span class='ocrx_word' id='word_1_462' title='bbox 1345 4424 1385 4484; x_wconf 94' lang='lat' dir='ltr'>ob</span> <span class='ocrx_word' id='word_1_463' title='bbox 1400 4423 1487 4486; x_wconf 90' lang='lat' dir='ltr'>unius</span> <span class='ocrx_word' id='word_1_464' title='bbox 1502 4423 1595 4485; x_wconf 90' lang='lat' dir='ltr'>bomi-</span> 
     </span>
     <span class='ocr_line' id='line_1_40' title="bbox 236 4503 1595 4584; baseline 0.001 -19"><span class='ocrx_word' id='word_1_465' title='bbox 236 4505 290 4583; x_wconf 92' lang='lat' dir='ltr'>qui</span> <span class='ocrx_word' id='word_1_466' title='bbox 305 4517 408 4584; x_wconf 81' lang='lat' dir='ltr'>regnet</span> <span class='ocrx_word' id='word_1_467' title='bbox 422 4506 452 4565; x_wconf 91' lang='lat' dir='ltr'>in</span> <span class='ocrx_word' id='word_1_468' title='bbox 467 4505 539 4565; x_wconf 86' lang='lat' dir='ltr'>mari</span> <span class='ocrx_word' id='word_1_469' title='bbox 551 4507 558 4533; x_wconf 91' lang='lat'><em>’</em></span> <span class='ocrx_word' id='word_1_470' title='bbox 572 4516 628 4566; x_wconf 90' lang='lat' dir='ltr'>etc.</span> <span class='ocrx_word' id='word_1_471' title='bbox 943 4503 989 4562; x_wconf 89' lang='lat' dir='ltr'>nis</span> <span class='ocrx_word' id='word_1_472' title='bbox 1008 4506 1135 4564; x_wconf 84' lang='lat' dir='ltr'>salutern</span> <span class='ocrx_word' id='word_1_473' title='bbox 1151 4504 1308 4566; x_wconf 91' lang='lat' dir='ltr'>duomilia</span> <span class='ocrx_word' id='word_1_474' title='bbox 1334 4525 1492 4582; x_wconf 90' lang='lat' dir='ltr'>porcorum</span> <span class='ocrx_word' id='word_1_475' title='bbox 1508 4507 1595 4567; x_wconf 80' lang='lat' dir='ltr'>sulio</span> 
     </span>
     <span class='ocr_line' id='line_1_41' title="bbox 280 4586 1092 4666; baseline 0 -20"><span class='ocrx_word' id='word_1_476' title='bbox 280 4589 306 4646; x_wconf 90' lang='lat'>8.</span> <span class='ocrx_word' id='word_1_477' title='bbox 322 4588 502 4666; x_wconf 76' lang='lat' dir='ltr'>orutrirnr&#39;bus</span> <span class='ocrx_word' id='word_1_478' title='bbox 530 4586 638 4646; x_wconf 85' lang='lat' dir='ltr'>Matth.</span> <span class='ocrx_word' id='word_1_479' title='bbox 658 4605 703 4660; x_wconf 75' lang='lat'>17,</span> <span class='ocrx_word' id='word_1_480' title='bbox 721 4607 766 4646; x_wconf 63' lang='grc' dir='ltr'>κο.</span> <span class='ocrx_word' id='word_1_481' title='bbox 942 4588 1092 4646; x_wconf 82' lang='lat' dir='ltr'>canturi’</span> 
     </span>
     <span class='ocr_line' id='line_1_42' title="bbox 283 4668 726 4750; baseline 0.002 -23"><span class='ocrx_word' id='word_1_482' title='bbox 283 4671 328 4729; x_wconf 85' lang='grc'>16.</span> <span class='ocrx_word' id='word_1_483' title='bbox 336 4670 492 4750; x_wconf 72' lang='lat' dir='ltr'>peccatoris</span> <span class='ocrx_word' id='word_1_484' title='bbox 527 4668 618 4728; x_wconf 91' lang='lat' dir='ltr'>Eccli.</span> <span class='ocrx_word' id='word_1_485' title='bbox 639 4685 683 4744; x_wconf 85' lang='lat'>15,</span> <span class='ocrx_word' id='word_1_486' title='bbox 700 4687 726 4744; x_wconf 90' lang='lat'>9.</span> 
     </span>
    </p>
   </div>
   <div class='ocr_carea' id='block_1_5' title="bbox 0 0 2054 5502">
    <p class='ocr_par' dir='ltr' id='par_1_7' title="bbox 0 0 2054 5502">
     <span class='ocr_line' id='line_1_43' title="bbox 0 0 2054 5502; baseline 0 0"><span class='ocrx_word' id='word_1_487' title='bbox 0 0 2054 5502; x_wconf 95' lang='lat' dir='ltr'> </span> 
     </span>
    </p>
   </div>
  </div>
 </body>
</html>
