<?xml version="1.0" encoding="UTF-8"?>
<!DOCTYPE html PUBLIC "-//W3C//DTD XHTML 1.0 Transitional//EN"
    "http://www.w3.org/TR/xhtml1/DTD/xhtml1-transitional.dtd">
<html xmlns="http://www.w3.org/1999/xhtml" xml:lang="en" lang="en">
 <head>
  <title>
</title>
<meta http-equiv="Content-Type" content="text/html;charset=utf-8" />
  <meta name='ocr-system' content='tesseract 3.04.00' />
  <meta name='ocr-capabilities' content='ocr_page ocr_carea ocr_par ocr_line ocrx_word'/>
</head>
<body>
  <div class='ocr_page' id='page_1' title='image "./commentarioliin00morigoog/commentarioliin00morigoog_0631.png"; bbox 0 0 4060 5498; ppageno 0'>
   <div class='ocr_carea' id='block_1_1' title="bbox 460 339 1457 408">
    <p class='ocr_par' dir='ltr' id='par_1_1' title="bbox 460 339 1457 408">
     <span class='ocr_line' id='line_1_1' title="bbox 460 339 1457 408; baseline -0.012 0"><span class='ocrx_word' id='word_1_1' title='bbox 460 353 514 408; x_wconf 91' lang='lat'><strong>20</strong></span> <span class='ocrx_word' id='word_1_2' title='bbox 839 343 866 399; x_wconf 86' lang='lat' dir='ltr'><strong>S.</strong></span> <span class='ocrx_word' id='word_1_3' title='bbox 901 341 1155 401; x_wconf 79' lang='lat' dir='ltr'><strong>HIERONYMI</strong></span> <span class='ocrx_word' id='word_1_4' title='bbox 1187 339 1457 401; x_wconf 81' lang='lat' dir='ltr'>PRESBYTERI</span> 
     </span>
    </p>
   </div>
   <div class='ocr_carea' id='block_1_2' title="bbox 387 540 1868 2708">
    <p class='ocr_par' dir='ltr' id='par_1_2' title="bbox 387 540 1861 1774">
     <span class='ocr_line' id='line_1_2' title="bbox 460 540 1810 623; baseline -0.003 -17"><span class='ocrx_word' id='word_1_5' title='bbox 460 543 552 608; x_wconf 80' lang='lat' dir='ltr'><strong>milri.</strong></span> <span class='ocrx_word' id='word_1_6' title='bbox 569 543 633 606; x_wconf 94' lang='lat' dir='ltr'><strong>Pro</strong></span> <span class='ocrx_word' id='word_1_7' title='bbox 658 560 726 605; x_wconf 93' lang='lat' dir='ltr'><strong>uno</strong></span> <span class='ocrx_word' id='word_1_8' title='bbox 750 540 875 623; x_wconf 89' lang='lat' dir='ltr'><strong>populo</strong></span> <span class='ocrx_word' id='word_1_9' title='bbox 903 541 976 617; x_wconf 93' lang='lat' dir='ltr'><strong>isto,</strong></span> <span class='ocrx_word' id='word_1_10' title='bbox 998 550 1107 605; x_wconf 91' lang='lat' dir='ltr'><strong>totum</strong></span> <span class='ocrx_word' id='word_1_11' title='bbox 1133 541 1249 605; x_wconf 91' lang='lat' dir='ltr'><strong>orbem</strong></span> <span class='ocrx_word' id='word_1_12' title='bbox 1278 540 1498 605; x_wconf 87' lang='lat' dir='ltr'><strong>hereditatem</strong></span> <span class='ocrx_word' id='word_1_13' title='bbox 1528 540 1687 623; x_wconf 91' lang='lat' dir='ltr'><strong>possedi;</strong></span> <span class='ocrx_word' id='word_1_14' title='bbox 1720 541 1810 603; x_wconf 89' lang='lat' dir='ltr'><strong>etde</strong></span> 
     </span>
     <span class='ocr_line' id='line_1_3' title="bbox 460 643 1813 728; baseline -0.004 -18"><span class='ocrx_word' id='word_1_15' title='bbox 460 646 550 720; x_wconf 89' lang='lat' dir='ltr'><strong>orbe,</strong></span> <span class='ocrx_word' id='word_1_16' title='bbox 567 667 633 709; x_wconf 90' lang='lat' dir='ltr'><strong>non</strong></span> <span class='ocrx_word' id='word_1_17' title='bbox 652 665 891 727; x_wconf 89' lang='lat' dir='ltr'><strong>quoscumque,</strong></span> <span class='ocrx_word' id='word_1_18' title='bbox 914 646 972 708; x_wconf 93' lang='lat' dir='ltr'><strong>sed</strong></span> <span class='ocrx_word' id='word_1_19' title='bbox 992 645 1103 710; x_wconf 85' lang='lat' dir='ltr'><strong>fortes.</strong></span> <span class='ocrx_word' id='word_1_20' title='bbox 1134 646 1210 709; x_wconf 90' lang='lat' dir='ltr'><strong>Hoc</strong></span> <span class='ocrx_word' id='word_1_21' title='bbox 1237 647 1328 708; x_wconf 90' lang='lat' dir='ltr'><strong>enim</strong></span> <span class='ocrx_word' id='word_1_22' title='bbox 1356 645 1535 728; x_wconf 86' lang='lat' dir='ltr'><strong>significat,</strong></span> <span class='ocrx_word' id='word_1_23' title='bbox 1561 647 1593 708; x_wconf 95' lang='lat' dir='ltr'><strong>in</strong></span> <span class='ocrx_word' id='word_1_24' title='bbox 1627 643 1813 728; x_wconf 85' lang='lat' dir='ltr'><strong>praeclaris,</strong></span> 
     </span>
     <span class='ocr_line' id='line_1_4' title="bbox 462 737 1811 835; baseline -0.003 -21"><span class='ocrx_word' id='word_1_25' title='bbox 462 751 551 835; x_wconf 92' lang='lat' dir='ltr'><strong>quod</strong></span> <span class='ocrx_word' id='word_1_26' title='bbox 569 770 686 833; x_wconf 84' lang='lat' dir='ltr'><strong>graece</strong></span> <span class='ocrx_word' id='word_1_27' title='bbox 714 750 835 814; x_wconf 91' lang='lat' dir='ltr'><strong>dicitur</strong></span> <span class='ocrx_word' id='word_1_28' title='bbox 849 754 857 783; x_wconf 85' lang='lat'>¹</span> <span class='ocrx_word' id='word_1_29' title='bbox 871 751 903 813; x_wconf 92' lang='lat' dir='ltr'><strong>in</strong></span> <span class='ocrx_word' id='word_1_30' title='bbox 922 743 1091 814; x_wconf 87' lang='lat' dir='ltr'><strong>fortibus’:</strong></span> <span class='ocrx_word' id='word_1_31' title='bbox 1119 750 1303 813; x_wconf 87' lang='lat' dir='ltr'><strong>secundum</strong></span> <span class='ocrx_word' id='word_1_32' title='bbox 1330 737 1411 814; x_wconf 91' lang='lat' dir='ltr'><strong>illud</strong></span> <span class='ocrx_word' id='word_1_33' title='bbox 1440 751 1629 815; x_wconf 85' lang='lat' dir='ltr'>‘Dominus</span> <span class='ocrx_word' id='word_1_34' title='bbox 1656 749 1811 814; x_wconf 85' lang='lat' dir='ltr'><strong>fortitudo</strong></span> 
     </span>
     <span class='ocr_line' id='line_1_5' title="bbox 462 851 1813 936; baseline -0.003 -18"><span class='ocrx_word' id='word_1_35' title='bbox 462 876 538 919; x_wconf 93' lang='lat' dir='ltr'><strong>mea</strong></span> <span class='ocrx_word' id='word_1_36' title='bbox 553 865 586 918; x_wconf 92' lang='lat' dir='ltr'><strong>et</strong></span> <span class='ocrx_word' id='word_1_37' title='bbox 603 854 767 936; x_wconf 85' lang='lat' dir='ltr'><strong>refugium</strong></span> <span class='ocrx_word' id='word_1_38' title='bbox 785 873 896 917; x_wconf 87' lang='lat' dir='ltr'><strong>meum</strong></span> <span class='ocrx_word' id='word_1_39' title='bbox 922 863 954 916; x_wconf 89' lang='lat' dir='ltr'><strong>et</strong></span> <span class='ocrx_word' id='word_1_40' title='bbox 980 853 1139 918; x_wconf 87' lang='lat' dir='ltr'><strong>liberator</strong></span> <span class='ocrx_word' id='word_1_41' title='bbox 1166 855 1278 916; x_wconf 88' lang='lat' dir='ltr'><strong>meus&#39;</strong></span> <span class='ocrx_word' id='word_1_42' title='bbox 1305 864 1339 918; x_wconf 88' lang='lat' dir='ltr'><strong>et</strong></span> <span class='ocrx_word' id='word_1_43' title='bbox 1364 856 1396 918; x_wconf 90' lang='lat' dir='ltr'><strong>in</strong></span> <span class='ocrx_word' id='word_1_44' title='bbox 1424 856 1491 919; x_wconf 89' lang='lat' dir='ltr'><strong>alio</strong></span> <span class='ocrx_word' id='word_1_45' title='bbox 1517 855 1592 918; x_wconf 88' lang='lat' dir='ltr'><strong>loco</strong></span> <span class='ocrx_word' id='word_1_46' title='bbox 1616 851 1813 918; x_wconf 78' lang='lat' dir='ltr'><strong>‘Fortitudo</strong></span> 
     </span>
     <span class='ocr_line' id='line_1_6' title="bbox 463 955 1841 1040; baseline -0.003 -18"><span class='ocrx_word' id='word_1_47' title='bbox 463 979 537 1023; x_wconf 89' lang='lat' dir='ltr'><strong>mea</strong></span> <span class='ocrx_word' id='word_1_48' title='bbox 553 967 587 1022; x_wconf 92' lang='lat' dir='ltr'><strong>et</strong></span> <span class='ocrx_word' id='word_1_49' title='bbox 604 958 675 1020; x_wconf 88' lang='lat' dir='ltr'><strong>laus</strong></span> <span class='ocrx_word' id='word_1_50' title='bbox 693 977 767 1020; x_wconf 92' lang='lat' dir='ltr'><strong>mea</strong></span> <span class='ocrx_word' id='word_1_51' title='bbox 784 958 952 1022; x_wconf 83' lang='lat' dir='ltr'>Dominus</span> <span class='ocrx_word' id='word_1_52' title='bbox 966 958 982 1022; x_wconf 88' lang='lat'><strong>’.</strong></span> <span class='ocrx_word' id='word_1_53' title='bbox 999 958 1035 1022; x_wconf 90' lang='lat' dir='ltr'><strong>Si</strong></span> <span class='ocrx_word' id='word_1_54' title='bbox 1052 959 1126 1039; x_wconf 92' lang='lat' dir='ltr'><strong>quis</strong></span> <span class='ocrx_word' id='word_1_55' title='bbox 1143 977 1224 1038; x_wconf 88' lang='lat' dir='ltr'><strong>ergo</strong></span> <span class='ocrx_word' id='word_1_56' title='bbox 1240 959 1430 1040; x_wconf 87' lang='lat' dir='ltr'><strong>praeclarus</strong></span> <span class='ocrx_word' id='word_1_57' title='bbox 1446 969 1480 1021; x_wconf 91' lang='lat' dir='ltr'><strong>et</strong></span> <span class='ocrx_word' id='word_1_58' title='bbox 1505 958 1600 1022; x_wconf 85' lang='lat' dir='ltr'><strong>sortis</strong></span> <span class='ocrx_word' id='word_1_59' title='bbox 1616 967 1677 1033; x_wconf 88' lang='lat' dir='ltr'><strong>est,</strong></span> <span class='ocrx_word' id='word_1_60' title='bbox 1694 957 1746 1018; x_wconf 89' lang='lat' dir='ltr'><strong>hic</strong></span> <span class='ocrx_word' id='word_1_61' title='bbox 1772 955 1811 1018; x_wconf 92' lang='lat' dir='ltr'><strong>de</strong></span> <span class='ocrx_word' id='word_1_62' title='bbox 1829 977 1841 1028; x_wconf 82' lang='lat'>5</span> 
     </span>
     <span class='ocr_line' id='line_1_7' title="bbox 462 1059 1814 1143; baseline -0.004 -17"><span class='ocrx_word' id='word_1_63' title='bbox 462 1062 649 1126; x_wconf 88' lang='lat' dir='ltr'><strong>hereditate</strong></span> <span class='ocrx_word' id='word_1_64' title='bbox 661 1061 800 1125; x_wconf 93' lang='lat' dir='ltr'><strong>Domini</strong></span> <span class='ocrx_word' id='word_1_65' title='bbox 817 1070 877 1126; x_wconf 90' lang='lat' dir='ltr'><strong>est.</strong></span> <span class='ocrx_word' id='word_1_66' title='bbox 893 1062 997 1126; x_wconf 92' lang='lat' dir='ltr'><strong>Unde</strong></span> <span class='ocrx_word' id='word_1_67' title='bbox 1014 1071 1046 1124; x_wconf 90' lang='lat' dir='ltr'><strong>et</strong></span> <span class='ocrx_word' id='word_1_68' title='bbox 1063 1060 1274 1143; x_wconf 85' lang='lat' dir='ltr'><strong>Theophilus</strong></span> <span class='ocrx_word' id='word_1_69' title='bbox 1302 1062 1357 1124; x_wconf 90' lang='lat' dir='ltr'><strong>ille</strong></span> <span class='ocrx_word' id='word_1_70' title='bbox 1385 1063 1512 1127; x_wconf 93' lang='lat' dir='ltr'><strong>amicus</strong></span> <span class='ocrx_word' id='word_1_71' title='bbox 1528 1061 1580 1125; x_wconf 89' lang='lat' dir='ltr'><strong>vel</strong></span> <span class='ocrx_word' id='word_1_72' title='bbox 1599 1071 1732 1124; x_wconf 91' lang='lat' dir='ltr'><strong>amator</strong></span> <span class='ocrx_word' id='word_1_73' title='bbox 1747 1059 1814 1136; x_wconf 90' lang='lat' dir='ltr'><strong>Dei,</strong></span> 
     </span>
     <span class='ocr_line' id='line_1_8' title="bbox 461 1165 1812 1256; baseline -0.004 -26"><span class='ocrx_word' id='word_1_74' title='bbox 461 1167 629 1249; x_wconf 81' lang='lat' dir='ltr'><strong>quietalis</strong></span> <span class='ocrx_word' id='word_1_75' title='bbox 642 1175 712 1230; x_wconf 86' lang='lat' dir='ltr'><strong>erat</strong></span> <span class='ocrx_word' id='word_1_76' title='bbox 725 1177 760 1230; x_wconf 92' lang='lat' dir='ltr'><strong>ut</strong></span> <span class='ocrx_word' id='word_1_77' title='bbox 774 1165 872 1229; x_wconf 87' lang='lat' dir='ltr'><strong>scribi</strong></span> <span class='ocrx_word' id='word_1_78' title='bbox 886 1166 1015 1229; x_wconf 89' lang='lat' dir='ltr'><strong>adeum</strong></span> <span class='ocrx_word' id='word_1_79' title='bbox 1030 1174 1158 1246; x_wconf 88' lang='lat' dir='ltr'><strong>peteret</strong></span> <span class='ocrx_word' id='word_1_80' title='bbox 1177 1166 1399 1248; x_wconf 87' lang='lat' dir='ltr'><strong>evangelium,</strong></span> <span class='ocrx_word' id='word_1_81' title='bbox 1419 1167 1592 1256; x_wconf 74' lang='grc' dir='ltr'>κράτιστος,</span> <span class='ocrx_word' id='word_1_82' title='bbox 1608 1165 1641 1229; x_wconf 94' lang='lat' dir='ltr'><strong>id</strong></span> <span class='ocrx_word' id='word_1_83' title='bbox 1656 1173 1716 1240; x_wconf 90' lang='lat' dir='ltr'><strong>est,</strong></span> <span class='ocrx_word' id='word_1_84' title='bbox 1729 1182 1812 1245; x_wconf 88' lang='lat' dir='ltr'><strong>prae·</strong></span> 
     </span>
     <span class='ocr_line' id='line_1_9' title="bbox 461 1272 1814 1356; baseline -0.007 -17"><span class='ocrx_word' id='word_1_85' title='bbox 461 1275 580 1353; x_wconf 87' lang='lat' dir='ltr'><strong>clarus,</strong></span> <span class='ocrx_word' id='word_1_86' title='bbox 598 1274 700 1352; x_wconf 81' lang='lat' dir='ltr'><strong>tortis,</strong></span> <span class='ocrx_word' id='word_1_87' title='bbox 716 1284 854 1337; x_wconf 90' lang='lat' dir='ltr'><strong>vocatur</strong></span> <span class='ocrx_word' id='word_1_88' title='bbox 870 1299 876 1337; x_wconf 94' lang='lat'><strong>:</strong></span> <span class='ocrx_word' id='word_1_89' title='bbox 894 1275 983 1355; x_wconf 90' lang='lat' dir='ltr'><strong>quod</strong></span> <span class='ocrx_word' id='word_1_90' title='bbox 1001 1273 1185 1356; x_wconf 83' lang='lat' dir='ltr'><strong>simplicius</strong></span> <span class='ocrx_word' id='word_1_91' title='bbox 1202 1295 1221 1336; x_wconf 91' lang='lat' dir='ltr'><strong>a</strong></span> <span class='ocrx_word' id='word_1_92' title='bbox 1237 1273 1350 1338; x_wconf 91' lang='lat' dir='ltr'><strong>latinis</strong></span> <span class='ocrx_word' id='word_1_93' title='bbox 1367 1272 1568 1339; x_wconf 87' lang='lat' dir='ltr'><strong>translatum</strong></span> <span class='ocrx_word' id='word_1_94' title='bbox 1592 1281 1643 1336; x_wconf 92' lang='lat' dir='ltr'><strong>est</strong></span> <span class='ocrx_word' id='word_1_95' title='bbox 1670 1272 1814 1354; x_wconf 87' lang='lat' dir='ltr'><strong>‘optime</strong></span> 
     </span>
     <span class='ocr_line' id='line_1_10' title="bbox 463 1377 1818 1460; baseline -0.004 -18"><span class='ocrx_word' id='word_1_96' title='bbox 463 1377 677 1460; x_wconf 87' lang='lat' dir='ltr'><strong>Theophile&#39;.</strong></span> <span class='ocrx_word' id='word_1_97' title='bbox 696 1379 799 1442; x_wconf 90' lang='lat' dir='ltr'><strong>Porro</strong></span> <span class='ocrx_word' id='word_1_98' title='bbox 823 1377 990 1441; x_wconf 85' lang='lat' dir='ltr'><strong>funiculus</strong></span> <span class='ocrx_word' id='word_1_99' title='bbox 1006 1379 1039 1441; x_wconf 93' lang='lat' dir='ltr'><strong>in</strong></span> <span class='ocrx_word' id='word_1_100' title='bbox 1056 1379 1219 1442; x_wconf 89' lang='lat' dir='ltr'><strong>divisione</strong></span> <span class='ocrx_word' id='word_1_101' title='bbox 1232 1399 1388 1460; x_wconf 89' lang='lat' dir='ltr'><strong>agrorum</strong></span> <span class='ocrx_word' id='word_1_102' title='bbox 1403 1380 1556 1455; x_wconf 87' lang='lat' dir='ltr'><strong>sumitur,</strong></span> <span class='ocrx_word' id='word_1_103' title='bbox 1573 1388 1606 1441; x_wconf 91' lang='lat' dir='ltr'><strong>et</strong></span> <span class='ocrx_word' id='word_1_104' title='bbox 1623 1377 1818 1456; x_wconf 87' lang='lat' dir='ltr'><strong>ubicumque</strong></span> 
     </span>
     <span class='ocr_line' id='line_1_11' title="bbox 465 1479 1861 1565; baseline -0.004 -19"><span class='ocrx_word' id='word_1_105' title='bbox 465 1482 694 1565; x_wconf 87' lang='lat' dir='ltr'><strong>possessiones</strong></span> <span class='ocrx_word' id='word_1_106' title='bbox 710 1481 965 1556; x_wconf 89' lang='lat' dir='ltr'><strong>distribuuntur,</strong></span> <span class='ocrx_word' id='word_1_107' title='bbox 991 1492 1049 1545; x_wconf 89' lang='lat' dir='ltr'><strong>aut</strong></span> <span class='ocrx_word' id='word_1_108' title='bbox 1075 1490 1281 1546; x_wconf 91' lang='lat' dir='ltr'><strong>terrenorum</strong></span> <span class='ocrx_word' id='word_1_109' title='bbox 1312 1481 1528 1564; x_wconf 86' lang='lat' dir='ltr'><strong>vectigalium</strong></span> <span class='ocrx_word' id='word_1_110' title='bbox 1556 1500 1677 1544; x_wconf 91' lang='lat' dir='ltr'><strong>census</strong></span> <span class='ocrx_word' id='word_1_111' title='bbox 1706 1479 1818 1561; x_wconf 90' lang='lat' dir='ltr'><strong>agitur,</strong></span> <span class='ocrx_word' id='word_1_112' title='bbox 1835 1506 1861 1541; x_wconf 75' lang='grc' dir='ltr'><strong>ιο</strong></span> 
     </span>
     <span class='ocr_line' id='line_1_12' title="bbox 465 1585 1817 1669; baseline -0.004 -19"><span class='ocrx_word' id='word_1_113' title='bbox 465 1596 551 1650; x_wconf 92' lang='lat' dir='ltr'><strong>terra</strong></span> <span class='ocrx_word' id='word_1_114' title='bbox 569 1585 739 1663; x_wconf 88' lang='lat' dir='ltr'><strong>dividitur,</strong></span> <span class='ocrx_word' id='word_1_115' title='bbox 755 1587 835 1649; x_wconf 89' lang='lat' dir='ltr'><strong>utin</strong></span> <span class='ocrx_word' id='word_1_116' title='bbox 854 1586 930 1648; x_wconf 92' lang='lat' dir='ltr'><strong>Iesu</strong></span> <span class='ocrx_word' id='word_1_117' title='bbox 949 1586 1045 1649; x_wconf 88' lang='lat' dir='ltr'><strong>Nave</strong></span> <span class='ocrx_word' id='word_1_118' title='bbox 1059 1607 1201 1669; x_wconf 89' lang='lat' dir='ltr'><strong>quoque.</strong></span> <span class='ocrx_word' id='word_1_119' title='bbox 1226 1585 1380 1668; x_wconf 86' lang='lat' dir='ltr'><strong>Angelus</strong></span> <span class='ocrx_word' id='word_1_120' title='bbox 1397 1586 1580 1650; x_wconf 85' lang='lat' dir='ltr'><strong>funiculum</strong></span> <span class='ocrx_word' id='word_1_121' title='bbox 1607 1595 1728 1649; x_wconf 89' lang='lat' dir='ltr'><strong>tenens</strong></span> <span class='ocrx_word' id='word_1_122' title='bbox 1750 1603 1817 1664; x_wconf 89' lang='lat' dir='ltr'><strong>pro·</strong></span> 
     </span>
     <span class='ocr_line' id='line_1_13' title="bbox 387 1689 1816 1774; baseline -0.003 -21"><span class='ocrx_word' id='word_1_123' title='bbox 387 1761 389 1766; x_wconf 82' lang='lat'><strong>.</strong></span> <span class='ocrx_word' id='word_1_124' title='bbox 466 1691 590 1774; x_wconf 88' lang='lat' dir='ltr'><strong>phetae</strong></span> <span class='ocrx_word' id='word_1_125' title='bbox 605 1691 802 1768; x_wconf 86' lang='lat' dir='ltr'><strong>ostenditur,</strong></span> <span class='ocrx_word' id='word_1_126' title='bbox 818 1691 874 1772; x_wconf 91' lang='lat' dir='ltr'><strong>qui</strong></span> <span class='ocrx_word' id='word_1_127' title='bbox 894 1689 1106 1753; x_wconf 87' lang='lat' dir='ltr'><strong>Hierusalem</strong></span> <span class='ocrx_word' id='word_1_128' title='bbox 1124 1689 1359 1753; x_wconf 85' lang='lat' dir='ltr'><strong>aedificaturus</strong></span> <span class='ocrx_word' id='word_1_129' title='bbox 1377 1700 1439 1768; x_wconf 92' lang='lat' dir='ltr'><strong>est,</strong></span> <span class='ocrx_word' id='word_1_130' title='bbox 1454 1700 1491 1753; x_wconf 90' lang='lat' dir='ltr'><strong>ut</strong></span> <span class='ocrx_word' id='word_1_131' title='bbox 1508 1691 1653 1773; x_wconf 91' lang='lat' dir='ltr'><strong>primum</strong></span> <span class='ocrx_word' id='word_1_132' title='bbox 1673 1689 1816 1752; x_wconf 90' lang='lat' dir='ltr'><strong>omnium</strong></span> 
     </span>
    </p>

    <p class='ocr_par' dir='ltr' id='par_1_3' title="bbox 424 1794 1868 2708">
     <span class='ocr_line' id='line_1_14' title="bbox 424 1794 1818 1879; baseline -0.001 -24"><span class='ocrx_word' id='word_1_133' title='bbox 424 1848 426 1855; x_wconf 93' lang='lat'><strong>.</strong></span> <span class='ocrx_word' id='word_1_134' title='bbox 468 1796 614 1879; x_wconf 89' lang='lat' dir='ltr'><strong>spatium</strong></span> <span class='ocrx_word' id='word_1_135' title='bbox 632 1794 776 1858; x_wconf 87' lang='lat' dir='ltr'><strong>civitatis</strong></span> <span class='ocrx_word' id='word_1_136' title='bbox 793 1794 922 1857; x_wconf 89' lang='lat' dir='ltr'><strong>ratione</strong></span> <span class='ocrx_word' id='word_1_137' title='bbox 944 1803 977 1857; x_wconf 91' lang='lat' dir='ltr'><strong>et</strong></span> <span class='ocrx_word' id='word_1_138' title='bbox 1004 1794 1121 1857; x_wconf 87' lang='lat' dir='ltr'><strong>ordine</strong></span> <span class='ocrx_word' id='word_1_139' title='bbox 1139 1795 1305 1872; x_wconf 91' lang='lat' dir='ltr'><strong>metiatur,</strong></span> <span class='ocrx_word' id='word_1_140' title='bbox 1322 1795 1442 1858; x_wconf 92' lang='lat' dir='ltr'><strong>dehinc</strong></span> <span class='ocrx_word' id='word_1_141' title='bbox 1459 1814 1498 1858; x_wconf 84' lang='lat' dir='ltr'><strong>ea</strong></span> <span class='ocrx_word' id='word_1_142' title='bbox 1514 1813 1601 1876; x_wconf 88' lang='lat' dir='ltr'><strong>quae</strong></span> <span class='ocrx_word' id='word_1_143' title='bbox 1614 1812 1731 1856; x_wconf 91' lang='lat' dir='ltr'><strong>mensa</strong></span> <span class='ocrx_word' id='word_1_144' title='bbox 1746 1801 1818 1854; x_wconf 92' lang='lat' dir='ltr'><strong>sunt</strong></span> 
     </span>
     <span class='ocr_line' id='line_1_15' title="bbox 469 1894 1816 1979; baseline -0.004 -17"><span class='ocrx_word' id='word_1_145' title='bbox 469 1908 612 1962; x_wconf 83' lang='lat' dir='ltr'><strong>extruat.</strong></span> <span class='ocrx_word' id='word_1_146' title='bbox 630 1899 675 1962; x_wconf 90' lang='lat' dir='ltr'><strong>Et</strong></span> <span class='ocrx_word' id='word_1_147' title='bbox 692 1899 723 1960; x_wconf 94' lang='lat' dir='ltr'><strong>in</strong></span> <span class='ocrx_word' id='word_1_148' title='bbox 744 1898 1000 1962; x_wconf 90' lang='lat' dir='ltr'><strong>Deuteronomii</strong></span> <span class='ocrx_word' id='word_1_149' title='bbox 1017 1897 1148 1962; x_wconf 89' lang='lat' dir='ltr'><strong>cantico</strong></span> <span class='ocrx_word' id='word_1_150' title='bbox 1162 1897 1306 1979; x_wconf 88' lang='lat' dir='ltr'><strong>legimus</strong></span> <span class='ocrx_word' id='word_1_151' title='bbox 1325 1924 1332 1963; x_wconf 91' lang='lat'>:</span> <span class='ocrx_word' id='word_1_152' title='bbox 1347 1899 1474 1962; x_wconf 87' lang='lat' dir='ltr'><strong>‘Facta</strong></span> <span class='ocrx_word' id='word_1_153' title='bbox 1500 1907 1551 1961; x_wconf 91' lang='lat' dir='ltr'><strong>est</strong></span> <span class='ocrx_word' id='word_1_154' title='bbox 1577 1917 1653 1978; x_wconf 91' lang='lat' dir='ltr'><strong>pars</strong></span> <span class='ocrx_word' id='word_1_155' title='bbox 1682 1894 1816 1960; x_wconf 88' lang='lat' dir='ltr'><strong>Domini</strong></span> 
     </span>
     <span class='ocr_line' id='line_1_16' title="bbox 469 2000 1862 2085; baseline -0.002 -20"><span class='ocrx_word' id='word_1_156' title='bbox 469 2003 614 2085; x_wconf 91' lang='lat' dir='ltr'><strong>populus</strong></span> <span class='ocrx_word' id='word_1_157' title='bbox 642 2003 711 2065; x_wconf 93' lang='lat' dir='ltr'><strong>eius</strong></span> <span class='ocrx_word' id='word_1_158' title='bbox 740 2002 850 2076; x_wconf 89' lang='lat' dir='ltr'><strong>lacob,</strong></span> <span class='ocrx_word' id='word_1_159' title='bbox 883 2000 1051 2064; x_wconf 82' lang='lat' dir='ltr'><strong>funiculus</strong></span> <span class='ocrx_word' id='word_1_160' title='bbox 1077 2001 1274 2065; x_wconf 90' lang='lat' dir='ltr'><strong>hereditatis</strong></span> <span class='ocrx_word' id='word_1_161' title='bbox 1297 2003 1367 2065; x_wconf 89' lang='lat' dir='ltr'><strong>eius</strong></span> <span class='ocrx_word' id='word_1_162' title='bbox 1396 2002 1526 2066; x_wconf 82' lang='lat' dir='ltr'><strong>lsrael&#39;.</strong></span> <span class='ocrx_word' id='word_1_163' title='bbox 1558 2001 1597 2065; x_wconf 96' lang='lat' dir='ltr'><strong>In</strong></span> <span class='ocrx_word' id='word_1_164' title='bbox 1627 2001 1816 2082; x_wconf 88' lang='lat' dir='ltr'><strong>Regnorum</strong></span> <span class='ocrx_word' id='word_1_165' title='bbox 1835 2023 1862 2076; x_wconf 75' lang='grc' dir='ltr'><strong>ις</strong></span> 
     </span>
     <span class='ocr_line' id='line_1_17' title="bbox 469 2101 1819 2189; baseline -0.002 -20"><span class='ocrx_word' id='word_1_166' title='bbox 469 2125 603 2189; x_wconf 91' lang='lat' dir='ltr'><strong>quoque</strong></span> <span class='ocrx_word' id='word_1_167' title='bbox 619 2105 703 2169; x_wconf 91' lang='lat' dir='ltr'><strong>libro</strong></span> <span class='ocrx_word' id='word_1_168' title='bbox 720 2106 876 2182; x_wconf 89' lang='lat' dir='ltr'><strong>secundo,</strong></span> <span class='ocrx_word' id='word_1_169' title='bbox 892 2106 1029 2188; x_wconf 89' lang='lat' dir='ltr'><strong>quando</strong></span> <span class='ocrx_word' id='word_1_170' title='bbox 1045 2106 1153 2169; x_wconf 92' lang='lat' dir='ltr'><strong>David</strong></span> <span class='ocrx_word' id='word_1_171' title='bbox 1172 2101 1340 2186; x_wconf 85' lang='lat' dir='ltr'><strong>superavit</strong></span> <span class='ocrx_word' id='word_1_172' title='bbox 1359 2105 1539 2183; x_wconf 88' lang='lat' dir='ltr'><strong>Moabitas,</strong></span> <span class='ocrx_word' id='word_1_173' title='bbox 1553 2105 1718 2186; x_wconf 89' lang='lat' dir='ltr'><strong>scriptura</strong></span> <span class='ocrx_word' id='word_1_174' title='bbox 1734 2122 1819 2167; x_wconf 90' lang='lat' dir='ltr'><strong>com-</strong></span> 
     </span>
     <span class='ocr_line' id='line_1_18' title="bbox 471 2206 1819 2290; baseline -0.003 -18"><span class='ocrx_word' id='word_1_175' title='bbox 471 2217 633 2273; x_wconf 85' lang='lat' dir='ltr'><strong>memorat</strong></span> <span class='ocrx_word' id='word_1_176' title='bbox 650 2209 734 2272; x_wconf 90' lang='lat' dir='ltr'><strong>duos</strong></span> <span class='ocrx_word' id='word_1_177' title='bbox 751 2208 916 2272; x_wconf 81' lang='lat' dir='ltr'><strong>funiculos</strong></span> <span class='ocrx_word' id='word_1_178' title='bbox 939 2216 1112 2290; x_wconf 88' lang='lat' dir='ltr'><strong>separatos</strong></span> <span class='ocrx_word' id='word_1_179' title='bbox 1139 2209 1182 2272; x_wconf 91' lang='lat' dir='ltr'><strong>ad</strong></span> <span class='ocrx_word' id='word_1_180' title='bbox 1201 2208 1480 2285; x_wconf 87' lang='lat' dir='ltr'><strong>mortificandum,</strong></span> <span class='ocrx_word' id='word_1_181' title='bbox 1506 2219 1539 2272; x_wconf 91' lang='lat' dir='ltr'><strong>et</strong></span> <span class='ocrx_word' id='word_1_182' title='bbox 1566 2211 1653 2273; x_wconf 91' lang='lat' dir='ltr'><strong>duos</strong></span> <span class='ocrx_word' id='word_1_183' title='bbox 1680 2209 1723 2271; x_wconf 87' lang='lat' dir='ltr'><strong>ad</strong></span> <span class='ocrx_word' id='word_1_184' title='bbox 1745 2206 1819 2271; x_wconf 87' lang='lat' dir='ltr'><strong>vivi-</strong></span> 
     </span>
     <span class='ocr_line' id='line_1_19' title="bbox 471 2311 1820 2394; baseline -0.001 -20"><span class='ocrx_word' id='word_1_185' title='bbox 471 2311 649 2376; x_wconf 86' lang='lat' dir='ltr'><strong>ficandum.</strong></span> <span class='ocrx_word' id='word_1_186' title='bbox 681 2311 771 2394; x_wconf 85' lang='lat' dir='ltr'><strong>Quid</strong></span> <span class='ocrx_word' id='word_1_187' title='bbox 804 2313 867 2376; x_wconf 92' lang='lat' dir='ltr'><strong>sibi</strong></span> <span class='ocrx_word' id='word_1_188' title='bbox 898 2323 1010 2376; x_wconf 89' lang='lat' dir='ltr'><strong>autem</strong></span> <span class='ocrx_word' id='word_1_189' title='bbox 1043 2313 1131 2387; x_wconf 91' lang='lat' dir='ltr'><strong>velit,</strong></span> <span class='ocrx_word' id='word_1_190' title='bbox 1157 2312 1247 2394; x_wconf 94' lang='lat' dir='ltr'><strong>quod</strong></span> <span class='ocrx_word' id='word_1_191' title='bbox 1273 2314 1315 2377; x_wconf 92' lang='lat' dir='ltr'><strong>de</strong></span> <span class='ocrx_word' id='word_1_192' title='bbox 1343 2313 1504 2376; x_wconf 89' lang='lat' dir='ltr'><strong>Moabitis</strong></span> <span class='ocrx_word' id='word_1_193' title='bbox 1529 2312 1585 2375; x_wconf 88' lang='lat' dir='ltr'><strong>alii</strong></span> <span class='ocrx_word' id='word_1_194' title='bbox 1611 2311 1654 2375; x_wconf 86' lang='lat' dir='ltr'><strong>ad</strong></span> <span class='ocrx_word' id='word_1_195' title='bbox 1684 2319 1820 2375; x_wconf 90' lang='lat' dir='ltr'><strong>mortem</strong></span> 
     </span>
     <span class='ocr_line' id='line_1_20' title="bbox 472 2414 1820 2499; baseline -0.003 -20"><span class='ocrx_word' id='word_1_196' title='bbox 472 2416 527 2479; x_wconf 92' lang='lat' dir='ltr'><strong>alii</strong></span> <span class='ocrx_word' id='word_1_197' title='bbox 555 2416 725 2480; x_wconf 89' lang='lat' dir='ltr'><strong>advitam</strong></span> <span class='ocrx_word' id='word_1_198' title='bbox 757 2417 823 2480; x_wconf 90' lang='lat' dir='ltr'><strong>sint</strong></span> <span class='ocrx_word' id='word_1_199' title='bbox 853 2416 1008 2498; x_wconf 89' lang='lat' dir='ltr'><strong>separati,</strong></span> <span class='ocrx_word' id='word_1_200' title='bbox 1039 2414 1157 2498; x_wconf 89' lang='lat' dir='ltr'><strong>Orpha</strong></span> <span class='ocrx_word' id='word_1_201' title='bbox 1190 2425 1363 2493; x_wconf 89' lang='lat' dir='ltr'><strong>monstrat,</strong></span> <span class='ocrx_word' id='word_1_202' title='bbox 1388 2425 1422 2481; x_wconf 91' lang='lat' dir='ltr'><strong>et</strong></span> <span class='ocrx_word' id='word_1_203' title='bbox 1447 2416 1566 2481; x_wconf 88' lang='lat' dir='ltr'><strong>Ruth:</strong></span> <span class='ocrx_word' id='word_1_204' title='bbox 1588 2435 1730 2499; x_wconf 86' lang='lat' dir='ltr'><strong>quarum</strong></span> <span class='ocrx_word' id='word_1_205' title='bbox 1758 2433 1820 2478; x_wconf 89' lang='lat' dir='ltr'><strong>una</strong></span> 
     </span>
     <span class='ocr_line' id='line_1_21' title="bbox 472 2519 1868 2603; baseline -0.001 -19"><span class='ocrx_word' id='word_1_206' title='bbox 472 2540 633 2584; x_wconf 85' lang='lat' dir='ltr'><strong>conversa</strong></span> <span class='ocrx_word' id='word_1_207' title='bbox 648 2521 692 2584; x_wconf 87' lang='lat' dir='ltr'><strong>ad</strong></span> <span class='ocrx_word' id='word_1_208' title='bbox 709 2520 798 2585; x_wconf 89' lang='lat' dir='ltr'><strong>idola</strong></span> <span class='ocrx_word' id='word_1_209' title='bbox 814 2527 847 2583; x_wconf 90' lang='lat' dir='ltr'><strong>et</strong></span> <span class='ocrx_word' id='word_1_210' title='bbox 863 2521 904 2583; x_wconf 91' lang='lat' dir='ltr'><strong>ad</strong></span> <span class='ocrx_word' id='word_1_211' title='bbox 930 2521 1072 2602; x_wconf 90' lang='lat' dir='ltr'><strong>patriam</strong></span> <span class='ocrx_word' id='word_1_212' title='bbox 1101 2521 1276 2603; x_wconf 89' lang='lat' dir='ltr'><strong>antiquam</strong></span> <span class='ocrx_word' id='word_1_213' title='bbox 1303 2521 1402 2585; x_wconf 91' lang='lat' dir='ltr'><strong>morti</strong></span> <span class='ocrx_word' id='word_1_214' title='bbox 1431 2529 1481 2585; x_wconf 86' lang='lat' dir='ltr'><strong>est</strong></span> <span class='ocrx_word' id='word_1_215' title='bbox 1506 2521 1696 2599; x_wconf 86' lang='lat' dir='ltr'><strong>destinata;</strong></span> <span class='ocrx_word' id='word_1_216' title='bbox 1722 2519 1822 2584; x_wconf 86' lang='lat' dir='ltr'><strong>altera</strong></span> <span class='ocrx_word' id='word_1_217' title='bbox 1840 2547 1868 2584; x_wconf 85' lang='lat'><strong>20</strong></span> 
     </span>
     <span class='ocr_line' id='line_1_22' title="bbox 471 2622 1822 2708; baseline -0.002 -20"><span class='ocrx_word' id='word_1_218' title='bbox 471 2644 615 2706; x_wconf 90' lang='lat' dir='ltr'><strong>sequens</strong></span> <span class='ocrx_word' id='word_1_219' title='bbox 632 2645 773 2702; x_wconf 87' lang='lat' dir='ltr'><strong>socrum,</strong></span> <span class='ocrx_word' id='word_1_220' title='bbox 789 2645 874 2707; x_wconf 89' lang='lat' dir='ltr'><strong>quae</strong></span> <span class='ocrx_word' id='word_1_221' title='bbox 899 2624 1136 2707; x_wconf 90' lang='lat' dir='ltr'><strong>interpretatur</strong></span> <span class='ocrx_word' id='word_1_222' title='bbox 1163 2623 1280 2701; x_wconf 91' lang='lat' dir='ltr'><strong>dulcis,</strong></span> <span class='ocrx_word' id='word_1_223' title='bbox 1307 2625 1354 2688; x_wconf 90' lang='lat' dir='ltr'><strong>ait</strong></span> <span class='ocrx_word' id='word_1_224' title='bbox 1379 2624 1549 2708; x_wconf 91' lang='lat' dir='ltr'><strong>‘Populus</strong></span> <span class='ocrx_word' id='word_1_225' title='bbox 1575 2634 1653 2688; x_wconf 90' lang='lat' dir='ltr'><strong>tuus</strong></span> <span class='ocrx_word' id='word_1_226' title='bbox 1681 2622 1822 2707; x_wconf 87' lang='lat' dir='ltr'><strong>populus</strong></span> 
     </span>
    </p>
   </div>
   <div class='ocr_carea' id='block_1_3' title="bbox 473 2721 1825 3020">
    <p class='ocr_par' dir='ltr' id='par_1_4' title="bbox 473 2721 1825 3020">
     <span class='ocr_line' id='line_1_23' title="bbox 473 2721 1822 2812; baseline -0.001 -20"><span class='ocrx_word' id='word_1_227' title='bbox 473 2721 624 2807; x_wconf 82' lang='lat' dir='ltr'><strong>meus,&#39;et</strong></span> <span class='ocrx_word' id='word_1_228' title='bbox 641 2729 734 2792; x_wconf 90' lang='lat' dir='ltr'><strong>Deus</strong></span> <span class='ocrx_word' id='word_1_229' title='bbox 750 2738 827 2792; x_wconf 92' lang='lat' dir='ltr'><strong>tuus</strong></span> <span class='ocrx_word' id='word_1_230' title='bbox 846 2729 939 2791; x_wconf 92' lang='lat' dir='ltr'><strong>Deus</strong></span> <span class='ocrx_word' id='word_1_231' title='bbox 957 2749 1050 2792; x_wconf 93' lang='lat' dir='ltr'><strong>meus</strong></span> <span class='ocrx_word' id='word_1_232' title='bbox 1062 2729 1079 2794; x_wconf 91' lang='lat'><strong>’.</strong></span> <span class='ocrx_word' id='word_1_233' title='bbox 1106 2729 1151 2792; x_wconf 90' lang='lat' dir='ltr'><strong>Et</strong></span> <span class='ocrx_word' id='word_1_234' title='bbox 1179 2748 1240 2792; x_wconf 93' lang='lat' dir='ltr'><strong>nos</strong></span> <span class='ocrx_word' id='word_1_235' title='bbox 1265 2729 1367 2812; x_wconf 91' lang='lat' dir='ltr'><strong>igitur</strong></span> <span class='ocrx_word' id='word_1_236' title='bbox 1393 2731 1420 2792; x_wconf 92' lang='lat' dir='ltr'><strong>si</strong></span> <span class='ocrx_word' id='word_1_237' title='bbox 1446 2727 1600 2794; x_wconf 90' lang='lat' dir='ltr'><strong>volumus</strong></span> <span class='ocrx_word' id='word_1_238' title='bbox 1628 2729 1671 2792; x_wconf 93' lang='lat' dir='ltr'><strong>de</strong></span> <span class='ocrx_word' id='word_1_239' title='bbox 1697 2727 1822 2792; x_wconf 88' lang='lat' dir='ltr'><strong>heredi·</strong></span> 
     </span>
     <span class='ocr_line' id='line_1_24' title="bbox 475 2832 1825 2915; baseline -0.001 -21"><span class='ocrx_word' id='word_1_240' title='bbox 475 2841 546 2896; x_wconf 91' lang='lat' dir='ltr'><strong>tate</strong></span> <span class='ocrx_word' id='word_1_241' title='bbox 562 2841 596 2896; x_wconf 93' lang='lat' dir='ltr'><strong>et</strong></span> <span class='ocrx_word' id='word_1_242' title='bbox 612 2834 654 2895; x_wconf 93' lang='lat' dir='ltr'><strong>de</strong></span> <span class='ocrx_word' id='word_1_243' title='bbox 670 2833 818 2897; x_wconf 82' lang='lat' dir='ltr'><strong>funiculo</strong></span> <span class='ocrx_word' id='word_1_244' title='bbox 835 2853 907 2896; x_wconf 90' lang='lat' dir='ltr'><strong>esse</strong></span> <span class='ocrx_word' id='word_1_245' title='bbox 925 2833 1073 2910; x_wconf 88' lang='lat' dir='ltr'><strong>Domini,</strong></span> <span class='ocrx_word' id='word_1_246' title='bbox 1089 2833 1192 2895; x_wconf 90' lang='lat' dir='ltr'><strong>simus</strong></span> <span class='ocrx_word' id='word_1_247' title='bbox 1211 2833 1312 2896; x_wconf 79' lang='lat' dir='ltr'><strong>sortes</strong></span> <span class='ocrx_word' id='word_1_248' title='bbox 1329 2842 1431 2915; x_wconf 87' lang='lat' dir='ltr'><strong>atque</strong></span> <span class='ocrx_word' id='word_1_249' title='bbox 1448 2832 1584 2909; x_wconf 87' lang='lat' dir='ltr'><strong>robusti,</strong></span> <span class='ocrx_word' id='word_1_250' title='bbox 1602 2843 1635 2896; x_wconf 92' lang='lat' dir='ltr'><strong>et</strong></span> <span class='ocrx_word' id='word_1_251' title='bbox 1652 2833 1825 2897; x_wconf 90' lang='lat' dir='ltr'><strong>dicamus:</strong></span> 
     </span>
     <span class='ocr_line' id='line_1_25' title="bbox 474 2933 1824 3020; baseline -0.003 -19"><span class='ocrx_word' id='word_1_252' title='bbox 474 2935 601 3001; x_wconf 90' lang='lat' dir='ltr'><strong>Omnia</strong></span> <span class='ocrx_word' id='word_1_253' title='bbox 617 2957 753 3018; x_wconf 89' lang='lat' dir='ltr'><strong>possum</strong></span> <span class='ocrx_word' id='word_1_254' title='bbox 772 2938 803 3000; x_wconf 92' lang='lat' dir='ltr'><strong>in</strong></span> <span class='ocrx_word' id='word_1_255' title='bbox 822 2957 862 3000; x_wconf 91' lang='lat' dir='ltr'><strong>eo</strong></span> <span class='ocrx_word' id='word_1_256' title='bbox 878 2938 934 3020; x_wconf 92' lang='lat' dir='ltr'><strong>qui</strong></span> <span class='ocrx_word' id='word_1_257' title='bbox 949 2957 1002 3000; x_wconf 90' lang='lat' dir='ltr'><strong>me</strong></span> <span class='ocrx_word' id='word_1_258' title='bbox 1018 2936 1220 3001; x_wconf 79' lang='lat' dir='ltr'><strong>confortavit</strong></span> <span class='ocrx_word' id='word_1_259' title='bbox 1247 2937 1408 3002; x_wconf 88' lang='lat' dir='ltr'><strong>Christus.</strong></span> <span class='ocrx_word' id='word_1_260' title='bbox 1437 2937 1529 3000; x_wconf 93' lang='lat' dir='ltr'><strong>Nihil</strong></span> <span class='ocrx_word' id='word_1_261' title='bbox 1558 2939 1591 3000; x_wconf 88' lang='lat' dir='ltr'><strong>in</strong></span> <span class='ocrx_word' id='word_1_262' title='bbox 1618 2936 1716 3001; x_wconf 85' lang='lat' dir='ltr'><strong>nobis</strong></span> <span class='ocrx_word' id='word_1_263' title='bbox 1741 2933 1824 2999; x_wconf 87' lang='lat' dir='ltr'><strong>infir·</strong></span> 
     </span>
    </p>
   </div>
   <div class='ocr_carea' id='block_1_4' title="bbox 473 3142 1828 3621">
    <p class='ocr_par' dir='ltr' id='par_1_5' title="bbox 473 3142 1828 3621">
     <span class='ocr_line' id='line_1_26' title="bbox 506 3142 1826 3208; baseline 0.002 -18"><span class='ocrx_word' id='word_1_264' title='bbox 506 3155 520 3190; x_wconf 87' lang='lat'>2</span> <span class='ocrx_word' id='word_1_265' title='bbox 532 3142 561 3190; x_wconf 84' lang='lat' dir='ltr'><strong>in</strong></span> <span class='ocrx_word' id='word_1_266' title='bbox 570 3143 718 3204; x_wconf 76' lang='lat' dir='ltr'><strong>praeclaris]</strong></span> <span class='ocrx_word' id='word_1_267' title='bbox 731 3144 905 3208; x_wconf 73' lang='lat' dir='ltr'><strong>imprdeclorir</strong></span> <span class='ocrx_word' id='word_1_268' title='bbox 916 3145 972 3194; x_wconf 93' lang='lat' dir='ltr'><strong>OV.</strong></span> <span class='ocrx_word' id='word_1_269' title='bbox 1075 3158 1089 3206; x_wconf 88' lang='lat'>3</span> <span class='ocrx_word' id='word_1_270' title='bbox 1094 3143 1218 3208; x_wconf 83' lang='lat' dir='ltr'><strong>sortibus]</strong></span> <span class='ocrx_word' id='word_1_271' title='bbox 1229 3159 1294 3193; x_wconf 88' lang='lat' dir='ltr'><strong>corr.</strong></span> <span class='ocrx_word' id='word_1_272' title='bbox 1307 3142 1476 3207; x_wconf 80' lang='lat' dir='ltr'><strong>exsroutibur</strong></span> <span class='ocrx_word' id='word_1_273' title='bbox 1495 3145 1531 3192; x_wconf 90' lang='lat' dir='ltr'><strong>M.</strong></span> <span class='ocrx_word' id='word_1_274' title='bbox 1633 3153 1648 3205; x_wconf 88' lang='lat'><strong>7</strong></span> <span class='ocrx_word' id='word_1_275' title='bbox 1659 3143 1769 3206; x_wconf 81' lang='lat' dir='ltr'><strong>adeum]</strong></span> <span class='ocrx_word' id='word_1_276' title='bbox 1780 3143 1807 3191; x_wconf 83' lang='lat' dir='ltr'>M</span> <span class='ocrx_word' id='word_1_277' title='bbox 1819 3161 1826 3198; x_wconf 85' lang='grc'>;</span> 
     </span>
     <span class='ocr_line' id='line_1_27' title="bbox 473 3222 1827 3290; baseline 0 -18"><span class='ocrx_word' id='word_1_278' title='bbox 473 3225 510 3273; x_wconf 84' lang='lat' dir='ltr'><strong>ud</strong></span> <span class='ocrx_word' id='word_1_279' title='bbox 517 3241 541 3274; x_wconf 85' lang='lat' dir='ltr'><strong>re</strong></span> <span class='ocrx_word' id='word_1_280' title='bbox 554 3224 611 3274; x_wconf 88' lang='lat' dir='ltr'><strong>OV.</strong></span> <span class='ocrx_word' id='word_1_281' title='bbox 626 3225 665 3275; x_wconf 87' lang='lat' dir='ltr'><strong>Cl.</strong></span> <span class='ocrx_word' id='word_1_282' title='bbox 680 3226 796 3286; x_wconf 87' lang='lat' dir='ltr'><strong>Goelzer,</strong></span> <span class='ocrx_word' id='word_1_283' title='bbox 810 3242 835 3290; x_wconf 89' lang='lat' dir='ltr'><strong>p.</strong></span> <span class='ocrx_word' id='word_1_284' title='bbox 850 3240 898 3289; x_wconf 85' lang='lat'><strong>403</strong></span> <span class='ocrx_word' id='word_1_285' title='bbox 911 3243 948 3290; x_wconf 87' lang='lat' dir='ltr'><strong>sq.</strong></span> <span class='ocrx_word' id='word_1_286' title='bbox 1050 3240 1065 3288; x_wconf 89' lang='lat'><strong>9</strong></span> <span class='ocrx_word' id='word_1_287' title='bbox 1077 3227 1199 3286; x_wconf 81' lang='lat' dir='ltr'><strong>sumitur,</strong></span> <span class='ocrx_word' id='word_1_288' title='bbox 1212 3222 1244 3283; x_wconf 86' lang='lat' dir='ltr'><strong>et]</strong></span> <span class='ocrx_word' id='word_1_289' title='bbox 1257 3225 1305 3276; x_wconf 94' lang='lat' dir='ltr'><strong>OV</strong></span> <span class='ocrx_word' id='word_1_290' title='bbox 1313 3243 1322 3285; x_wconf 87' lang='lat'>;</span> <span class='ocrx_word' id='word_1_291' title='bbox 1333 3227 1454 3275; x_wconf 78' lang='lat' dir='ltr'><strong>sumitur.</strong></span> <span class='ocrx_word' id='word_1_292' title='bbox 1469 3227 1506 3274; x_wconf 85' lang='lat' dir='ltr'><strong>Et</strong></span> <span class='ocrx_word' id='word_1_293' title='bbox 1518 3227 1554 3276; x_wconf 90' lang='lat' dir='ltr'><strong>M.</strong></span> <span class='ocrx_word' id='word_1_294' title='bbox 1658 3239 1688 3275; x_wconf 87' lang='grc' dir='ltr'><strong>ιο</strong></span> <span class='ocrx_word' id='word_1_295' title='bbox 1698 3223 1753 3284; x_wconf 84' lang='lat' dir='ltr'><strong>aut]</strong></span> <span class='ocrx_word' id='word_1_296' title='bbox 1764 3225 1827 3282; x_wconf 86' lang='lat' dir='ltr'><strong>OV;</strong></span> 
     </span>
     <span class='ocr_line' id='line_1_28' title="bbox 473 3303 1825 3376; baseline -0.001 -20"><span class='ocrx_word' id='word_1_297' title='bbox 473 3307 510 3356; x_wconf 81' lang='lat' dir='ltr'><strong>ibi</strong></span> <span class='ocrx_word' id='word_1_298' title='bbox 517 3307 553 3356; x_wconf 91' lang='lat' dir='ltr'><strong>M.</strong></span> <span class='ocrx_word' id='word_1_299' title='bbox 655 3310 751 3370; x_wconf 81' lang='lat' dir='ltr'><strong>agitur,</strong></span> <span class='ocrx_word' id='word_1_300' title='bbox 761 3313 841 3376; x_wconf 80' lang='lat' dir='ltr'><strong>terra]</strong></span> <span class='ocrx_word' id='word_1_301' title='bbox 852 3309 947 3372; x_wconf 80' lang='lat' dir='ltr'><strong>agitur.</strong></span> <span class='ocrx_word' id='word_1_302' title='bbox 967 3309 1046 3358; x_wconf 79' lang='lat' dir='ltr'><strong>Terra</strong></span> <span class='ocrx_word' id='word_1_303' title='bbox 1058 3309 1133 3358; x_wconf 89' lang='lat' dir='ltr'><strong>codd.</strong></span> <span class='ocrx_word' id='word_1_304' title='bbox 1237 3320 1263 3356; x_wconf 87' lang='lat'><strong>11</strong></span> <span class='ocrx_word' id='word_1_305' title='bbox 1277 3323 1380 3373; x_wconf 80' lang='lat' dir='ltr'><strong>quoque.</strong></span> <span class='ocrx_word' id='word_1_306' title='bbox 1395 3303 1527 3372; x_wconf 80' lang='lat' dir='ltr'><strong>Augetusi,</strong></span> <span class='ocrx_word' id='word_1_307' title='bbox 1540 3323 1635 3372; x_wconf 81' lang='lat' dir='ltr'><strong>quoque</strong></span> <span class='ocrx_word' id='word_1_308' title='bbox 1644 3307 1825 3371; x_wconf 76' lang='lat' dir='ltr'><strong>augelureodd.</strong></span> 
     </span>
     <span class='ocr_line' id='line_1_29' title="bbox 476 3387 1828 3456; baseline 0 -18"><span class='ocrx_word' id='word_1_309' title='bbox 476 3391 804 3454; x_wconf 76' lang='lat' dir='ltr'><strong>raomnium10V30mnc</strong></span> <span class='ocrx_word' id='word_1_310' title='bbox 816 3393 854 3441; x_wconf 87' lang='lat' dir='ltr'><strong>hl.</strong></span> <span class='ocrx_word' id='word_1_311' title='bbox 959 3389 1493 3456; x_wconf 74' lang='lat' dir='ltr'><strong>14Erlscripsi;Sedcodd.,prosectu?</strong></span> <span class='ocrx_word' id='word_1_312' title='bbox 1583 3403 1612 3452; x_wconf 90' lang='lat'><strong>19</strong></span> <span class='ocrx_word' id='word_1_313' title='bbox 1623 3387 1828 3456; x_wconf 77' lang='lat' dir='ltr'><strong>quamnr]quarr</strong></span> 
     </span>
     <span class='ocr_line' id='line_1_30' title="bbox 474 3473 1826 3539; baseline 0 -19"><span class='ocrx_word' id='word_1_314' title='bbox 474 3475 505 3524; x_wconf 82' lang='lat' dir='ltr'><strong>V.</strong></span> <span class='ocrx_word' id='word_1_315' title='bbox 611 3485 642 3534; x_wconf 85' lang='lat'><strong>24</strong></span> <span class='ocrx_word' id='word_1_316' title='bbox 658 3475 769 3538; x_wconf 82' lang='lat' dir='ltr'><strong>possum]</strong></span> <span class='ocrx_word' id='word_1_317' title='bbox 776 3482 910 3538; x_wconf 81' lang='lat' dir='ltr'><strong>possumus</strong></span> <span class='ocrx_word' id='word_1_318' title='bbox 923 3476 950 3523; x_wconf 88' lang='grc' dir='ltr'>Μ</span> <span class='ocrx_word' id='word_1_319' title='bbox 964 3477 1006 3535; x_wconf 84' lang='lat' dir='ltr'><strong>(us</strong></span> <span class='ocrx_word' id='word_1_320' title='bbox 1017 3482 1106 3539; x_wconf 86' lang='lat' dir='ltr'><strong>postea</strong></span> <span class='ocrx_word' id='word_1_321' title='bbox 1117 3475 1194 3534; x_wconf 79' lang='lat' dir='ltr'><strong>eras.)</strong></span> <span class='ocrx_word' id='word_1_322' title='bbox 1207 3480 1231 3522; x_wconf 85' lang='lat' dir='ltr'><strong>et</strong></span> <span class='ocrx_word' id='word_1_323' title='bbox 1250 3473 1306 3532; x_wconf 85' lang='lat' dir='ltr'><strong>OV,</strong></span> <span class='ocrx_word' id='word_1_324' title='bbox 1321 3481 1346 3522; x_wconf 89' lang='lat' dir='ltr'><strong>ut</strong></span> <span class='ocrx_word' id='word_1_325' title='bbox 1359 3489 1425 3534; x_wconf 87' lang='lat' dir='ltr'><strong>reor,</strong></span> <span class='ocrx_word' id='word_1_326' title='bbox 1439 3474 1473 3522; x_wconf 94' lang='lat' dir='ltr'><strong>ob</strong></span> <span class='ocrx_word' id='word_1_327' title='bbox 1485 3473 1588 3522; x_wconf 86' lang='lat' dir='ltr'><strong>verbum</strong></span> <span class='ocrx_word' id='word_1_328' title='bbox 1601 3473 1700 3538; x_wconf 81' lang='lat' dir='ltr'><strong>plurale</strong></span> <span class='ocrx_word' id='word_1_329' title='bbox 1710 3473 1826 3522; x_wconf 78' lang='lat' dir='ltr'><strong>dicamur.</strong></span> 
     </span>
     <span class='ocr_line' id='line_1_31' title="bbox 476 3556 954 3621; baseline -0.002 -14"><span class='ocrx_word' id='word_1_330' title='bbox 476 3556 605 3621; x_wconf 79' lang='lat' dir='ltr'><strong>Christus]</strong></span> <span class='ocrx_word' id='word_1_331' title='bbox 615 3561 665 3620; x_wconf 64' lang='lat' dir='ltr'><strong>xpo</strong></span> <span class='ocrx_word' id='word_1_332' title='bbox 677 3557 715 3618; x_wconf 92' lang='lat' dir='ltr'><strong>M,</strong></span> <span class='ocrx_word' id='word_1_333' title='bbox 729 3556 789 3606; x_wconf 86' lang='lat' dir='ltr'><strong>item</strong></span> <span class='ocrx_word' id='word_1_334' title='bbox 803 3557 826 3607; x_wconf 95' lang='lat'>0</span> <span class='ocrx_word' id='word_1_335' title='bbox 838 3556 864 3606; x_wconf 90' lang='lat' dir='ltr'><strong>in</strong></span> <span class='ocrx_word' id='word_1_336' title='bbox 877 3573 954 3621; x_wconf 84' lang='lat' dir='ltr'><strong>marg.</strong></span> 
     </span>
    </p>
   </div>
   <div class='ocr_carea' id='block_1_5' title="bbox 476 3737 1829 4644">
    <p class='ocr_par' dir='ltr' id='par_1_6' title="bbox 517 3737 1748 3824">
     <span class='ocr_line' id='line_1_32' title="bbox 517 3737 1748 3824; baseline -0.001 -23"><span class='ocrx_word' id='word_1_337' title='bbox 517 3764 545 3817; x_wconf 75' lang='lat'><strong>4.</strong></span> <span class='ocrx_word' id='word_1_338' title='bbox 558 3741 647 3824; x_wconf 85' lang='lat' dir='ltr'><strong>meur]</strong></span> <span class='ocrx_word' id='word_1_339' title='bbox 664 3745 712 3802; x_wconf 92' lang='lat' dir='ltr'><strong>Ps.</strong></span> <span class='ocrx_word' id='word_1_340' title='bbox 729 3761 774 3818; x_wconf 83' lang='lat'><strong>17,</strong></span> <span class='ocrx_word' id='word_1_341' title='bbox 786 3763 812 3820; x_wconf 83' lang='lat'><strong>3.</strong></span> <span class='ocrx_word' id='word_1_342' title='bbox 1226 3763 1270 3814; x_wconf 88' lang='lat'><strong>14.</strong></span> <span class='ocrx_word' id='word_1_343' title='bbox 1287 3737 1420 3820; x_wconf 75' lang='lat' dir='ltr'><strong>extruat]</strong></span> <span class='ocrx_word' id='word_1_344' title='bbox 1434 3743 1479 3801; x_wconf 89' lang='lat' dir='ltr'><strong>Cl.</strong></span> <span class='ocrx_word' id='word_1_345' title='bbox 1498 3742 1587 3802; x_wconf 89' lang='lat' dir='ltr'><strong>Zach.</strong></span> <span class='ocrx_word' id='word_1_346' title='bbox 1607 3763 1632 3816; x_wconf 80' lang='lat' dir='ltr'><strong>a,</strong></span> <span class='ocrx_word' id='word_1_347' title='bbox 1653 3764 1665 3802; x_wconf 89' lang='lat' dir='ltr'><strong>r</strong></span> <span class='ocrx_word' id='word_1_348' title='bbox 1684 3762 1748 3820; x_wconf 86' lang='lat' dir='ltr'><strong>sqq.</strong></span> 
     </span>
    </p>

    <p class='ocr_par' dir='ltr' id='par_1_7' title="bbox 518 3821 1610 3906">
     <span class='ocr_line' id='line_1_33' title="bbox 518 3821 1610 3906; baseline 0 -23"><span class='ocrx_word' id='word_1_349' title='bbox 518 3843 544 3902; x_wconf 83' lang='lat'><strong>5.</strong></span> <span class='ocrx_word' id='word_1_350' title='bbox 559 3823 719 3906; x_wconf 80' lang='lat' dir='ltr'><strong>Dominus]</strong></span> <span class='ocrx_word' id='word_1_351' title='bbox 735 3827 781 3884; x_wconf 87' lang='lat' dir='ltr'><strong>Ps.</strong></span> <span class='ocrx_word' id='word_1_352' title='bbox 803 3843 867 3901; x_wconf 78' lang='lat'><strong>117,</strong></span> <span class='ocrx_word' id='word_1_353' title='bbox 888 3846 932 3898; x_wconf 89' lang='lat'><strong>14.</strong></span> <span class='ocrx_word' id='word_1_354' title='bbox 1226 3842 1269 3901; x_wconf 86' lang='lat'><strong>15.</strong></span> <span class='ocrx_word' id='word_1_355' title='bbox 1284 3821 1393 3903; x_wconf 72' lang='lat' dir='ltr'><strong>lsrael]</strong></span> <span class='ocrx_word' id='word_1_356' title='bbox 1411 3829 1500 3886; x_wconf 90' lang='lat' dir='ltr'><strong>Deut.</strong></span> <span class='ocrx_word' id='word_1_357' title='bbox 1520 3844 1566 3902; x_wconf 84' lang='lat'><strong>32,</strong></span> <span class='ocrx_word' id='word_1_358' title='bbox 1584 3843 1610 3898; x_wconf 89' lang='lat'><strong>9.</strong></span> 
     </span>
    </p>

    <p class='ocr_par' dir='ltr' id='par_1_8' title="bbox 476 3903 1829 4564">
     <span class='ocr_line' id='line_1_34' title="bbox 518 3903 1829 3986; baseline -0.002 -19"><span class='ocrx_word' id='word_1_359' title='bbox 518 3911 575 3984; x_wconf 87' lang='lat'>⁶·9·</span> <span class='ocrx_word' id='word_1_360' title='bbox 614 3909 660 3968; x_wconf 85' lang='lat' dir='ltr'><strong>Ct.</strong></span> <span class='ocrx_word' id='word_1_361' title='bbox 698 3926 775 3983; x_wconf 85' lang='lat' dir='ltr'><strong>quae</strong></span> <span class='ocrx_word' id='word_1_362' title='bbox 810 3910 949 3984; x_wconf 88' lang='lat' dir='ltr'><strong>leguntur</strong></span> <span class='ocrx_word' id='word_1_363' title='bbox 973 3907 1052 3966; x_wconf 81' lang='lat' dir='ltr'><strong>circa</strong></span> <span class='ocrx_word' id='word_1_364' title='bbox 1077 3908 1126 3966; x_wconf 85' lang='lat' dir='ltr'><strong>lin.</strong></span> <span class='ocrx_word' id='word_1_365' title='bbox 1225 3903 1547 3986; x_wconf 84' lang='lat' dir='ltr'><strong>17.ru&#39;vificandum]2.</strong></span> <span class='ocrx_word' id='word_1_366' title='bbox 1573 3907 1726 3982; x_wconf 86' lang='lat' dir='ltr'><strong>Reg.8,2</strong></span> <span class='ocrx_word' id='word_1_367' title='bbox 1751 3904 1829 3966; x_wconf 83' lang='lat' dir='ltr'><strong>iuxta</strong></span> 
     </span>
     <span class='ocr_line' id='line_1_35' title="bbox 478 3987 1273 4066; baseline -0.008 -16"><span class='ocrx_word' id='word_1_368' title='bbox 478 3987 633 4050; x_wconf 86' lang='lat' dir='ltr'><strong>Homiliae</strong></span> <span class='ocrx_word' id='word_1_369' title='bbox 651 3991 664 4048; x_wconf 96' lang='grc' dir='ltr'>Ι</span> <span class='ocrx_word' id='word_1_370' title='bbox 681 3989 801 4066; x_wconf 88' lang='lat' dir='ltr'><strong>Origen.</strong></span> <span class='ocrx_word' id='word_1_371' title='bbox 827 3989 865 4049; x_wconf 90' lang='lat' dir='ltr'><strong>in.</strong></span> <span class='ocrx_word' id='word_1_372' title='bbox 888 3991 1001 4048; x_wconf 90' lang='lat' dir='ltr'><strong>Lucam</strong></span> <span class='ocrx_word' id='word_1_373' title='bbox 1030 3987 1076 4064; x_wconf 85' lang='lat' dir='ltr'><strong>(P.</strong></span> <span class='ocrx_word' id='word_1_374' title='bbox 1095 3989 1128 4047; x_wconf 90' lang='lat' dir='ltr'><strong>L.</strong></span> <span class='ocrx_word' id='word_1_375' title='bbox 1182 3989 1273 4046; x_wconf 82' lang='lat' dir='ltr'><strong>LXX.</strong></span> 
     </span>
     <span class='ocr_line' id='line_1_36' title="bbox 479 4065 1828 4150; baseline -0.003 -18"><span class='ocrx_word' id='word_1_376' title='bbox 479 4075 524 4144; x_wconf 87' lang='lat'><strong>26,</strong></span> <span class='ocrx_word' id='word_1_377' title='bbox 544 4087 599 4147; x_wconf 83' lang='grc'><strong>255</strong></span> <span class='ocrx_word' id='word_1_378' title='bbox 623 4073 672 4148; x_wconf 83' lang='grc' dir='ltr'><strong>Α),</strong></span> <span class='ocrx_word' id='word_1_379' title='bbox 689 4091 723 4130; x_wconf 86' lang='lat' dir='ltr'><strong>ex</strong></span> <span class='ocrx_word' id='word_1_380' title='bbox 749 4070 929 4149; x_wconf 84' lang='lat' dir='ltr'><strong>Hieronymi</strong></span> <span class='ocrx_word' id='word_1_381' title='bbox 948 4073 1065 4130; x_wconf 87' lang='lat' dir='ltr'><strong>calamo</strong></span> <span class='ocrx_word' id='word_1_382' title='bbox 1087 4072 1127 4131; x_wconf 90' lang='lat' dir='ltr'><strong>in·</strong></span> <span class='ocrx_word' id='word_1_383' title='bbox 1222 4089 1266 4127; x_wconf 78' lang='lat'><strong>21.</strong></span> <span class='ocrx_word' id='word_1_384' title='bbox 1283 4090 1358 4146; x_wconf 82' lang='lat' dir='ltr'><strong>quae</strong></span> <span class='ocrx_word' id='word_1_385' title='bbox 1377 4071 1591 4148; x_wconf 79' lang='lat' dir='ltr'><strong>iuterpretatur</strong></span> <span class='ocrx_word' id='word_1_386' title='bbox 1610 4065 1713 4150; x_wconf 64' lang='lat' dir='ltr'><strong>dulas]</strong></span> <span class='ocrx_word' id='word_1_387' title='bbox 1728 4069 1828 4141; x_wconf 84' lang='lat' dir='ltr'><strong>Aliter,</strong></span> 
     </span>
     <span class='ocr_line' id='line_1_37' title="bbox 476 4149 1829 4230; baseline -0.004 -15"><span class='ocrx_word' id='word_1_388' title='bbox 476 4153 621 4230; x_wconf 87' lang='lat' dir='ltr'><strong>terpretis,</strong></span> <span class='ocrx_word' id='word_1_389' title='bbox 629 4171 689 4212; x_wconf 95' lang='lat' dir='ltr'><strong>non</strong></span> <span class='ocrx_word' id='word_1_390' title='bbox 700 4153 888 4226; x_wconf 82' lang='lat' dir='ltr'><strong>auctoris,uti</strong></span> <span class='ocrx_word' id='word_1_391' title='bbox 902 4165 982 4214; x_wconf 88' lang='lat' dir='ltr'><strong>recte</strong></span> <span class='ocrx_word' id='word_1_392' title='bbox 994 4153 1052 4212; x_wconf 86' lang='lat' dir='ltr'><strong>iam</strong></span> <span class='ocrx_word' id='word_1_393' title='bbox 1063 4153 1128 4213; x_wconf 89' lang='lat' dir='ltr'><strong>aliis</strong></span> <span class='ocrx_word' id='word_1_394' title='bbox 1181 4153 1234 4211; x_wconf 84' lang='lat' dir='ltr'><strong>sed</strong></span> <span class='ocrx_word' id='word_1_395' title='bbox 1247 4151 1328 4210; x_wconf 81' lang='lat' dir='ltr'><strong>haud</strong></span> <span class='ocrx_word' id='word_1_396' title='bbox 1341 4150 1379 4210; x_wconf 90' lang='lat' dir='ltr'><strong>ita</strong></span> <span class='ocrx_word' id='word_1_397' title='bbox 1390 4172 1467 4224; x_wconf 91' lang='lat' dir='ltr'><strong>vere,</strong></span> <span class='ocrx_word' id='word_1_398' title='bbox 1483 4150 1621 4211; x_wconf 84' lang='lat' dir='ltr'><strong>vocabuli</strong></span> <span class='ocrx_word' id='word_1_399' title='bbox 1634 4149 1692 4209; x_wconf 86' lang='lat' dir='ltr'><strong>vim</strong></span> <span class='ocrx_word' id='word_1_400' title='bbox 1705 4150 1829 4227; x_wconf 84' lang='lat' dir='ltr'><strong>explicat</strong></span> 
     </span>
     <span class='ocr_line' id='line_1_38' title="bbox 477 4232 1828 4312; baseline -0.002 -18"><span class='ocrx_word' id='word_1_401' title='bbox 477 4236 595 4295; x_wconf 86' lang='lat' dir='ltr'><strong>visum:</strong></span> <span class='ocrx_word' id='word_1_402' title='bbox 619 4236 666 4295; x_wconf 83' lang='lat' dir='ltr'><strong>‘Si</strong></span> <span class='ocrx_word' id='word_1_403' title='bbox 696 4234 763 4311; x_wconf 90' lang='lat' dir='ltr'><strong>quis</strong></span> <span class='ocrx_word' id='word_1_404' title='bbox 787 4235 974 4312; x_wconf 90' lang='lat' dir='ltr'><strong>Theophilus</strong></span> <span class='ocrx_word' id='word_1_405' title='bbox 995 4250 1047 4306; x_wconf 91' lang='lat' dir='ltr'><strong>est,</strong></span> <span class='ocrx_word' id='word_1_406' title='bbox 1072 4235 1127 4296; x_wconf 91' lang='lat' dir='ltr'><strong>iste</strong></span> <span class='ocrx_word' id='word_1_407' title='bbox 1182 4236 1396 4310; x_wconf 86' lang='lat' dir='ltr'><strong>Hieronymus,</strong></span> <span class='ocrx_word' id='word_1_408' title='bbox 1412 4235 1440 4293; x_wconf 90' lang='lat' dir='ltr'><strong>in</strong></span> <span class='ocrx_word' id='word_1_409' title='bbox 1454 4233 1530 4293; x_wconf 91' lang='lat' dir='ltr'><strong>libro</strong></span> <span class='ocrx_word' id='word_1_410' title='bbox 1542 4233 1665 4307; x_wconf 89' lang='lat' dir='ltr'><strong>quidem</strong></span> <span class='ocrx_word' id='word_1_411' title='bbox 1678 4234 1716 4293; x_wconf 89' lang='lat' dir='ltr'><strong>de</strong></span> <span class='ocrx_word' id='word_1_412' title='bbox 1729 4232 1828 4294; x_wconf 86' lang='lat' dir='ltr'><strong>Nomi·</strong></span> 
     </span>
     <span class='ocr_line' id='line_1_39' title="bbox 476 4313 1828 4395; baseline -0.001 -19"><span class='ocrx_word' id='word_1_413' title='bbox 476 4317 608 4393; x_wconf 84' lang='lat' dir='ltr'><strong>optimus</strong></span> <span class='ocrx_word' id='word_1_414' title='bbox 624 4330 653 4376; x_wconf 91' lang='lat' dir='ltr'><strong>et</strong></span> <span class='ocrx_word' id='word_1_415' title='bbox 669 4316 849 4377; x_wconf 74' lang='lat' dir='ltr'><strong>fortissimus</strong></span> <span class='ocrx_word' id='word_1_416' title='bbox 863 4331 925 4378; x_wconf 89' lang='lat' dir='ltr'><strong>est:</strong></span> <span class='ocrx_word' id='word_1_417' title='bbox 941 4318 999 4376; x_wconf 92' lang='lat' dir='ltr'><strong>hoc</strong></span> <span class='ocrx_word' id='word_1_418' title='bbox 1014 4317 1128 4395; x_wconf 87' lang='lat' dir='ltr'><strong>quippe</strong></span> <span class='ocrx_word' id='word_1_419' title='bbox 1182 4315 1268 4376; x_wconf 91' lang='lat' dir='ltr'><strong>nibus</strong></span> <span class='ocrx_word' id='word_1_420' title='bbox 1284 4315 1367 4375; x_wconf 91' lang='lat' dir='ltr'><strong>hebr.</strong></span> <span class='ocrx_word' id='word_1_421' title='bbox 1386 4315 1568 4393; x_wconf 87' lang='lat' dir='ltr'><strong>‘pulchram’,</strong></span> <span class='ocrx_word' id='word_1_422' title='bbox 1580 4313 1609 4372; x_wconf 92' lang='lat' dir='ltr'><strong>in</strong></span> <span class='ocrx_word' id='word_1_423' title='bbox 1619 4313 1749 4391; x_wconf 86' lang='lat' dir='ltr'><strong>epistula</strong></span> <span class='ocrx_word' id='word_1_424' title='bbox 1762 4335 1828 4374; x_wconf 85' lang='lat' dir='ltr'><strong>vero</strong></span> 
     </span>
     <span class='ocr_line' id='line_1_40' title="bbox 476 4395 1614 4478; baseline -0.004 -20"><span class='ocrx_word' id='word_1_425' title='bbox 476 4397 693 4476; x_wconf 85' lang='lat' dir='ltr'><strong>significantius</strong></span> <span class='ocrx_word' id='word_1_426' title='bbox 716 4418 825 4478; x_wconf 84' lang='lat' dir='ltr'><strong>graeco</strong></span> <span class='ocrx_word' id='word_1_427' title='bbox 856 4418 995 4460; x_wconf 90' lang='lat' dir='ltr'><strong>sermone</strong></span> <span class='ocrx_word' id='word_1_428' title='bbox 1020 4399 1130 4460; x_wconf 87' lang='lat' dir='ltr'><strong>dicitnr</strong></span> <span class='ocrx_word' id='word_1_429' title='bbox 1183 4399 1263 4472; x_wconf 83' lang='lat' dir='ltr'><strong>LIV,</strong></span> <span class='ocrx_word' id='word_1_430' title='bbox 1277 4418 1303 4456; x_wconf 92' lang='lat' dir='ltr'><strong>n.</strong></span> <span class='ocrx_word' id='word_1_431' title='bbox 1325 4413 1359 4472; x_wconf 89' lang='lat'><strong>17</strong></span> <span class='ocrx_word' id='word_1_432' title='bbox 1378 4395 1614 4457; x_wconf 79' lang='lat' dir='ltr'><strong>‘consolatam&#39;</strong></span> 
     </span>
     <span class='ocr_line' id='line_1_41' title="bbox 477 4476 1585 4564; baseline 0.005 -34"><span class='ocrx_word' id='word_1_433' title='bbox 477 4476 633 4550; x_wconf 65' lang='lat' dir='ltr'><strong>epinetoc&#39;.</strong></span> <span class='ocrx_word' id='word_1_434' title='bbox 1225 4500 1270 4537; x_wconf 85' lang='lat'><strong>22.</strong></span> <span class='ocrx_word' id='word_1_435' title='bbox 1289 4477 1377 4564; x_wconf 84' lang='lat' dir='ltr'><strong>meus]</strong></span> <span class='ocrx_word' id='word_1_436' title='bbox 1394 4481 1477 4540; x_wconf 92' lang='lat' dir='ltr'><strong>Ruth</strong></span> <span class='ocrx_word' id='word_1_437' title='bbox 1497 4501 1520 4549; x_wconf 90' lang='lat' dir='ltr'><strong>r,</strong></span> <span class='ocrx_word' id='word_1_438' title='bbox 1541 4481 1585 4538; x_wconf 87' lang='lat'><strong>16.</strong></span> 
     </span>
    </p>

    <p class='ocr_par' dir='ltr' id='par_1_9' title="bbox 517 4558 1726 4644">
     <span class='ocr_line' id='line_1_42' title="bbox 517 4558 1726 4644; baseline -0.007 -20"><span class='ocrx_word' id='word_1_439' title='bbox 517 4585 543 4641; x_wconf 89' lang='lat'><strong>9.</strong></span> <span class='ocrx_word' id='word_1_440' title='bbox 564 4561 730 4644; x_wconf 73' lang='lat' dir='ltr'><strong>Tneopu&#39;le]</strong></span> <span class='ocrx_word' id='word_1_441' title='bbox 743 4565 819 4625; x_wconf 88' lang='lat' dir='ltr'><strong>Luc.</strong></span> <span class='ocrx_word' id='word_1_442' title='bbox 843 4583 867 4636; x_wconf 91' lang='lat' dir='ltr'><strong>r,</strong></span> <span class='ocrx_word' id='word_1_443' title='bbox 887 4583 912 4641; x_wconf 83' lang='lat'><strong>3.</strong></span> <span class='ocrx_word' id='word_1_444' title='bbox 1178 4589 1181 4596; x_wconf 89' lang='lat'><em>·</em></span> <span class='ocrx_word' id='word_1_445' title='bbox 1226 4581 1272 4634; x_wconf 85' lang='lat'><strong>24.</strong></span> <span class='ocrx_word' id='word_1_446' title='bbox 1283 4559 1468 4643; x_wconf 69' lang='lat' dir='ltr'><strong>confortavit]</strong></span> <span class='ocrx_word' id='word_1_447' title='bbox 1484 4562 1529 4622; x_wconf 89' lang='lat' dir='ltr'><strong>Cl.</strong></span> <span class='ocrx_word' id='word_1_448' title='bbox 1544 4558 1624 4620; x_wconf 75' lang='lat' dir='ltr'><strong>Phil·</strong></span> <span class='ocrx_word' id='word_1_449' title='bbox 1637 4579 1664 4632; x_wconf 85' lang='lat'><strong>4,</strong></span> <span class='ocrx_word' id='word_1_450' title='bbox 1683 4578 1726 4634; x_wconf 81' lang='lat'><strong>¹3·</strong></span> 
     </span>
    </p>
   </div>
   <div class='ocr_carea' id='block_1_6' title="bbox 0 0 2059 5498">
    <p class='ocr_par' dir='ltr' id='par_1_10' title="bbox 0 0 2059 5498">
     <span class='ocr_line' id='line_1_43' title="bbox 0 0 2059 5498; baseline 0 0"><span class='ocrx_word' id='word_1_451' title='bbox 0 0 2059 5498; x_wconf 95' lang='lat' dir='ltr'><strong> </strong></span> 
     </span>
    </p>
   </div>
  </div>
 </body>
</html>
