4112 5496
927 283 945 318 b

457 401 513 485 44
911 399 1068 462 sancus
1090 399 1343 461 nmnouvm
1687 377 1811 482 [xxiva

460 648 571 720 mus,
594 633 697 703 tunc
727 618 977 704 videbimus
998 645 1083 702 non
1105 643 1199 702 esse
1229 615 1462 717 diabolum,
1485 629 1527 700 et
1548 617 1689 700 locum
1719 617 1813 703 eius

422 783 733 869 -nequaquam
783 783 989 867 apparere
1038 768 1269 866 peccatum.
1311 755 1541 863 Reliquiae
1581 756 1813 865 impiormn

453 896 672 1006 peribunt.
695 895 779 979 Pro
800 896 1005 1007 reliquiis,
1028 895 1071 978 in
1090 893 1272 977 hebraeo
1295 901 1303 934 ‘
1327 894 1566 978 novissima
1586 895 1593 923 ’
1615 893 1752 980 habet.

1017 1150 1259 1234 XXXVII.

515 1384 713 1483 Domine,
736 1411 788 1465 ne
808 1385 853 1466 iu
865 1383 1027 1492 furare
1056 1387 1131 1466 tuo
1149 1409 1316 1492 arguas
1345 1409 1422 1465 me.
1445 1384 1585 1466 Totus
1621 1382 1814 1493 psalmus
1850 1414 1868 1466 e

460 1548 510 1603 ex
545 1548 727 1631 persona
762 1521 1024 1631 paenitentis
1056 1534 1141 1604 est:
1166 1521 1240 1605 sed
1272 1533 1313 1604 et
1342 1519 1396 1604 ad
1429 1520 1637 1632 Xpistum
1671 1521 1812 1606 referri

459 1673 612 1772 potest,
637 1660 747 1744 sicut
767 1674 809 1743 et
831 1659 1128 1771 sexagesimus
1158 1673 1345 1742 octavus.
1386 1661 1744 1770 Couputrueruut
1771 1666 1816 1744 ct

457 1804 688 1909 corruptae
706 1804 812 1881 suut
831 1798 1055 1881 cicatrices
1074 1825 1194 1881 ureae
1213 1824 1241 1879 a
1248 1797 1375 1906 facie
1390 1797 1667 1907 insipientiae
1682 1825 1808 1883 rrteae.

461 1937 615 2021 Simile
634 1948 700 2020 est
726 1935 825 2020 huic
847 1937 966 2035 illud,
989 1936 1106 2047 quod
1128 1935 1229 2018 alibi
1255 1963 1306 2020 ex
1328 1963 1510 2046 persona
1541 1937 1687 2048 Xpisti
1710 1936 1813 2022 dici-

459 2089 554 2159 tur:
589 2076 755 2177 ‘Deus
791 2089 837 2158 tu
873 2075 1116 2187 cognovisti
1153 2074 1445 2187 insipientiam
1479 2102 1617 2158 meam
1641 2076 1661 2160 '.
1692 2077 1812 2183 Quia
1833 2110 1865 2147 ιο

457 2214 597 2297 lumbi
632 2215 720 2297 mei
756 2215 917 2325 inpleti
951 2221 1056 2297 suut
1090 2214 1384 2298 inlusionibus.
1421 2215 1480 2298 Se
1512 2214 1811 2328 unusquisque

457 2353 710 2454 consideret,
733 2367 775 2437 et
797 2354 1043 2437 titillantem
1066 2354 1256 2462 corporis
1292 2352 1511 2464 intellegat
1530 2354 1807 2464 voluptatem,

457 2503 499 2575 et
519 2503 722 2602 conputet
751 2520 848 2575 cum
880 2491 1089 2601 apostolO,
1112 2491 1215 2600 quia
1237 2501 1245 2531 ‘
1271 2492 1406 2576 Miser
1435 2520 1516 2606 ego
1548 2493 1689 2593 homo,
1712 2494 1810 2607 quis

458 2657 527 2713 me
548 2628 744 2713 liberabit
760 2630 813 2713 de
829 2655 1003 2739 corpore
1025 2629 1178 2711 mortis
1199 2629 1380 2712 huius?’
1401 2631 1459 2713 Et
1481 2631 1609 2715 illud:
1630 2643 1638 2673 ‘
1660 2633 1811 2744 Neque

460 2767 574 2849 enim
598 2767 715 2880 quod
736 2767 836 2850 volo
858 2765 937 2851 hoc
958 2765 1078 2866 sacia,
1103 2766 1176 2848 sed
1198 2767 1315 2878 quod
1338 2769 1438 2851 nolo
1460 2769 1479 2852 ’.
1499 2771 1660 2853 Amici
1672 2770 1758 2854 rmi
1769 2775 1813 2853 et
1832 2808 1863 2860 ιε

457 2907 552 2989 uoti
583 2907 670 2988 mei
701 2911 853 2988 cantra
889 2931 955 2986 me
986 2909 1211 2986 steterunt.
1248 2906 1396 2989 Potest
1428 2919 1469 2990 et
1501 2907 1554 2990 de
1586 2907 1811 3020 discipulis

457 3045 601 3155 accipi,
624 3045 699 3155 qui
727 3045 769 3126 in
792 3045 992 3155 passione
1028 3055 1145 3126 metu
1177 3045 1310 3127 territi
1343 3073 1368 3128 a
1404 3046 1596 3131 Domino
1628 3074 1810 3131 recesse-

458 3197 578 3267 runt:
604 3182 851 3284 intantum,
875 3195 922 3264 ut
944 3182 1073 3265 etiam
1094 3208 1193 3264 eum
1233 3184 1385 3266 Petrus
1408 3186 1533 3269 tertio
1566 3187 1806 3298 denegaret.

457 3321 556 3429 Ego
575 3348 673 3403 vero
693 3327 921 3430 tamquam
941 3322 1101 3402 surdus
1120 3349 1203 3404 nora
1241 3322 1481 3425 audiebam,
1506 3329 1550 3406 ct
1584 3331 1810 3434 tamquam

456 3468 605 3544 mutus
625 3489 707 3545 aaa
728 3463 927 3570 apericus
945 3488 991 3543 os
1010 3489 1149 3546 suunt.
1170 3465 1229 3545 Et
1249 3463 1363 3572 apud
1385 3463 1573 3547 Pilatum
1592 3464 1810 3547 Dominus
1830 3499 1866 3536 20

457 3627 542 3683 non
557 3613 621 3683 est
636 3601 817 3700 locutus
833 3613 875 3682 et
892 3600 1047 3682 Esaias
1060 3599 1113 3682 de
1129 3600 1279 3684 eodem
1295 3601 1507 3713 loquitur:
1534 3609 1541 3641 ‘
1564 3603 1808 3714 Tamquam

453 3765 594 3848 agnus
615 3738 667 3819 ad
690 3737 923 3838 victimam,
949 3766 1033 3822 non
1055 3740 1249 3849 aperiens
1270 3767 1319 3822 os
1341 3767 1469 3822 suum
1494 3742 1512 3824 ’.
1536 3739 1605 3822 Et
1625 3768 1708 3824 riou
1728 3741 1808 3823 lra-

487 3945 643 4009 2apparerc]
663 3945 716 3994 AM
736 3943 809 3994 inser.
833 3945 862 3993 id
875 3955 917 3994 est.
1018 3945 1258 4006 9iltmt1EC30m.
1275 3947 1336 3995 AM.
1442 3953 1504 4009 13et
1513 3954 1626 4011 conputet
1636 3965 1692 3996 curu
1703 3949 1808 4012 apostolo

453 4027 525 4091 qratia]
539 4028 606 4098 ΑΜ]Ι
640 4033 663 4076 et
673 4043 729 4076 curu
738 4034 793 4091 post
803 4027 892 4091 (potest
903 4039 918 4075 2
930 4041 963 4074 m.
978 4041 1032 4090 sup.
1048 4025 1105 4086 lin.)
1116 4043 1171 4076 rum
1185 4029 1288 4091 apostata
1298 4030 1346 4092 qui
1358 4029 1392 4088 E;
1425 4035 1535 4092 etpotest
1549 4046 1604 4078 rum
1621 4032 1726 4094 apostolo
1736 4031 1808 4096 loqui

454 4110 475 4158 C
482 4128 488 4168 ;
522 4117 545 4158 ct
563 4119 624 4159 tunc
642 4111 721 4159 dicere
737 4118 881 4174 potestatur
892 4111 1087 4173 Paeaetoaposan
1100 4107 1115 4175 β
1133 4111 1231 4168 (Codex
1252 4111 1423 4160 liubertinus:
1438 4128 1494 4160 cum
1506 4113 1544 4160 ait
1556 4113 1653 4161 Paulus
1663 4114 1803 4178 apostotus).

454 4191 889 4256 Legendumneettuncputestrum
900 4192 1100 4255 apastotalaqui?
1193 4204 1221 4253 14
1234 4193 1360 4254 Etittud]
1375 4193 1527 4252 Eelllhom.
1540 4193 1570 4244 C.
1667 4193 1808 4256 17trrriti]

452 4277 523 4325 terr'ti
535 4276 663 4340 Elpostea
674 4279 765 4336 corr.);
791 4275 871 4339 serr'ti
882 4275 902 4324 C
915 4275 984 4335 (ilem
997 4277 1082 4334 corn).
1187 4273 1215 4322 18
1226 4274 1366 4338 derregamt]
1377 4276 1511 4338 denegaret
1524 4276 1554 4324 E.

492 4447 518 4501 3.
542 4426 695 4483 cratissima
723 4421 819 4504 habel]
848 4425 1043 4502 Symmachus
1069 4432 1101 4483 τὰ
1197 4449 1231 4499 14
1263 4425 1363 4508 huius]
1381 4431 1469 4487 Rom.
1489 4447 1515 4503 7,
1535 4449 1579 4502 ²4·

449 4504 559 4582 iugata.
576 4505 699 4566 Hieron.
713 4505 743 4564 in
760 4508 847 4566 Psalt.
865 4507 945 4566 iuxta
957 4508 1037 4568 hebr.
1053 4513 1099 4567 ‘et
1199 4530 1206 4566 ι
1214 4527 1239 4585 5.
1264 4507 1340 4588 riola]
1358 4510 1433 4569 lbid.
1454 4530 1497 4585 19.

448 4587 643 4647 novissimum
658 4586 817 4663 impiorum
834 4588 939 4665 peribit
954 4591 968 4649 '.
1195 4611 1240 4650 22.
1262 4612 1292 4650 os
1305 4589 1403 4675 suum]
1420 4592 1457 4651 Is.
1480 4609 1495 4668 5
1501 4612 1528 4673 3.
1547 4609 1572 4673 7.

493 4691 536 4728 10.
560 4665 663 4750 meam]
680 4671 726 4729 Ps.
743 4670 791 4743 68,
808 4671 833 4730 6.
1071 4688 1077 4700 ·
