4154 5494
489 429 572 514 206
877 455 903 512 s.
923 454 1177 513 uruuouvur
1196 453 1458 513 PRESBYTERI

489 677 723 752 praenotatum
740 679 799 746 est,
815 669 900 732 iuste
917 669 948 732 in
966 668 1193 734 laudationem
1219 667 1291 734 finit
1315 669 1477 752 psalmus:
1493 669 1520 732 si
1546 667 1682 750 quidem
1710 663 1840 728 alleluia

491 773 734 855 interpretatur,
751 773 903 838 Laudate
920 773 1113 837 Dominum.

946 1021 1021 1094 DE
1054 1021 1276 1096 PSALMO
1297 1017 1402 1093 CXI.

537 1247 657 1312 Beatus
673 1248 801 1331 alequi
814 1251 907 1314 timet
921 1251 1111 1316 Damiumn.
1130 1253 1333 1335 Frequenter
1359 1252 1442 1329 dixi,
1457 1249 1616 1335 quoniam
1632 1247 1747 1311 omnia
1761 1264 1847 1330 quae

493 1347 525 1410 in
552 1367 693 1430 persona
721 1349 796 1413 iusti
826 1350 1093 1433 interpretantur,
1110 1351 1295 1416 reseruntur
1321 1353 1364 1416 ad
1390 1351 1558 1435 Xpistum.
1583 1353 1619 1418 Si
1636 1353 1725 1416 enim
1742 1349 1846 1414 sancti
1878 1359 1889 1410 5

493 1456 595 1531 typus
619 1461 653 1515 et
678 1449 783 1534 ligura
800 1451 983 1518 Salvatoris
999 1467 1086 1531 sunt,
1113 1457 1168 1540 qui
1186 1477 1262 1521 vere
1278 1468 1412 1520 sanctus
1428 1467 1488 1534 est,
1509 1457 1599 1521 verbi
1628 1476 1737 1532 causa,
1755 1455 1847 1518 Isaac

495 1561 596 1635 typus
613 1553 750 1618 Domini
780 1556 962 1621 Salvatoris
988 1569 1047 1636 est,
1071 1561 1201 1643 Ioseph,
1218 1560 1337 1636 David,
1355 1559 1526 1640 Salomon,
1543 1571 1575 1624 et
1602 1559 1702 1624 ceteri
1728 1557 1848 1622 sancti:

494 1677 575 1741 ergo
597 1668 630 1721 et
658 1660 719 1724 iste
735 1660 852 1725 beatus
869 1663 926 1740 vir,
941 1665 998 1746 qui
1015 1684 1103 1728 nunc
1129 1665 1334 1741 describitur,
1350 1664 1488 1728 relertur
1514 1666 1650 1748 quidem
1676 1664 1718 1726 ad
1743 1663 1846 1724 virum

495 1761 629 1840 iustum,
645 1772 678 1827 et
694 1784 768 1827 vere
784 1766 827 1829 de
843 1766 913 1829 viro
929 1768 1017 1830 iusto
1032 1769 1168 1846 dicitur;
1181 1770 1239 1831 sed
1253 1768 1315 1831 iste
1326 1769 1374 1831 vir
1387 1769 1491 1832 iustus
1503 1777 1604 1850 typus
1620 1777 1670 1831 est
1685 1766 1753 1829 veri
1764 1763 1848 1827 iusti.

495 1865 618 1930 Beatus
633 1867 689 1930 vir
701 1868 761 1949 qui
785 1869 878 1932 timet
890 1871 1081 1936 Doeairmm.
1100 1873 1236 1936 Interim
1262 1873 1435 1936 divisimus
1459 1871 1641 1954 psalmum:
1658 1890 1746 1933 nunc
1761 1868 1848 1932 dica·
1869 1888 1893 1924 ιο

497 1989 571 2034 mus
598 1972 640 2034 de
655 1971 727 2036 viro
743 1972 839 2038 iusto.
854 1973 980 2038 Beatus
1005 1975 1060 2038 vie
1073 1976 1133 2058 qui
1146 1977 1239 2040 timet
1264 1975 1454 2041 Dominum.
1472 1974 1625 2038 Psalmus
1649 1973 1849 2038 centesimus

497 2073 692 2138 undecimus
719 2077 907 2143 allabetites
923 2091 983 2147 est.
1000 2082 1175 2166 Siquidem
1202 2092 1235 2146 et
1261 2081 1462 2146 centesimus
1478 2080 1628 2144 decimus
1645 2079 1767 2161 etipse
1791 2074 1850 2139 sub

496 2176 643 2242 alfabeto
667 2191 725 2244 est.
744 2181 872 2245 Primus
888 2185 1067 2248 versiculus
1094 2207 1138 2248 ex
1155 2199 1278 2249 ALEPH
1300 2185 1462 2264 scribitur,
1478 2185 1602 2248 Beatus
1618 2185 1667 2248 vir
1683 2182 1740 2266 qui
1757 2181 1851 2246 timet

498 2283 691 2348 Dominum.
710 2284 885 2350 Secundus
912 2309 955 2350 ex
984 2303 1093 2366 ΒΕΤΗ,
1113 2290 1150 2351 In
1179 2290 1346 2353 mandatis
1373 2289 1444 2352 eius
1464 2287 1576 2369 cupiet
1593 2285 1702 2350 nimis.
1718 2283 1850 2348 Tertius

497 2399 624 2464 ellim,
641 2387 764 2451 Potens
780 2390 812 2453 in
830 2400 917 2456 terra
932 2393 993 2456 erit
1010 2413 1122 2458 semen
1140 2393 1220 2471 eius,
1234 2403 1268 2458 et
1285 2413 1388 2476 usque
1405 2393 1447 2456 ad
1466 2391 1657 2454 vicesimam
1671 2387 1850 2452 secundam
1871 2399 1895 2452 ¹5

498 2488 642 2554 litteram
661 2505 774 2557 TrrAU.
794 2494 952 2577 Singulos
968 2497 1069 2578 igitur
1085 2496 1263 2560 versiculos
1278 2497 1396 2560 vestris
1413 2493 1621 2560 orationibus
1642 2492 1851 2555 disseramus.

543 2593 667 2658 Beatus
682 2598 737 2660 m'r
750 2598 811 2679 qui
822 2599 917 2662 timet
930 2598 1119 2664 Dominum.
1137 2599 1338 2681 Principium
1367 2599 1486 2682 psalmi
1501 2607 1568 2670 est:
1597 2597 1747 2659 nondum
1765 2593 1853 2668 dicit,

501 2696 625 2762 Beatus
642 2703 692 2765 vir
706 2705 762 2786 qui
780 2705 889 2786 diligit
913 2703 1107 2767 Dominum.
1124 2703 1281 2766 Virorum
1310 2703 1398 2765 enim
1415 2703 1645 2784 incipientium
1663 2709 1715 2763 est
1731 2698 1854 2770 timere,

500 2797 720 2879 perfectorum
738 2825 816 2867 vero
831 2805 970 2888 diligere
986 2830 992 2870 :
1008 2805 1173 2888 siquidem
1189 2809 1196 2836 ‘
1213 2803 1360 2886 perlecta
1372 2805 1507 2870 dilectio
1525 2805 1613 2869 foras
1639 2803 1742 2867 mittit
1759 2802 1854 2866 timo·

499 2927 567 2970 rem
585 2907 600 2972 '.
620 2909 710 2990 Ergo
726 2911 769 2972 de
785 2911 948 2994 principio
965 2912 1054 2988 dicit,
1070 2912 1133 2975 hoc
1161 2921 1218 2984 est,
1248 2911 1427 2993 incipiente
1443 2909 1513 2973 viro
1529 2919 1655 2971 sancto.
1671 2906 1855 2970 Videamus
1872 2923 1898 2959 20

500 3031 580 3094 ergo
595 3015 745 3077 ordinem
763 3015 893 3096 psalmi.
911 3015 1033 3078 Beatus
1057 3015 1113 3078 vir
1136 3014 1195 3096 qui
1217 3016 1309 3077 timet
1333 3013 1524 3078 Dominum.
1541 3012 1607 3096 Qui
1626 3011 1724 3075 timet
1743 3007 1854 3072 Domi·

501 3137 590 3193 num,
606 3118 808 3201 quidlacit?
825 3120 919 3183 audit
936 3123 1035 3184 verba
1054 3120 1116 3182 Dei
1132 3121 1143 3184 ?
1160 3121 1278 3182 doctus
1296 3120 1326 3182 in
1340 3119 1412 3201 lege
1429 3127 1479 3182 est
1490 3124 1504 3180 i
1516 3138 1581 3182 non
1595 3118 1659 3181 hoc
1672 3111 1854 3199 dicit.Quid

500 3222 580 3286 dicit
599 3223 610 3286 i
626 3221 668 3284 lu
685 3223 852 3286 mandatis
866 3224 936 3286 eius
951 3224 1056 3306 cupiet
1070 3223 1178 3286 nimis.
1192 3222 1257 3305 Qui
1275 3223 1371 3286 timet
1389 3222 1585 3295 Dominum,
1596 3220 1652 3303 qui
1670 3220 1788 3282 beatus
1801 3225 1857 3290 est,

503 3326 662 3388 mandata
679 3326 782 3406 ipsius
799 3327 940 3390 libenter
956 3327 1042 3390 iacit.
1062 3329 1099 3390 ln
1119 3327 1285 3390 mandatis
1304 3327 1374 3388 eius
1386 3327 1497 3420 cupiet
1515 3327 1622 3388 nimis.
1639 3324 1763 3388 Videte
1779 3319 1855 3405 quid

501 3427 600 3491 dicat.
618 3429 695 3491 Non
713 3429 811 3506 dixit,
829 3431 989 3494 mandato
1005 3431 1076 3494 eius
1098 3431 1176 3495 iacit
1192 3451 1200 3508 ;
1217 3431 1312 3495 multi
1329 3428 1417 3495 enim
1435 3431 1556 3493 timore
1573 3429 1708 3504 iaciunt,
1727 3438 1760 3489 et
1779 3445 1857 3489 mer·
1875 3441 1900 3491 25

503 3533 619 3595 cedern
632 3551 697 3595 non
712 3532 847 3599 habent.
861 3535 927 3618 Qui
938 3539 1026 3601 enim
1038 3537 1225 3620 gehennam
1242 3537 1347 3612 timet,
1357 3545 1389 3598 et
1406 3543 1581 3618 propterea
1593 3552 1658 3595 non
1674 3530 1859 3602 fornicatur,

504 3637 689 3702 nonhabet
707 3648 836 3704 tantam
856 3644 1052 3718 mercedem,
1069 3651 1228 3724 quantam
1258 3639 1313 3703 ille
1330 3641 1385 3722 qui
1403 3646 1538 3722 propter
1558 3635 1774 3701 dilectionem
1799 3629 1858 3696 Dei

540 3837 549 3873 1
559 3831 747 3893 praenotatum]
755 3835 918 3891 praenotatus
930 3829 953 3878 G
966 3847 972 3886 ;
981 3834 1130 3892 praenotata
1143 3827 1168 3875 S.
1238 3839 1252 3872 2
1265 3825 1416 3886 Βουιιίιηιη]
1430 3823 1471 3872 SG
1485 3823 1543 3871 add.
1553 3820 1723 3884 doxologiam.
1794 3833 1807 3883 3
1820 3820 1860 3864 DE

504 3915 635 3956 PSALMO
648 3909 714 3972 cxl]
728 3911 819 3960 Itidem
831 3911 921 3974 legitur
934 3911 958 3959 in
974 3913 1044 3959 brev.
1059 3911 1106 3958 col.
1125 3921 1186 3971 ¹239
1198 3915 1252 3971 sqq.
1267 3908 1310 3955 sed
1324 3907 1409 3954 multis
1420 3905 1446 3952 in
1460 3905 1508 3954 fine
1520 3913 1614 3962 auctus,
1629 3919 1695 3967 quae
1714 3897 1859 3966 Hieronymi

505 4010 556 4044 non
576 4002 642 4044 sunt.
743 3996 759 4043 6
777 3995 836 4059 qul]
854 3996 889 4043 sic
908 3995 956 4057 qui
974 3993 1039 4050 AB;
1062 3993 1084 4039 se'
1102 3992 1159 4054 quis
1173 3989 1196 4056 β
1298 4002 1313 4049 9
1331 3989 1387 4035 veri
1404 3987 1480 4046 iusti]
1498 3987 1538 4044 C;
1556 3987 1611 4033 vr're'
1627 3985 1691 4033 iusti
1709 3982 1724 4050 β
1742 3994 1766 4034 et
1779 3979 1857 4033 ceteri.

510 4089 539 4126 ιο
549 4077 694 4138 divisimus]
713 4078 856 4126 dincisimrcs
880 4075 923 4142 fib.
1029 4087 1057 4121 12
1075 4073 1219 4136 alfabetr'tesJ
1239 4071 1380 4133 alfabetitus
1393 4069 1412 4118 C
1425 4086 1431 4126 ;
1453 4067 1619 4131 alphabeticus
1632 4064 1648 4131 β
1660 4083 1667 4124 ;
1679 4065 1815 4129 alphabetes
1827 4063 1860 4116 lit

505 4158 609 4223 alfabeto
621 4160 717 4208 necatus
730 4160 750 4208 1.
855 4171 883 4219 13
895 4174 925 4206 ex
938 4156 1061 4216 Atreu]
1073 4171 1103 4203 ca·
1115 4154 1165 4218 aljis
1180 4156 1205 4202 S.
1311 4165 1340 4211 14
1351 4149 1440 4214 crepr'et}
1451 4148 1476 4214 β,
1488 4151 1510 4198 G
1524 4147 1588 4196 inira
1599 4149 1646 4212 (gr.
1657 4143 1787 4208 licinium„
1799 4144 1862 4209 cupit

506 4240 591 4290 ceteri.
695 4251 723 4304 ¹5
735 4240 849 4300 GIMEL]
858 4239 938 4300 ⁴acatal
949 4239 993 4286 cti
1007 4255 1013 4294 ;
1025 4253 1056 4284 ex
1070 4237 1153 4284 Gr'mel
1164 4233 1187 4299 β.
1289 4231 1441 4291 m'cesr'mam]
1453 4231 1615 4278 uicensimam
1628 4230 1655 4287 S,
1671 4229 1690 4276 B
1702 4244 1757 4278 corr
1769 4246 1776 4287 ς
1788 4227 1860 4278 uicin-

506 4323 596 4371 simam
615 4322 638 4372 G
651 4341 658 4382 3
675 4324 820 4385 vigesimam
834 4323 854 4371 C
868 4335 881 4370 2
895 4338 928 4370 m.
941 4338 953 4368 c
965 4329 1097 4384 expuncta.
1202 4315 1230 4364 16
1247 4322 1309 4361 t'HA
1319 4315 1348 4375 tl]
1371 4315 1425 4361 Tau
1443 4313 1472 4362 C.
1575 4323 1607 4374 23
1618 4311 1710 4374 cupiet]
1726 4313 1796 4374 cupit
1815 4307 1860 4359 Bc.

507 4418 522 4451 2
524 4413 538 4467 5
550 4405 648 4466 timaee]
659 4412 683 4454 et
693 4406 782 4454 liutara
795 4403 824 4472 βΙ
838 4423 845 4463 ;
854 4411 956 4468 propter
966 4403 1078 4451 timorem
1093 4401 1120 4448 Β.
1222 4407 1252 4457 27
1261 4403 1362 4460 prepter
1372 4393 1535 4456 dilectionem]
1544 4401 1590 4458 pra
1601 4395 1730 4444 dilectione
1742 4395 1774 4445 G.

554 4579 598 4635 19.
622 4553 793 4636 tc'marem]1
815 4556 858 4614 Io.
876 4577 903 4628 4,
931 4555 974 4610 18.
1214 4545 1334 4616 iaciunt,
1351 4545 1404 4605 sed
1420 4543 1510 4603 timor
1536 4539 1671 4601 facientis
1696 4545 1861 4604 mercedem

553 4657 598 4716 ²5·
622 4639 769 4696 mercedem
803 4657 859 4696 uon
887 4629 1003 4712 babent]
1036 4631 1160 4690 Hieron.
1215 4646 1274 4686 non
1290 4627 1380 4686 habet
1396 4628 1410 4684 ’.

512 4740 608 4800 supra.
635 4739 662 4796 p.
681 4739 707 4796 3.
724 4719 741 4778 l.
761 4738 795 4776 22
818 4715 925 4779 ‘multi
950 4715 1030 4778 enim
1057 4711 1162 4772 timore
