4062 5504
496 397 572 477 118
857 409 885 467 s.
918 409 1172 469 murionum
1204 409 1469 468 rnnsnvrnnr

490 609 665 674 homiuum
693 627 885 671 mensuram
911 608 1100 671 sanctitatis
1125 629 1239 672 eorum
1268 629 1303 671 se
1319 629 1418 673 nosse
1434 607 1583 685 iactabit,
1599 615 1633 672 et
1649 609 1692 672 ad
1709 629 1845 692 compa·

490 713 653 776 rationem
671 711 797 792 gloriae
816 711 980 792 Seraphin
999 712 1128 775 minora
1144 711 1335 789 subsistere,
1352 721 1410 776 aut
1427 713 1645 794 pronuntiare
1661 714 1706 776 de
1723 713 1845 776 caeles-

488 817 587 892 tibus,
603 836 677 878 cum
702 824 834 878 terrena
851 836 916 879 non
935 817 1048 881 norit?
1077 815 1162 899 Quis
1178 817 1266 879 enim
1285 816 1347 880 scit
1363 818 1405 879 ad
1423 816 1602 900 liquidum,
1619 817 1675 900 qui
1691 817 1845 880 homines

489 920 610 1000 quibus
635 919 828 983 hominibus
855 922 1038 983 sanctiores
1066 920 1142 996 sint,
1167 921 1230 982 nisi
1258 920 1343 984 forte
1371 921 1467 984 nobis
1493 919 1638 985 Sanctus
1666 920 1846 986 revelarit?

490 1026 590 1110 Quod
617 1025 775 1106 ignorans
803 1024 979 1107 Origenes,
995 1025 1129 1108 linguae
1148 1046 1229 1089 suae
1243 1047 1310 1090 non
1329 1026 1423 1108 ponit
1440 1027 1590 1092 modum.
1609 1027 1704 1090 Idem
1725 1028 1844 1091 Hieze-
1863 1051 1875 1100 5

488 1129 597 1192 chihel
622 1149 751 1193 rursum
775 1129 966 1193 describens
983 1127 1153 1194 Cherubin
1178 1131 1246 1194 ait:
1265 1131 1331 1193 ‘Et
1348 1130 1455 1212 gloria
1473 1130 1611 1193 Domini
1629 1129 1759 1193 Israhel
1775 1139 1846 1193 erat

489 1255 588 1316 super
615 1253 663 1298 ea.
693 1233 770 1296 Hoc
794 1242 846 1297 est
870 1232 994 1297 animal
1022 1233 1113 1314 quod
1141 1234 1208 1297 vidi
1232 1235 1295 1296 sub
1319 1234 1395 1298 Deo
1421 1233 1547 1297 israhel
1582 1251 1682 1315 super
1708 1233 1844 1297 fluvium

490 1336 646 1402 Chobar:
668 1347 702 1402 et
728 1337 872 1418 cognovi
895 1337 985 1418 quod
1012 1336 1181 1401 Cherubin
1209 1323 1329 1401 essent.
1347 1337 1500 1420 Quatuor
1521 1338 1622 1401 iacies
1638 1338 1705 1414 uni,
1720 1347 1755 1402 et
1769 1347 1847 1401 octo

489 1444 563 1507 alae
578 1447 643 1520 uni,
657 1453 690 1509 et
707 1441 892 1507 similitudo
909 1460 1068 1504 manuum
1086 1440 1259 1504 hominum
1277 1442 1392 1504 subter
1408 1439 1477 1503 alas
1497 1460 1621 1504 eorum.
1641 1441 1738 1504 Haec
1751 1451 1844 1504 erant

489 1548 590 1612 iacies
616 1569 700 1631 quas
725 1547 792 1610 vidi
821 1544 935 1608 subter
960 1543 1101 1625 gloriam
1122 1544 1262 1608 Domini
1283 1545 1380 1608 iuxta
1397 1545 1533 1607 fluvium
1552 1543 1689 1608 Chobar
1701 1565 1710 1618 ;
1726 1563 1842 1606 unum·
1864 1569 1889 1604 ro

488 1651 647 1734 quodque
670 1659 786 1714 contra
814 1651 932 1715 taciem
959 1671 1053 1714 suam
1077 1651 1295 1733 gradiebatur
1311 1650 1327 1716 '.
1344 1651 1447 1715 Esaia
1463 1653 1608 1714 docente
1624 1652 1844 1732 cognovimus

487 1755 577 1837 quod
596 1753 760 1835 Seraphin
778 1773 875 1816 senas
891 1751 1038 1816 habeant
1054 1754 1126 1816 alas
1141 1775 1148 1830 ;
1164 1773 1262 1835 porro
1277 1753 1491 1817 Hiezechihel
1506 1773 1567 1818 uos
1581 1755 1742 1818 instruxit
1754 1755 1842 1836 quod

488 1879 591 1922 unum
619 1858 789 1924 Cherubin
816 1865 996 1939 quaternas
1020 1857 1174 1920 habuerit
1200 1857 1301 1920 iacies
1317 1867 1350 1921 et
1367 1845 1508 1920 octonas
1523 1858 1603 1922 alas.
1621 1857 1658 1923 Si
1675 1858 1753 1921 licet
1770 1878 1842 1938 pro-

487 1963 641 2026 nuntiare
657 1963 699 2027 de
715 1960 906 2037 maioribus,
922 1961 1001 2042 quid
1020 1969 1119 2042 putas
1136 1961 1243 2024 maius
1260 1971 1320 2038 est,
1336 1962 1393 2044 qul
1410 1982 1511 2025 unam
1525 1963 1627 2026 habet
1641 1963 1771 2038 taciem,
1782 1982 1842 2025 sex

486 2065 566 2140 alas,
582 2086 623 2129 an
641 2067 697 2148 qui
715 2077 858 2148 quatuor
874 2065 974 2128 iacies
990 2074 1023 2128 et
1039 2075 1117 2128 octo
1134 2065 1229 2128 alas?
1246 2065 1313 2130 Sed
1331 2066 1374 2129 de
1391 2066 1442 2128 his
1460 2086 1526 2130 non
1545 2065 1654 2129 solum
1671 2066 1842 2148 loqui,sed
1861 2087 1885 2136 ις

486 2178 521 2231 et
543 2171 692 2252 cogitare
713 2170 926 2233 temerarium
944 2179 1003 2246 est,
1020 2168 1213 2249 praesertim
1230 2188 1307 2232 cum
1325 2189 1390 2251 qua
1407 2170 1537 2233 ratione
1553 2171 1616 2252 ipsi
1634 2170 1712 2235 iacti
1736 2172 1841 2234 simus

486 2273 689 2353 ignoramus,
713 2274 847 2337 dicente
875 2272 987 2336 David
1016 2272 1058 2334 de
1082 2270 1180 2336 Deo:
1204 2272 1302 2353 ‘lpse
1325 2273 1420 2336 novit
1442 2271 1641 2352 figmentum
1659 2271 1841 2338 nostrum'

489 2377 638 2460 Utraque
665 2385 781 2441 sancta
810 2384 910 2440 sunt:
936 2377 993 2438 sed
1021 2395 1107 2457 quae
1134 2376 1269 2452 maiora,
1302 2375 1396 2439 Deus
1423 2376 1553 2442 viderit.
1576 2376 1613 2441 Si
1634 2378 1723 2441 enim
1742 2377 1841 2440 maris

476 2489 578 2562 atque
602 2482 813 2558 harenarum,
839 2489 1004 2543 astrorum
1029 2499 1163 2562 quoque
1191 2489 1224 2544 ct
1241 2478 1379 2542 nubium
1401 2480 1627 2563 imbriumque
1649 2501 1838 2544 mensuram

478 2583 563 2646 scire
591 2603 659 2646 non
685 2603 874 2666 possumus,
891 2605 951 2646 nec
977 2593 1085 2648 terrae
1111 2583 1325 2665 protundum,
1341 2604 1401 2646 nec
1426 2583 1540 2666 abyssi
1558 2585 1839 2666 magnitudinem,
1855 2607 1882 2642 ιο

478 2705 538 2750 nec
556 2708 732 2752 numerum
749 2689 926 2755 herbarum
944 2690 1080 2773 quaein
1099 2689 1271 2754 montibus
1280 2691 1408 2772 campis
1421 2690 1632 2773 vallibusque
1648 2699 1839 2754 nascuntur,

477 2810 538 2853 nec
563 2811 629 2872 qua
655 2793 784 2857 ratione
810 2794 872 2874 ipsi
898 2794 1065 2876 compacti
1090 2794 1217 2870 simus;
1240 2814 1298 2856 eur
1313 2815 1352 2856 ea
1380 2814 1468 2875 quae
1483 2796 1654 2858 excedunt
1671 2795 1839 2859 humanae

478 2896 639 2960 scientiae
667 2898 831 2960 modum?
858 2897 969 2960 Tanta
1001 2897 1166 2978 Origenes
1197 2897 1346 2959 desaevit
1377 2896 1528 2972 audacia,
1564 2907 1600 2962 ut
1634 2900 1715 2962 dum
1749 2899 1837 2981 apud

478 3001 640 3081 inperitos
656 3021 809 3084 quosque
825 3012 858 3064 et
874 3001 1044 3082 simplices
1060 3001 1200 3082 gloriam
1214 3000 1344 3082 quaerit
1364 3002 1515 3065 novitate
1534 3001 1719 3078 verborum,
1731 3001 1836 3066 homi-

478 3123 553 3166 nem
571 3124 607 3167 se
623 3125 695 3168 esse
713 3125 779 3168 non
798 3107 935 3169 noverit.
954 3105 1006 3168 De
1025 3105 1179 3168 Iohanne
1195 3105 1349 3184 Baptista
1361 3105 1520 3170 Salvator
1534 3106 1581 3168 ait
1597 3107 1630 3170 in
1641 3106 1838 3188 evangelio:
1853 3123 1879 3174 25

478 3205 590 3288 ‘Quid
619 3207 737 3271 existis
765 3209 797 3271 in
826 3210 996 3272 desertum
1025 3207 1161 3270 videre?
1188 3207 1355 3270 calamum
1380 3217 1480 3270 vento
1507 3209 1654 3290 agitari?
1671 3208 1740 3273 Sed
1758 3209 1836 3291 quid

478 3309 598 3372 existis
615 3311 753 3373 videre?
769 3312 940 3376 hominem
959 3311 1117 3374 mollibus
1133 3310 1318 3374 vestitum?
1343 3311 1431 3374 Ecce
1454 3313 1512 3393 qui
1541 3312 1698 3376 mollibus
1724 3313 1836 3376 vestiti

478 3422 569 3488 sunt,
595 3413 628 3476 in
654 3414 812 3478 domibus
839 3435 956 3497 regum
984 3424 1072 3480 sunt.
1099 3413 1167 3478 Sed
1193 3415 1273 3498 quid
1302 3413 1422 3478 existis
1447 3415 1584 3478 videre?
1611 3415 1836 3498 prophetam?

481 3517 592 3580 Etiam
611 3518 688 3581 dico
704 3518 810 3595 vobis,
825 3527 858 3581 et
887 3518 962 3600 plus
984 3537 1084 3600 quam
1111 3517 1341 3599 prophetam'
1368 3518 1413 3580 Et
1437 3519 1551 3582 statim
1581 3519 1713 3601 iungit:
1740 3521 1835 3584 ‘Non

479 3625 624 3687 surrexit
640 3625 726 3688 inter
743 3634 840 3688 natos
857 3625 1032 3688 mulierum
1052 3627 1156 3688 maior
1174 3623 1326 3687 Iohanne
1344 3623 1526 3704 Baptista.’
1547 3623 1591 3685 Et
1607 3622 1650 3684 de
1669 3623 1733 3686 lob
1749 3624 1835 3687 idem
1852 3644 1879 3695 3⁰

481 3727 650 3790 Dominus
667 3727 834 3810 loquitur:
851 3727 995 3790 ‘Vidisti
1012 3747 1143 3790 servum
1162 3747 1273 3789 meum
1293 3727 1381 3790 lobi
1399 3726 1569 3809 Quoniam
1584 3745 1651 3787 non
1666 3735 1718 3790 est
1730 3726 1835 3808 qualis

479 3830 535 3893 iile
562 3841 832 3911 superterram:
857 3832 959 3894 homo
984 3831 1056 3892 siue
1083 3829 1226 3912 querela,
1251 3833 1358 3894 iustus
1386 3830 1450 3893 Dei
1476 3829 1594 3905 cultor,
1610 3831 1772 3892 recedens
1796 3827 1837 3889 ab

512 4099 526 4151 5
550 4085 662 4146 munt]
684 4085 809 4134 monitum
831 4082 886 4132 sub.
911 4099 960 4132 ras.
986 4083 1015 4133 C.
1116 4081 1132 4131 8
1150 4082 1240 4142 farr'es]
1256 4081 1325 4145 sacis
1346 4081 1376 4131 C.
1475 4087 1525 4130 octo
1536 4081 1604 4142 alae]
1623 4079 1694 4130 iuxta
1704 4097 1743 4147 gr.
1757 4081 1792 4130 uti
1804 4081 1834 4130 cl.

479 4167 575 4220 Amelli
586 4167 718 4219 adnotavit
731 4183 738 4225 ;
749 4173 871 4232 quattuor
880 4164 935 4212 alae
947 4165 1024 4228 Vulg.
1127 4176 1157 4212 10
1170 4163 1235 4223 vidi]
1247 4171 1276 4212 ut
1286 4163 1315 4212 di
1326 4163 1356 4212 C.
1369 4163 1408 4214 Cl.
1419 4179 1495 4227 supra
1506 4175 1561 4227 103,
1576 4173 1613 4225 17.
1702 4161 1836 4224 t4sacierrr]

481 4268 497 4301 α
508 4249 596 4301 inserit
607 4254 638 4298 ei.
742 4248 771 4297 16
781 4247 873 4306 simus]
884 4261 972 4294 sumus
985 4247 1005 4294 C
1022 4259 1031 4294 r
1046 4244 1108 4294 min
1122 4259 1216 4293 rasura.
1318 4257 1349 4292 ao
1359 4243 1453 4306 abyssr]
1462 4243 1540 4292 abissi
1548 4243 1578 4294 C.
1680 4254 1711 4306 23
1720 4242 1836 4304 beavit]

480 4333 569 4398 scripsi
581 4349 589 4392 ;
601 4331 692 4380 desivit
702 4331 751 4380 (ἔα.

525 4541 786 4624 regrediebatur]
804 4545 912 4605 Ezech.
933 4566 976 4618 ro,
997 4564 1092 4621 19-22.
1227 4561 1273 4618 ²9·
1285 4537 1470 4624 prophetam]
1487 4542 1542 4600 Mt.
1564 4559 1609 4614 11,
1627 4557 1684 4617 7·9.

526 4645 569 4703 17.
586 4623 731 4707 nostrum]
750 4627 795 4685 Ps.
816 4645 882 4700 102,
902 4646 945 4699 14.
1226 4643 1274 4702 30.
1290 4619 1444 4706 Baph‘sta]
1460 4623 1541 4688 ibid.
1561 4643 1606 4682 ιι.
