4062 5504
479 341 555 420 ¹42
950 333 1133 392 innomi
1157 334 1350 396 nmscom

474 543 507 596 et
523 543 702 616 angustam
718 533 807 599 viam
823 555 910 617 quae
925 536 1018 600 ducit
1034 535 1076 600 ad
1094 537 1207 602 vitam.
1224 537 1313 602 Nam
1333 538 1435 601 ludas
1454 538 1640 604 Scariothis
1656 537 1751 601 dives
1768 533 1831 598 suit

473 637 516 701 de
532 639 640 719 pretio
655 659 722 721 quo
739 638 910 704 Christum
928 641 1077 716 tradidit,
1092 641 1149 703 sed
1168 641 1201 703 in
1219 660 1358 724 regnum
1374 642 1544 707 caelorum
1563 661 1629 704 non
1649 639 1796 705 intravit.

1071 775 1147 824 CAP.
1163 775 1223 825 XX.

519 879 638 943 Simile
660 891 708 943 est
733 864 869 966 regnum
893 882 1052 945 caelorum
1076 881 1205 946 leontini
1226 863 1482 965 patrifamilias,
1497 883 1557 966 qui
1577 883 1703 964 prodiit
1721 895 1833 964 primo

474 1005 569 1050 mane
596 987 630 1049 in
647 970 920 1068 foro'condncere
945 988 1106 1070 operarios
1131 989 1167 1052 in
1193 989 1326 1054 vincam
1351 1011 1472 1064 suom,·
1494 999 1525 1052 et
1535 989 1661 1070 placuit
1687 987 1740 1050 illi
1760 1003 1863 1056 aenis

474 1091 631 1172 operariis
655 1092 799 1174 singulis
822 1093 971 1156 denariis
995 1092 1135 1156 diurnis.
1159 1093 1207 1156 Et
1230 1115 1377 1176 egressus
1403 1096 1489 1158 circa
1512 1094 1627 1157 horam
1649 1101 1775 1154 sertam
1804 1103 1835 1151 et

475 1215 603 1272 itonam,
618 1206 650 1259 et
665 1196 748 1260 idem
757 1198 849 1278 fecit.
865 1198 972 1261 Sedet
981 1198 1067 1260 circa
1078 1197 1193 1262 horam
1209 1199 1412 1262 undecimam
1430 1217 1578 1281 egressus
1592 1207 1647 1270 est,
1661 1205 1694 1258 et
1708 1193 1836 1258 invenit

474 1299 557 1362 nlios
569 1309 701 1377 stantes,
716 1310 748 1363 ct
761 1301 812 1364 ait
826 1301 915 1364 illis:
935 1300 1028 1379 Qnid
1033 1301 1085 1363 liic
1092 1302 1188 1364 statis
1197 1303 1326 1365 otiosi?
1342 1303 1389 1365 Et
1401 1302 1454 1365 illi
1466 1300 1697 1382 responderunt
1719 1323 1730 1362 :
1745 1298 1834 1377 Quia

466 1424 564 1467 nemo
580 1425 636 1468 nos
650 1405 813 1471 condierit.
824 1405 873 1468 Et
881 1406 932 1468 ait
948 1406 1038 1469 illis:
1053 1407 1103 1469 Ite
1117 1416 1150 1468 et
1164 1427 1218 1469 vos
1234 1406 1268 1468 in
1285 1407 1416 1470 vineam
1432 1425 1546 1469 incarn.
1571 1403 1704 1485 Vespere
1724 1413 1834 1468 autem

466 1507 560 1585 facto
574 1507 662 1571 dixit
675 1509 828 1572 dominus
837 1510 1049 1590 procuratori
1061 1532 1119 1572 sno
1132 1533 1143 1574 .·
1168 1509 1199 1575 V
1196 1531 1250 1574 oca
1265 1511 1438 1592 operarios,
1453 1519 1486 1574 et
1507 1508 1603 1572 redde
1630 1507 1698 1570 illis
1721 1529 1832 1572 merce·
1853 1527 1877 1562 1⁰

474 1609 555 1682 dem,
572 1610 727 1692 incipiens
741 1633 762 1674 a
786 1613 976 1676 novissimis
992 1634 1091 1694 usque
1103 1615 1291 1696 adprimae.
1310 1614 1391 1680 Cum
1407 1635 1482 1696 ergo
1498 1613 1662 1676 venissent
1674 1615 1735 1693 qui
1751 1613 1834 1676 circa

474 1715 587 1778 horam
605 1717 807 1780 condecimam
820 1718 964 1796 fuerant
981 1718 1094 1794 vocati,
1117 1729 1303 1799 acceperunt
1325 1719 1472 1800 singulos
1485 1717 1646 1781 maanes.
1668 1717 1835 1782 Venerunt

473 1830 582 1882 aretem
598 1832 629 1882 et
639 1821 773 1901 priores,
789 1831 953 1902 sperantes
975 1843 1008 1884 se
1034 1821 1176 1903 amplius
1199 1833 1387 1904 accepturos.
1409 1822 1456 1885 Et
1471 1841 1544 1885 curn
1559 1822 1751 1902 accepissent
1765 1821 1830 1885 sia·

468 1925 565 2005 gtclos
578 1925 740 2002 dertnrios,
759 1935 926 2006 coeperunt
947 1947 1157 1990 murmurare
1180 1926 1339 1990 adversus
1357 1925 1641 2008 patremfamilias
1669 1925 1832 1988 dicentes:

465 2029 528 2092 ¹Hi
543 2029 715 2094 novissimi
730 2049 796 2092 una
811 2027 892 2092 liora
907 2029 1032 2110 operati
1044 2040 1130 2106 sunt,
1144 2040 1283 2112 etpares
1304 2030 1376 2093 illos
1397 2027 1489 2092 nobis
1503 2028 1627 2108 fecisti,
1654 2027 1714 2109 qui
1733 2029 1827 2092 susti·
1850 2047 1871 2096 ¹3

476 2134 608 2196 norimus
622 2134 762 2208 laborem
779 2131 878 2196 totins
893 2132 967 2197 diei.

998 2270 1313 2322 INTERPRETATIO.

428 2411 430 2415 ·
521 2375 762 2439 Paterfamilias
780 2375 932 2439 Christus
948 2385 1008 2450 est,
1024 2377 1080 2458 qui
1091 2376 1260 2458 operarios
1275 2377 1443 2447 conducit,
1459 2375 1521 2438 hoc
1537 2384 1598 2451 est,
1620 2376 1676 2457 qui
1693 2376 1825 2441 creden·

474 2488 524 2543 tes
538 2478 675 2560 colligit,
691 2489 726 2542 ut
743 2481 930 2543 mercedem
948 2480 1122 2561 accipiant.
1140 2479 1249 2543 Vinea
1265 2487 1388 2554 autem,
1400 2478 1530 2542 cultura
1542 2479 1627 2559 legis
1640 2491 1701 2546 est.
1716 2481 1826 2544 Dena-

474 2585 541 2646 rius
551 2592 674 2660 autem,
686 2585 754 2646 vita
767 2592 970 2646 aeternaest.
984 2582 1076 2664 Quos
1087 2592 1200 2646 autem
1211 2582 1293 2646 dicit
1309 2585 1351 2646 ad
1368 2582 1485 2646 horam
1503 2584 1647 2664 primam
1662 2597 1826 2667 operatos,
1841 2611 1865 2648 a

473 2689 618 2770 virgines
634 2697 721 2764 sunt,
733 2688 789 2769 qui
802 2708 838 2750 se
850 2687 999 2750 laborem
1012 2697 1045 2750 et
1056 2687 1200 2750 calorem
1223 2687 1330 2750 carnis
1348 2685 1546 2750 sustinuisse
1558 2685 1683 2751 dicunt.
1703 2689 1823 2754 Forum

472 2803 584 2858 autem
614 2794 757 2856 mundns
784 2793 847 2854 iste
875 2791 1079 2874 intelligitur,
1096 2791 1162 2875 Qui
1190 2800 1302 2856 autem
1330 2811 1404 2855 sero
1427 2793 1470 2854 ad
1495 2812 1579 2873 opus
1607 2806 1825 2870 accesserunt,

473 2899 679 2962 abstinentes
695 2907 783 2961 sunt.
800 2896 900 2978 Quod
917 2907 1030 2960 autem
1048 2897 1139 2971 dicit,
1154 2896 1306 2979 Vespera
1323 2896 1511 2960 mercedem
1530 2909 1742 2978 acceperunt,
1765 2899 1825 2964 hoc

473 3013 534 3079 est,
550 3002 639 3085 quod
652 3002 685 3064 in
699 2999 845 3064 adventu
855 2999 979 3065 Christi
991 3001 1150 3082 recipient
1164 3001 1247 3064 casti
1266 3001 1453 3064 mercedem
1467 2999 1501 3082 [i.
1523 3018 1533 3062 1
1545 3000 1613 3082 get]
1633 3001 1757 3068 laboris
1770 3003 1825 3068 sui.

1062 3135 1275 3185 cneorxxr.
1842 3151 1864 3200 ‚5

516 3244 564 3307 Et
578 3242 786 3306 adduxerant
799 3242 913 3304 asinae
923 3240 1059 3323 pullum,
1071 3252 1103 3304 et
1112 3240 1198 3304 sedit
1206 3253 1303 3323 super
1311 3262 1394 3318 eum,
1402 3251 1433 3304 et
1440 3241 1627 3323 deponentes
1636 3243 1824 3306 uestimento

471 3369 532 3412 sua
560 3349 594 3410 in
621 3347 687 3422 nin,
713 3344 776 3408 alii
798 3355 907 3408 autern
932 3344 1105 3409 caedebant
1121 3365 1230 3408 rarnos
1255 3347 1294 3408 de
1311 3344 1482 3410 arboribus
1496 3356 1528 3410 et
1539 3347 1740 3428 proiciebant
1753 3358 1827 3412 ante

471 3475 544 3519 eum
562 3453 701 3518 di'centes
714 3475 725 3514 .·
744 3451 878 3516 Osanna
885 3450 964 3533 filio
980 3449 1101 3513 David.

994 3583 1309 3633 INTERPRE'l'ATlO.

514 3697 643 3762 Asinae
669 3715 769 3777 quem
798 3691 879 3756 dicit
907 3691 1045 3772 pullum,
1062 3692 1221 3774 populum
1248 3691 1416 3756 novellum
1442 3692 1660 3768 demonstrat,
1684 3693 1747 3754 hoc
1777 3702 1862 3763 esto
1962 3719 1963 3728 ¹

472 3812 633 3878 nostrum,
643 3801 698 3882 qui
710 3810 742 3863 et
754 3796 965 3881 praesepium
978 3796 1106 3860 domini
1123 3797 1172 3858 sui
1183 3797 1351 3877 cognovit,
1364 3796 1427 3860 hoc
1439 3807 1490 3860 est
1505 3795 1619 3872 altare,
1630 3797 1686 3859 ubi
1699 3798 1819 3861 cibaria

470 3902 786 3987 colligimusTurba
795 3909 1015 3983 autemquam
1028 3900 1109 3964 dicit
1123 3900 1323 3966 vestimenta
1335 3919 1395 3963 sua
1406 3901 1662 3978 iactantem,hoc
1672 3901 1821 3983 estquod

470 4009 676 4075 credentium
705 4005 885 4070 multitudo
910 4012 1056 4069 veterem
1073 4004 1245 4068 hominem
1262 4005 1438 4086 expolians
1455 4024 1491 4066 se
1505 4004 1654 4086 proiciet.
1679 4005 1823 4069 Arbores

506 4191 514 4227 1
529 4176 679 4238 Scariotliis]
692 4175 714 4226 G
727 4194 734 4235 ;
748 4176 878 4226 Iscariotcs
891 4192 918 4238 μ.
1031 4187 1062 4233 24
1080 4175 1153 4236 costi]
1176 4193 1194 4238 μ
1207 4193 1213 4232 ;
1234 4191 1262 4224 co
1274 4176 1320 4224 isti
1329 4175 1360 4225 G.
1467 4187 1499 4238 30
1510 4175 1617 4236 Asinae]
1630 4193 1649 4238 μ
1661 4193 1667 4234 3
1685 4177 1783 4225 Asinus
1793 4175 1821 4224 G.

474 4273 504 4322 32
517 4255 662 4316 iactantem]
673 4259 760 4322 scripsi
773 4277 779 4318 ;
793 4259 931 4307 iactantem
944 4258 964 4306 G
978 4275 985 4316 ;
998 4259 1117 4306 iactantes
1138 4273 1164 4320 μ.

516 4431 538 4469 1.
556 4411 599 4469 od
609 4407 715 4491 octoni]
732 4411 776 4471 Ci.
795 4411 850 4468 Mt.
870 4427 895 4483 7,
916 4429 959 4480 14.
1219 4428 1266 4483 31.
1283 4405 1423 4487 cognovit]
1439 4408 1485 4468 Cf.
1503 4410 1543 4467 Is.
1564 4427 1588 4480 1,
1606 4427 1630 4483 3.

515 4495 558 4551 16.
575 4489 647 4571 diei]
665 4494 721 4550 Mt.
739 4513 785 4563 20,
806 4511 879 4549 1·12.
1218 4509 1265 4566 33.
1282 4486 1445 4570 expolians]
1462 4491 1506 4550 cf.
1524 4491 1641 4551 Coloss.
1658 4509 1685 4566 3,
1699 4510 1725 4565 9.

516 4578 560 4636 28.
578 4569 698 4660 Dauid]
715 4576 772 4633 Mt.
789 4593 835 4646 αι,
855 4589 869 4648 7
885 4589 949 4650 sqq.

1836 5441 1905 5470 ⁴-A

1915 5405 1963 5480 ‘i
