4062 5504
618 403 861 462 EMENDATA
884 403 939 464 Er
960 403 1114 464 aucta.
1475 411 1554 493 ¹99

223 751 338 800 Alterum
356 749 407 799 ism
426 750 575 814 opusculum
593 749 763 799 exhibendum
781 757 828 808 est,
845 749 985 813 symbolum
1004 749 1062 799 fidei
1081 749 1212 810 tnedttum,
1226 751 1297 816 quod
1313 749 1417 816 quidem
1430 759 1455 801 et
1471 749 1554 815 ipsum

191 832 224 882 D.
242 831 391 896 Hieronymi
402 832 505 882 nomine
516 832 665 897 inscriptum
677 832 738 881 milri
749 832 858 882 occurrit
869 831 895 880 in
907 841 1025 896 quattuor
1037 831 1106 882 libris
1117 849 1187 898 seqq.

388 931 416 980 M
436 951 459 974 =
479 931 535 981 cod.
550 931 577 981 S.
593 929 768 982 Michaelisad
783 931 882 980 Mosam
895 929 935 988 28,
948 929 992 979 iol
1010 937 1075 994 143'‚
1089 947 1154 982 saec.
1171 933 1219 986 IX:

388 1014 412 1064 Ο
437 1035 459 1058 =
479 1011 534 1062 cod.
550 1013 633 1062 Oxou.
651 1013 723 1062 Bodl.
742 1024 795 1074 147,
810 1013 851 1061 iol.
867 1012 908 1073 78,
921 1028 985 1062 saec.
1001 1013 1063 1062 XII.

387 1096 409 1146 C
435 1119 458 1141 =
478 1095 534 1146 cod.
549 1095 649 1159 Colleg.
663 1095 780 1145 Trinitat.
795 1094 939 1159 Cantabrig.
954 1095 986 1144 Ο.
1001 1106 1025 1158 5.
1040 1108 1074 1159 5.,
1088 1096 1131 1146 iol.
1145 1097 1187 1158 96,
1199 1112 1265 1147 saec.
1279 1097 1336 1146 XV.

388 1177 411 1226 L
433 1201 456 1224 =
476 1176 532 1227 cod.
548 1175 657 1226 Londin.
674 1177 771 1226 Musaei
785 1177 845 1226 Brit.
863 1177 924 1240 Reg.
938 1177 962 1226 6.
978 1177 1006 1226 B.
1021 1177 1100 1237 XIII,
1113 1177 1156 1228 sol.
1173 1191 1227 1238 roo,
1240 1193 1304 1228 suec.
1319 1177 1382 1227 XII.

225 1277 257 1326 In
274 1275 378 1340 singulis
395 1291 469 1340 porro
486 1274 616 1325 codicibus
632 1275 699 1324 istud
715 1275 857 1339 symbolum
873 1273 965 1324 libellis
983 1274 1226 1326 PseudoAtImnasii
1243 1277 1283 1326 De
1300 1277 1400 1326 ueritate
1415 1275 1557 1326 Trinitatis

190 1359 293 1422 (Migne
314 1357 341 1407 P.
363 1356 392 1406 L.
410 1356 452 1416 62,
471 1367 520 1419 237
536 1360 607 1421 sqq.)
623 1365 648 1406 et
665 1357 838 1406 Solutionibus
853 1357 1015 1406 abactionem
1033 1359 1210 1408 Atrianorum
1226 1357 1386 1408 subiunctum
1402 1365 1458 1416 ests
1474 1356 1557 1422 ipsum

189 1455 251 1490 vero
262 1438 355 1504 excipit
371 1438 422 1488 alia
432 1438 549 1497 formula,
562 1453 627 1502 quae
643 1438 719 1502 vulgo
735 1439 878 1503 appellatur
895 1438 999 1488 Damasi
1015 1439 1166 1503 symbolum,
1185 1439 1226 1490 hic
1242 1448 1326 1492 autem
1342 1437 1557 1504 quemadmodum

189 1523 218 1572 in
233 1521 322 1572 ceteris
338 1521 389 1570 tere
404 1520 585 1586 antiquissimis
600 1519 770 1589 voluminibus
789 1519 991 1579 mussitatis.
1008 1521 1168 1586 Hieronymi)
1182 1535 1218 1572 os
1232 1534 1298 1572 rros
1311 1535 1388 1572 arun
1401 1533 1556 1570 assatura

190 1603 336 1654 inscribitur
346 1603 397 1663 (Cf.
413 1603 490 1661 Burn,
505 1604 513 1628 ‘
526 1604 567 1652 An
579 1601 750 1652 introduction
762 1611 789 1652 to
800 1605 844 1653 the
856 1603 951 1653 Creeds
962 1601 969 1626 '
982 1618 1007 1668 p.
1022 1617 1070 1666 244
1080 1607 1133 1669 sq.)

226 1685 287 1734 Non
298 1683 359 1734 mihi
372 1683 464 1734 fiducia
474 1691 520 1742 est,
534 1692 561 1734 ut
573 1685 724 1734 contendam
736 1683 880 1734 huiusmodi
895 1684 1099 1750 scriptiunculam
1108 1685 1174 1736 inter
1181 1685 1291 1750 genuina
1304 1685 1389 1750 magni
1406 1685 1558 1750 Hieronymi

190 1783 271 1832 opera
289 1766 374 1816 statim
394 1765 592 1832 computandam
612 1783 675 1825 esse,
697 1765 756 1816 licet
773 1767 800 1816 S.
820 1767 893 1816 Pater
901 1767 968 1830 fidei
981 1783 997 1816 a
1013 1782 1039 1816 se
1056 1769 1207 1832 conscriptae
1222 1784 1253 1835 ac
1269 1775 1353 1817 sancto
1373 1769 1471 1832 Cyrilio
1486 1769 1559 1817 datae

191 1849 293 1900 disertis
308 1847 391 1898 verbis
406 1847 545 1913 aliquando
562 1847 704 1898 meminerit
722 1847 815 1912 (Epist.
837 1858 874 1909 17,
893 1864 917 1898 n.
937 1851 976 1908 4);
996 1856 1022 1896 at
1039 1857 1105 1898 certe
1122 1849 1226 1914 antiqua
1241 1857 1289 1908 est,
1307 1866 1390 1915 neque
1408 1849 1559 1916 Hieronymi

191 1941 284 1993 aetate,
297 1940 325 1982 ut
337 1939 407 1997 puto,
421 1930 530 1980 inferior.
548 1931 614 1980 Miro
630 1930 741 1995 quodam
753 1931 830 1982 modo
841 1931 915 1981 simul
927 1931 953 1980 in
970 1945 1000 1980 ea
1011 1939 1166 1996 comparent,
1179 1947 1243 1996 quae
1260 1933 1380 1997 symbolis
1392 1933 1559 1984 Orientalium

194 2013 430 2078 Hierosolymitauo
442 2012 575 2078 praecipue
587 2013 689 2078 propria
700 2027 754 2062 esse
766 2012 923 2070 videbantur,
936 2023 961 2063 et
978 2029 1044 2077 quae
1054 2012 1268 2073 occidentalium
1285 2014 1351 2065 inter
1360 2031 1426 2081 quae
1437 2015 1561 2067 nonnulla

193 2115 253 2150 cum
265 2097 377 2148 formulis
389 2098 500 2147 Damaso
511 2096 643 2162 adscriptis
654 2097 758 2147 omnino
769 2095 931 2155 conveniunt,
945 2097 1066 2146 nonnulla
1082 2113 1141 2147 vero
1156 2097 1203 2146 etsi
1219 2098 1245 2148 in
1260 2098 1331 2148 nullo
1341 2097 1393 2148 alio
1403 2099 1473 2164 quod
1483 2098 1559 2150 sciam

194 2180 312 2247 symbolo
328 2180 494 2245 reperiuntur,
508 2187 593 2229 tamen
609 2196 626 2228 a
636 2180 667 2230 cl.
687 2179 750 2244 proi.
765 2179 814 2228 Ad.
832 2179 952 2228 Hamack
969 2179 1069 2239 (Habn,
1088 2179 1233 2230 Bibliothelr
1251 2179 1296 2230 der
1312 2180 1443 2246 Symbole,
1460 2189 1487 2245 3·
1496 2180 1558 2232 edit.

195 2280 241 2331 pp.
266 2263 314 2326 364
334 2264 404 2327 sqq.)
433 2262 501 2312 velut
523 2261 703 2311 remotissimae
731 2277 761 2310 ac
783 2261 893 2310 maxime
915 2261 1071 2311 venerandae
1093 2261 1242 2312 christianae
1271 2262 1427 2327 antiquitatis
1452 2262 1562 2328 insignia

195 2344 347 2395 indicantur.
362 2343 458 2393 Notare
469 2343 496 2392 in
509 2342 595 2408 primis
606 2343 674 2392 iuvat
686 2342 762 2392 verba
776 2342 822 2392 sut
839 2343 937 2392 Herode
953 2359 1037 2406 rege...
1056 2344 1163 2392 caleavit
1176 2344 1291 2393 aculeum
1307 2345 1425 2394 mortis...
1440 2346 1563 2410 apparuit

196 2426 322 2490 apostolis,
340 2425 450 2489 itemque
467 2433 595 2487 conceptus
610 2434 646 2474 ert
662 2425 692 2474 ds
707 2426 812 2489 Spiritu
828 2433 921 2484 saneto,
935 2433 1012 2474 natur
1027 2441 1059 2473 ex
1076 2424 1166 2475 Maria
1181 2427 1283 2489 virgine
1298 2433 1324 2476 et
1341 2431 1484 2476 sanctarum
1499 2441 1561 2476 conr·

197 2510 353 2557 munionem.
368 2505 562 2557 Animadvertes
573 2507 649 2557 etiam
662 2506 786 2557 decimum
798 2507 930 2556 articmum
940 2506 1038 2556 inverso
1045 2507 1133 2557 ordine
1140 2523 1196 2557 cum
1205 2507 1338 2558 undecimo
1347 2524 1560 2568 esseconnesum,

199 2591 278 2640 Credo
289 2590 460 2638 remissionem
470 2596 625 2654 peecatorum
637 2591 666 2638 ira
677 2599 765 2638 sancta
774 2589 874 2638 ecclesia
882 2589 1011 2647 catholica,
1020 2597 1069 2638 etc.
1077 2589 1126 2653 Qui
1139 2589 1210 2655 plura
1222 2589 1284 2640 scire
1295 2590 1411 2650 voluerit,
1421 2591 1488 2655 legat
1498 2605 1563 2655 quac

197 2671 231 2722 de
250 2672 328 2722 hocce
344 2672 465 2736 opusculo
480 2671 595 2735 proxime
613 2679 827 2722 commentaturus
845 2668 939 2720 samin
953 2670 1140 2735 ‘Ephemeride
1152 2671 1332 2721 Benedictina’
1349 2687 1436 2722 meuse
1447 2671 1561 2722 bouario

197 2770 221 2804 a.
237 2765 409 2804 reocccctttt.

633 2918 849 2993 INCIPIT
882 2918 956 2991 DE
988 2916 1125 2990 FIDE

387 3035 595 3110 SANCTI
630 3035 964 3111 HIERONYMI
1000 3034 1366 3108 PRESBYTERI.

245 3204 356 3270 Credo
372 3207 404 3267 in
422 3225 525 3268 unum
544 3204 656 3268 Deum
682 3205 817 3267 Patrem
843 3205 1124 3285 omnipotentem,
1147 3204 1327 3267 visibilium
1354 3212 1387 3267 et
1412 3203 1563 3267 invisibi-

202 3311 282 3373 lium
312 3309 484 3374 lactorem.
501 3307 613 3372 Credo
641 3311 794 3372 inunum
814 3308 999 3371 Dominum
1022 3308 1132 3370 lesum
1150 3307 1324 3372 Christum
1343 3308 1467 3371 Filium
1486 3307 1562 3384 Dei,

170 3424 319 3500 5natum
347 3413 390 3475 de
418 3413 503 3488 Deo,
529 3412 640 3475 Deum
669 3413 712 3474 de
739 3413 822 3488 Deo,
850 3413 962 3474 lumen
991 3412 1035 3474 de
1062 3411 1198 3488 lumine,
1224 3413 1494 3495 omnipotentem
1521 3412 1563 3475 de

202 3518 447 3600 omnipotente,
464 3515 576 3579 Deum
594 3536 709 3579 verum
727 3517 769 3578 de
782 3517 856 3578 Deo
869 3536 957 3590 vero,
968 3525 1084 3578 natum
1099 3524 1177 3578 ante
1187 3515 1331 3590 saecula,
1344 3535 1412 3578 non
1427 3513 1564 3591 facturn,

204 3639 377 3704 perquem
395 3619 484 3682 iacta
500 3628 578 3681 sunt
595 3619 711 3682 omnia
739 3619 887 3681 incaelo
914 3627 948 3681 et
976 3619 1008 3681 in
1035 3628 1131 3682 terra.
1157 3617 1224 3698 Qui
1251 3626 1388 3700 propter
1413 3627 1562 3683 nostram

203 3726 347 3789 salutern
376 3722 552 3787 descendit
578 3721 621 3785 de
648 3723 751 3798 caelo,
768 3733 953 3804 conceptus
977 3731 1030 3785 est
1054 3723 1096 3786 de
1113 3721 1241 3804 Spiritu
1259 3731 1387 3794 sancto,
1404 3730 1503 3786 natus
1520 3741 1563 3784 ex

206 3829 312 3892 Maria
329 3828 468 3910 virgine,
484 3846 604 3908 passus
621 3835 672 3890 est
690 3827 847 3908 passione
864 3827 926 3891 sub
944 3825 1066 3890 Pontio
1084 3825 1202 3902 Pilato,
1218 3824 1282 3887 sub
1310 3825 1449 3888 Herode
1477 3843 1565 3906 rege,

156 3971 185 4006 ,ο
203 3929 393 4007 crucifixus,
409 3930 572 4012 sepultus,
588 3931 764 3994 descendit
782 3932 824 3995 ad
842 3931 981 4007 inferna,
997 3929 1141 3993 calcavit
1157 3928 1311 3992 aculeum
1330 3931 1456 4006 mortis,
1465 3929 1564 3992 tertia

203 4036 257 4100 die
274 4034 469 4112 resurrexit,
484 4035 642 4116 apparuit
658 4035 830 4117 apostolis.
849 4036 928 4098 Post
945 4036 1026 4097 haec
1043 4032 1195 4096 ascendit
1213 4032 1255 4096 ad
1273 4032 1394 4111 caelos,
1410 4032 1506 4096 sedet
1521 4033 1564 4095 ad

204 4141 381 4204 dexteram
403 4138 467 4201 Dei
494 4139 612 4215 Patris,
627 4139 706 4200 inde
723 4148 884 4202 venturus
902 4139 1047 4202 iudicare
1064 4139 1157 4200 vivos
1173 4146 1207 4199 et
1224 4146 1386 4202 mortuos.
1403 4137 1515 4202 Credo
1531 4146 1564 4199 et

238 4376 258 4411 1.
282 4362 355 4411 Haec
372 4358 502 4424 inscriptio
514 4357 606 4422 legitur
617 4357 642 4406 in
654 4356 730 4407 codd.
745 4357 824 4407 MOL
836 4375 843 4414 ;
865 4357 938 4406 aliter
951 4356 972 4406 C
983 4373 989 4404 :
1013 4357 1088 4406 Fides
1099 4356 1166 4407 beati
1175 4357 1319 4406 lieronimi
1330 4355 1366 4403 ad
1376 4354 1561 4417 Augustinune.

205 4457 226 4507 5.
241 4445 325 4493 Deum
344 4442 373 4490 de
391 4440 456 4502 Deo]
468 4441 516 4490 uisi
528 4441 608 4498 fallor,
622 4455 671 4489 om.
688 4441 724 4489 M.
826 4439 848 4488 8.
863 4438 1047 4502 concepturam]
1061 4439 1150 4489 Mom.
1164 4453 1199 4488 est
1297 4451 1320 4499 9.
1331 4431 1519 4501 perstandum.
1533 4437 1563 4486 C.

202 4526 248 4573 sub
269 4524 365 4573 Herode
382 4523 447 4586 rege]
469 4538 525 4572 cum
549 4521 687 4586 cnrcr'ſsxus
707 4529 859 4571 connectunt
878 4520 958 4570 OCL.
1063 4532 1099 4568 rt.
1125 4518 1277 4581 resurrexit]
1301 4518 1401 4568 Ladd.
1424 4534 1440 4566 a
1460 4525 1568 4567 mortuis

204 4607 278 4668 sedet]
289 4607 355 4656 sedit
367 4607 404 4654 Μ.
