4154 5494
479 424 555 508 174
858 425 886 486 S.
913 423 1164 486 HIERONYMI
1189 420 1451 486 PRESBYTERI

472 643 728 707 animadvertite
738 643 817 726 quid
830 643 925 707 dicit:
940 643 1153 707 Peccavimus
1162 663 1238 707 curn
1252 645 1401 726 patribus
1413 647 1542 722 nostris,
1554 645 1676 710 iniuste
1688 646 1827 728 egimus,

472 749 681 832 iniquitatem
699 746 845 812 fecimus.
858 748 1031 830 Numquid
1045 749 1143 825 dixit,
1156 749 1256 831 impie
1268 750 1423 831 egimus?
1439 749 1543 814 Aliud
1554 759 1605 813 est
1618 745 1827 832 peccatorem

472 873 543 916 esse
560 863 592 918 et
606 853 775 931 iniustum,
790 851 880 916 aliud
902 863 952 918 est
974 853 1124 936 impium.
1145 855 1303 918 Peccator
1323 853 1510 937 frequenter
1530 854 1672 918 vincitur
1690 853 1827 918 infirmi-

359 1011 363 1018 .
472 966 541 1021 tate
562 959 723 1040 corporis:
745 960 866 1041 impius
887 968 998 1024 autern
1024 968 1124 1041 negat
1149 958 1269 1024 Deum.
1290 959 1468 1042 Propterea
1488 979 1568 1042 ergo
1586 959 1744 1043 quoniam
1763 979 1828 1042 ego

473 1081 538 1126 non
554 1081 629 1128 sum
648 1063 779 1146 impius,
794 1069 851 1131 scd
870 1075 1032 1150 peccator,
1049 1075 1224 1148 propterea
1240 1065 1348 1128 audeo
1365 1085 1480 1147 rogare
1497 1085 1557 1147 pro
1574 1064 1719 1147 peccatis
1737 1063 1825 1128 meis.
1864 1073 1878 1128 5

517 1167 635 1232 Patres
651 1169 757 1234 nostri
776 1169 811 1234 r'n
831 1171 974 1253 Aegypto
998 1191 1060 1234 non
1076 1169 1301 1234 intellexerunt
1321 1169 1490 1234 mirabilia
1509 1180 1576 1234 tuo.
1598 1169 1773 1246 Viderunt,
1793 1179 1827 1232 et

473 1293 539 1337 non
570 1274 737 1339 viderunt:
759 1275 914 1340 viderunt
936 1274 1123 1340 carnalibus
1149 1275 1263 1351 oculis,
1282 1284 1315 1339 et
1338 1273 1541 1358 spiritalibus
1562 1276 1666 1338 oculis
1690 1289 1757 1338 non
1779 1273 1827 1337 vi-

471 1377 599 1443 derunt.
617 1379 695 1444 Non
717 1380 814 1458 dixit,
833 1400 898 1444 non
918 1381 1085 1445 viderunt:
1104 1379 1172 1457 sed,
1193 1399 1259 1443 non
1285 1378 1529 1446 intellexerunt.
1553 1379 1648 1446 Sicut
1669 1380 1759 1444 enim
1780 1377 1826 1442 illi

435 1513 441 1523 ·
471 1483 625 1548 viderunt
643 1482 814 1562 mirabilia,
830 1495 863 1552 et
880 1504 945 1548 non
964 1483 1215 1548 intellexerunt:
1230 1483 1278 1546 sic
1298 1484 1380 1548 etin
1398 1485 1580 1568 evangelio,
1596 1484 1622 1548 si
1645 1486 1720 1568 quis
1738 1485 1827 1548 videt

471 1587 606 1670 quidem
624 1598 657 1653 et
676 1589 770 1654 audit
786 1589 970 1668 carnaliter,
987 1587 1179 1672 spiritaliter
1203 1597 1315 1653 autem
1333 1607 1399 1653 non
1419 1588 1626 1670 intellegens,
1643 1609 1708 1663 non
1726 1587 1827 1652 videt.
1852 1599 1882 1636 ¹0

473 1691 568 1755 Beati
580 1712 660 1774 ergo
670 1713 784 1757 sumus
796 1714 856 1758 nos
866 1693 922 1776 qui
935 1714 1000 1758 non
1011 1693 1155 1758 vidimus
1165 1701 1198 1757 et
1210 1692 1420 1769 credidimus,
1429 1711 1530 1774 quarn
1545 1691 1591 1754 illi
1604 1691 1661 1774 qui
1674 1693 1828 1757 viderunt

472 1804 505 1860 et
522 1815 588 1860 non
605 1797 822 1863 crediderunt.
842 1799 893 1862 Illi
911 1799 1071 1864 videbant
1087 1798 1239 1864 Rubrum
1263 1817 1361 1874 mare,
1376 1795 1535 1861 videbant
1553 1796 1737 1860 Faraonem
1754 1797 1830 1861 sub-

473 1921 628 1979 mersum,
643 1912 675 1966 et
688 1903 751 1967 hoc
763 1903 870 1970 solum
883 1901 1121 1987 intellegebant
1134 1903 1224 1985 quod
1238 1902 1407 1966 videbant.
1421 1899 1493 1964 Nos
1506 1920 1592 1980 vero,
1604 1901 1660 1984 qui
1674 1921 1739 1966 non
1753 1921 1827 1966 cum

472 2005 623 2084 vidimus,
655 2005 773 2071 melius
803 2009 1035 2092 intellegimus.
1071 2007 1107 2070 ln
1142 2007 1293 2071 Faraone
1326 2004 1550 2088 intellegimus
1584 2005 1766 2084 diabolum,
1796 2006 1828 2069 in

472 2111 621 2176 exercitu
637 2112 707 2176 eius
725 2109 949 2195 intellegimus
961 2115 1152 2190 daemones,
1163 2111 1195 2174 in
1208 2131 1299 2174 mare
1314 2108 1538 2192 intellegimus
1550 2110 1764 2194 baptismum.
1778 2110 1830 2174 Illi
1854 2123 1882 2176 ¹5

471 2214 668 2298 intellegunt
684 2217 821 2282 Mirram
836 2238 966 2281 amaras
978 2237 1093 2300 aquas,
1106 2227 1139 2281 et
1154 2224 1328 2280 transeunt
1343 2213 1480 2278 Mirram
1492 2237 1498 2276 :
1511 2234 1572 2278 nos
1584 2224 1696 2278 autem
1710 2216 1832 2279 cotidie

470 2320 621 2384 videmus
652 2320 856 2403 baptismum
888 2323 1129 2386 haereticorum
1156 2341 1229 2384 esse
1258 2339 1391 2382 amaras
1418 2339 1531 2400 aquas.
1562 2318 1613 2382 illi
1644 2329 1830 2402 serpentem

471 2443 604 2486 aereum
615 2425 823 2506 suspendunt
836 2425 868 2488 in
880 2426 1021 2490 deserto.
1032 2425 1184 2488 Audiant
1196 2422 1419 2500 anachoritae,
1433 2423 1572 2487 audiant
1585 2423 1684 2506 quiin
1697 2426 1832 2490 heremo

472 2527 634 2592 habitant.
660 2529 732 2592 Nos
759 2549 837 2592 vero
863 2531 943 2612 quid
969 2528 1131 2592 lecimus?
1159 2528 1284 2592 Verum
1314 2536 1347 2591 et
1374 2528 1550 2610 antiquum
1579 2541 1766 2611 serpentem
1799 2529 1830 2594 in

472 2631 609 2696 heremo
624 2633 865 2713 suspendimus.
885 2635 979 2698 Licet
995 2634 1166 2716 apostolus
1183 2633 1246 2696 hoc
1263 2633 1294 2695 in
1321 2631 1508 2695 Dominum
1527 2651 1591 2694 non
1609 2631 1656 2695 ita
1673 2633 1829 2715 interpre-
1851 2649 1882 2687 20

472 2747 563 2802 tatur
578 2747 614 2802 ut
626 2747 792 2820 putamus.
810 2738 876 2804 Sed
891 2736 970 2820 quid
987 2737 1086 2801 dicit?
1105 2737 1142 2800 ln
1158 2755 1254 2801 cruce
1268 2735 1406 2800 Domini
1419 2734 1575 2800 diabolus
1590 2755 1770 2819 suspensus
1783 2747 1833 2802 est

473 2849 506 2902 et
522 2839 656 2903 adfixus
668 2849 726 2905 est.
744 2840 910 2905 Dominus
926 2842 1061 2925 quidem
1079 2840 1257 2905 crucifixus
1278 2849 1336 2914 est,
1352 2838 1410 2901 sed
1437 2839 1591 2905 diabolus
1609 2852 1760 2906 mortuus
1774 2852 1833 2907 est.

477 2942 542 3004 Hic
558 2942 725 3025 conplevit
742 2947 947 3028 mysterium,
959 2955 992 3009 et
1008 2945 1115 3009 victor
1126 2943 1294 3027 apparuit:
1310 2941 1365 3006 ille
1381 2952 1494 3007 autem
1512 2965 1577 3009 non
1595 2947 1758 3028 apparuit,
1774 2949 1829 3012 sed

448 3091 449 3094 η
474 3044 664 3126 spiritaliter
681 3048 872 3113 interiectus
888 3060 947 3125 est,
962 3048 1249 3133 quemadmodum
1262 3056 1296 3111 et
1312 3045 1485 3129 apostolus
1501 3047 1674 3130 significat.

906 3304 1001 3388 ,DE
1035 3305 1258 3383 PSALMO
1287 3309 1389 3390 CVI.
1851 3344 1879 3396 ες

519 3531 728 3616 Confitemr'm'
744 3537 883 3602 Domino
902 3541 1056 3621 quoniam
1072 3539 1180 3622 bonus,
1203 3546 1357 3626 quom'am
1375 3547 1410 3610 in
1425 3546 1587 3612 saeculum
1611 3542 1832 3610 misericordia

473 3633 549 3699 rius.
584 3637 664 3702 ldeo
694 3640 897 3706 confitemini
923 3643 953 3707 ei
985 3657 1122 3727 peccata
1152 3658 1271 3726 vestra,
1297 3650 1376 3733 quia
1408 3652 1515 3716 bonus
1545 3658 1606 3725 est,
1630 3660 1664 3713 et
1694 3657 1831 3730 peccata

509 3807 784 3875 tqur'quuodCsup.
800 3813 843 3862 lin.
943 3815 1017 3877 dicit]
1027 3816 1094 3866 dr'cot
1107 3815 1131 3884 β
1233 3817 1304 3882 3est]
1315 3837 1365 3871 om.
1381 3819 1614 3890 ΑῦςβεῑΡειψ.
1628 3821 1672 3871 lio.
1686 3820 1761 3870 inser.
1775 3836 1829 3870 erse.

474 3886 489 3936 8
501 3889 573 3937 Sicut
583 3891 651 3939 enim
663 3889 713 3952 etc]
726 3889 741 3960 β
753 3893 837 3944 delicit
850 3897 970 3959 usquead
981 3897 1055 3948 linem
1069 3909 1197 3952 tractatus.
1302 3913 1331 3951 10
1341 3905 1436 3968 orclem]
1447 3921 1497 3953 orn.
1516 3905 1544 3953 L.
1649 3915 1674 3952 11
1689 3919 1766 3967 quam
1778 3901 1832 3962 illi]

473 3985 549 4033 quam
562 3973 612 4020 alii
622 3973 654 4022 G.
759 3976 832 4036 14Irr
846 3977 969 4040 Faraom]
988 3980 1016 4028 r'rr
1038 3981 1194 4031 Pharaonem
1208 3983 1246 4033 PS
1258 4001 1266 4042 ;
1287 3983 1442 4034 Pharaonem
1462 3984 1557 4044 Clom.
1573 3985 1621 4045 r'n).
1726 3995 1754 4047 15
1774 3983 1831 4044 Illi]

473 4068 523 4103 orn.
538 4055 579 4104 C:
599 4055 664 4104 alr'br'
673 4055 705 4105 G.
810 4058 839 4107 16
850 4057 1009 4125 intellegunt]
1028 4063 1208 4113 intellexerunt
1228 4065 1289 4125 CP;
1310 4065 1478 4129 intellegimus
1498 4067 1530 4117 G.
1631 4064 1756 4127 Mirram]
1775 4065 1831 4122 BP;

474 4151 586 4199 rrryrranr
600 4137 673 4187 CSG.
767 4141 862 4203 aretem]
874 4157 923 4193 om.
937 4144 969 4194 G.
1065 4144 1578 4208 t8arreum1hoereumAcorrclrereurrr
1592 4148 1635 4198 BC
1647 4147 1829 4206 ;amerrmSG.

477 4219 919 4288 ¹9qut'dserr'mu51qur'adesecr'mus
931 4227 962 4276 G.
1054 4241 1086 4277 20
1098 4225 1176 4286 Licet]
1190 4229 1278 4279 Padd.
1293 4239 1322 4280 rt.
1413 4233 1441 4280 in
1454 4227 1605 4289 Darrrr'num]
1618 4231 1647 4278 ἐκ
1660 4227 1771 4277 Domino
1780 4226 1828 4276 CS.

474 4315 505 4366 23
519 4303 580 4364 Hic]
590 4303 633 4353 lroc
645 4305 676 4354 G.
762 4308 920 4369 reynerium]
933 4311 1105 4360 ministerium
1118 4311 1149 4361 G.
1236 4323 1267 4372 24
1278 4312 1415 4377 siguificat]
1432 4311 1586 4377 significavit
1598 4311 1625 4370 S,
1638 4318 1663 4360 et
1681 4309 1740 4359 add.
1754 4307 1830 4358 doxo-

473 4387 574 4452 logiam.
677 4398 707 4451 25
721 4395 766 4437 DE
778 4398 908 4440 PSALMO
921 4393 988 4455 CVI]
1008 4395 1090 4444 Huius
1108 4410 1208 4461 quoque
1221 4403 1340 4444 tractatus
1352 4411 1409 4459 pars
1421 4394 1488 4459 prior
1505 4392 1623 4444 convenit
1635 4407 1692 4442 cum
1706 4389 1832 4440 Breviario

472 4474 521 4524 col.
534 4477 673 4538 1213·1216
682 4479 719 4537 A}
729 4476 838 4542 genuina
847 4492 907 4526 vero
915 4477 1044 4527 conclusio
1054 4492 1120 4527 nunc
1130 4477 1237 4542 primum
1248 4493 1278 4527 ex
1287 4478 1361 4528 codd.
1372 4495 1430 4528 mss.
1441 4477 1581 4526 exhibetur.
1650 4485 1680 4536 27
1690 4475 1727 4539 εἰ]
1738 4487 1788 4522 om.
1801 4471 1828 4522 C.

517 4643 544 4683 a.
581 4623 678 4685 Aliud
705 4633 747 4686 es!
774 4633 945 4704 peccatorem
973 4623 1044 4708 etc]
1080 4627 1125 4689 Cl.
1223 4648 1267 4686 20.
1279 4622 1828 4708 Lr'cetopostolusetc.]AlluditHieron.

473 4724 562 4782 supra
577 4725 604 4783 p.
623 4725 649 4781 7,
667 4709 682 4768 l.
704 4727 749 4768 rr.
1179 4711 1218 4770 ad
1241 4710 1329 4770 verba
1357 4709 1439 4769 Pauli
1465 4707 1575 4786 Ephes.
1604 4727 1629 4780 ε,
1660 4709 1694 4766 16
1720 4713 1762 4768 διὰ
1784 4719 1829 4768 τοῦ
