4154 5494
455 422 537 484 222
827 429 857 486 S.
883 426 1136 488 tttttttotttntt
1160 423 1422 488 rensuum!

460 645 678 712 scendentes:
695 647 797 711 ludas
808 649 959 731 proditor
967 649 1157 714 conmebat.
1168 648 1264 712 Vidit
1274 645 1411 729 angelos
1429 650 1661 712 ascendentes:
1673 656 1809 712 nectos

458 747 611 814 homines
626 753 669 817 de
684 762 772 818 terra
787 756 829 818 ad
846 755 973 820 caelum
991 765 1176 838 pergentes.
1190 754 1288 819 Vidit
1306 751 1444 836 angelos
1457 753 1718 818 descendentes:
1736 751 1807 814 dia·

457 851 572 918 bolum
584 865 619 920 et
633 857 814 923 daemones
829 869 864 924 et
879 861 1063 924 exercitum
1088 879 1185 924 suurn
1211 859 1256 922 de
1276 859 1371 922 caelo
1399 861 1643 943 praecipitatos
1663 857 1808 923 Grandis

455 967 507 1022 est
527 959 714 1038 difficultas,
728 967 772 1030 de
794 969 890 1032 terris
916 971 959 1033 ad
986 969 1143 1032 caelestia
1168 969 1398 1034 conscendere.
1418 968 1530 1032 Facile
1552 969 1686 1044 ruimus,
1704 986 1805 1049 quam

458 1067 723 1134 conscendimus.
739 1070 851 1136 Facile
867 1074 1014 1138 ruimus:
1029 1075 1063 1138 in
1079 1075 1292 1138 ascendendo
1317 1073 1454 1156 grandis
1481 1072 1576 1136 labor
1597 1081 1657 1149 est,
1672 1071 1807 1154 grandis
1846 1091 1862 1143 ς

460 1167 563 1232 sudor
579 1179 638 1236 est.
656 1172 693 1238 Si
710 1171 803 1239 suero
819 1177 851 1240 in
869 1179 978 1259 primo
1000 1179 1115 1262 gradu,
1130 1187 1292 1262 quantum
1320 1177 1402 1240 milri
1429 1185 1532 1240 restat
1557 1176 1719 1258 usquead
1734 1195 1807 1238 cae-

452 1269 545 1335 lum?
560 1275 587 1336 si
604 1273 696 1340 suero
719 1279 752 1342 in
780 1282 936 1358 secundo,
951 1283 979 1346 si
1006 1283 1038 1347 in
1067 1284 1174 1361 tertio,
1189 1283 1216 1346 si
1241 1285 1275 1346 in
1301 1291 1430 1364 quarto,
1444 1281 1473 1345 si
1498 1281 1530 1343 in
1564 1281 1705 1356 decimo,
1725 1279 1806 1361 quid

455 1375 536 1439 mihi
552 1381 689 1459 prodest
705 1383 768 1446 nisi
784 1385 827 1447 ad
843 1405 1012 1452 summum
1032 1389 1238 1471 pervenero?
1255 1389 1322 1452 Fac
1338 1387 1418 1451 mssri
1441 1387 1540 1450 istam
1568 1385 1691 1450 scalam
1710 1383 1806 1467 quin·

457 1479 565 1546 decim
581 1482 704 1550 babere
719 1490 843 1570 gradus
859 1491 956 1554 :veni
980 1512 1084 1574 usque
1106 1494 1149 1558 ad
1181 1501 1336 1576 quartum
1363 1491 1552 1556 decimum:
1574 1491 1637 1554 nisi
1652 1489 1805 1573 quintum

453 1583 621 1653 decimum
639 1599 785 1670 tenuero,
800 1595 880 1676 quid
904 1597 986 1660 milri
1008 1599 1144 1678 prodest
1158 1597 1248 1681 quod
1265 1598 1308 1660 ad
1335 1607 1491 1680 quartum
1517 1595 1684 1660 decimum
1707 1593 1807 1658 veni?
1826 1614 1863 1655 ro

456 1691 493 1758 Si
509 1695 552 1757 ad
569 1695 723 1778 quintum
739 1697 907 1765 decimum
922 1721 1054 1775 venero,
1068 1712 1103 1766 et
1117 1722 1287 1778 conruero,
1299 1699 1406 1764 maior
1420 1717 1577 1762 ascensus
1589 1696 1695 1759 maior
1712 1695 1806 1759 ruina

454 1806 514 1862 est.
531 1797 707 1882 Simulque
722 1803 896 1869 considera
920 1817 1187 1872 sacramentum:
1201 1807 1281 1888 quia
1303 1803 1439 1888 grandis
1454 1801 1549 1866 labor
1562 1809 1658 1864 estet
1671 1799 1806 1882 grandis

457 1901 568 1980 sudor,
583 1904 625 1968 de
640 1907 736 1969 terris
751 1908 793 1971 ad
810 1908 939 1974 caelum
956 1912 1186 1976 conscendere.
1201 1910 1314 1974 Vultis
1323 1909 1409 1972 scire
1423 1909 1480 1992 qui
1496 1915 1573 1971 sunt
1589 1906 1637 1970 illi
1658 1905 1806 1988 gradus?

456 2004 525 2088 Qui
540 2017 591 2070 est
606 2009 733 2091 primus
748 2013 898 2094 gradus?
913 2015 989 2098 Ego
1004 2027 1088 2098 puto
1101 2016 1246 2097 primum
1262 2014 1403 2097 gradum
1419 2033 1492 2076 esse
1507 2011 1675 2086 ieiunium,
1697 2009 1806 2074 adhuc

457 2111 546 2173 enim
563 2111 658 2175 iuxta
674 2123 794 2179 terram
813 2127 884 2182 est:
905 2121 1089 2184 recedimus
1104 2121 1147 2184 de
1161 2131 1257 2194 terra,
1271 2117 1546 2182 conscendimus:
1567 2125 1681 2178 tamen
1697 2115 1806 2178 adhuc
1827 2133 1861 2192 ις

456 2214 499 2276 de
511 2218 649 2280 terrenis
660 2227 693 2281 et
706 2218 750 2281 de
760 2224 987 2303 corporalibus
1002 2225 1199 2306 cogitamus.
1213 2223 1314 2287 Dicat
1325 2223 1459 2304 aliquis:
1470 2221 1560 2304 Quid
1574 2219 1655 2284 milti
1672 2219 1806 2302 prodest

459 2317 645 2384 ieiunium?
661 2341 725 2404 ego
740 2343 865 2406 quaero
880 2336 916 2389 ut
931 2328 1043 2389 anima
1067 2347 1142 2390 mea
1164 2346 1247 2409 pura
1263 2327 1305 2389 sit
1321 2326 1364 2389 ad
1382 2324 1566 2389 Dominum
1580 2323 1719 2407 :quanti
1738 2341 1804 2386 non

459 2423 618 2501 ieiunant,
633 2435 666 2488 et
683 2429 890 2494 sanctisunt
908 2431 983 2513 Ego
1008 2451 1073 2495 non
1090 2430 1154 2494 hoc
1170 2431 1255 2494 dico.
1271 2429 1307 2494 Si
1326 2429 1447 2494 Paulus
1473 2427 1653 2512 apostolus,
1668 2447 1726 2491 vas
1741 2425 1805 2489 ele·

459 2527 592 2606 ctionis,
603 2530 790 2614 castigabat
806 2553 925 2616 corpus
940 2556 1037 2599 suum
1048 2546 1081 2600 et
1097 2535 1246 2599 servituti
1263 2531 1456 2610 subiciebat,
1470 2553 1513 2596 ne
1527 2532 1600 2596 aliis
1611 2532 1806 2615 praedicans

456 2633 527 2715 ipse
543 2635 703 2716 reprobus
719 2637 938 2704 inveniretur:
954 2641 982 2704 si
998 2641 1095 2705 dicit‘
1108 2641 1220 2704 Video
1231 2648 1343 2704 autem
1355 2639 1454 2702 eliam
1466 2636 1575 2720 legem
1597 2636 1803 2700 resistentem
1824 2661 1861 2703 20

454 2736 520 2819 legi
536 2739 657 2803 mentis
674 2761 768 2805 meae
779 2751 813 2806 et
824 2743 1001 2809 ducentem
1016 2765 1070 2808 me
1085 2745 1117 2808 in
1134 2745 1362 2827 captivitatem
1376 2743 1384 2772 ¹
1396 2750 1556 2823 etpostea
1567 2739 1648 2803 dicit
1660 2744 1668 2774 ⁸
1680 2737 1803 2803 Infelix

455 2861 519 2924 ego
533 2841 645 2920 horno,
660 2845 734 2926 quis
759 2865 812 2909 me
834 2847 989 2913 liberabit
1016 2850 1058 2912 de
1083 2867 1222 2930 corpore
1247 2848 1362 2911 mortis
1386 2846 1525 2910 huius?'
1540 2845 1568 2907 si
1585 2844 1639 2907 ille
1666 2843 1804 2908 insidias

453 2947 600 3028 corporis
616 2947 721 3024 timet,
738 2969 798 3012 nos
814 2953 920 3014 securi
936 2959 1075 3016 sumus?
1089 2952 1116 3014 si
1133 2951 1188 3016 ille
1203 2952 1284 3014 dicit
1300 2949 1467 3034 'Quando
1479 2947 1635 3025 infirmor,
1650 2957 1730 3012 tunc
1741 2947 1804 3011 lor·

452 3047 518 3111 tior
533 3068 606 3111 sum
621 3049 628 3076 ’
644 3049 818 3116 infirmitas
834 3057 990 3138 corporis,
1005 3057 1132 3120 sanitas
1144 3057 1276 3120 animae
1291 3065 1349 3119 est.
1368 3053 1445 3118 Hoc
1460 3061 1569 3116 totum
1592 3052 1806 3135 quaredico?

451 3150 540 3234 Quia
554 3153 757 3219 abstinentia
773 3157 898 3238 primus
914 3160 1037 3241 gradus
1053 3169 1112 3223 est.
1129 3160 1207 3223 Non
1224 3159 1339 3222 statim
1356 3165 1512 3241 putemus
1531 3155 1631 3239 quod,
1641 3156 1668 3218 si
1680 3155 1804 3219 ieiuna·
1824 3183 1858 3238 ις

448 3256 603 3332 verimus‚
618 3261 882 3324 conscendamus
905 3262 947 3326 ad
972 3283 1074 3346 regna
1089 3263 1276 3327 caelorum:
1293 3261 1414 3326 ieiunia
1437 3280 1498 3324 nos
1522 3278 1588 3323 non
1617 3259 1746 3322 ducunt
1761 3260 1804 3322 ad

449 3379 551 3442 regna
566 3361 743 3440 caelorum,
758 3366 815 3428 sed
834 3365 905 3430 sine
929 3368 1058 3431 ieiuniis
1074 3387 1140 3430 non
1157 3367 1410 3430 conscendimus
1426 3365 1468 3428 ad
1505 3383 1607 3446 regna
1626 3362 1804 3428 caelorum.

450 3462 531 3527 Sola
547 3483 612 3528 non
631 3476 768 3546 prosunt
784 3491 790 3530 :
806 3488 882 3532 cum
898 3469 971 3533 aliis
988 3479 1136 3551 prosunt.
1158 3469 1233 3534 Hoc
1255 3477 1363 3533 totum
1381 3487 1482 3550 quare
1497 3468 1595 3532 dixi?
1611 3467 1699 3550 Quia
1710 3467 1805 3550 quasi

450 3565 703 3632 fundamentum
717 3580 767 3634 est
783 3581 816 3636 et
832 3570 1049 3665 ὑποστήριγμα
1060 3573 1317 3637 ascendentibus
1334 3574 1375 3635 ad
1396 3572 1529 3634 maiora.
1543 3571 1717 3636 Secundus
1727 3593 1806 3635 vero

486 3749 537 3806 3et
546 3747 683 3795 exercitum
702 3747 789 3809 suum]
811 3747 845 3796 Bl
858 3764 909 3797 orn.
923 3755 963 3808 213
982 3765 1037 3796 cum
1048 3753 1159 3798 exercitu
1170 3767 1213 3799 suo
1227 3767 1253 3813 p„
1354 3765 1370 3811 4
1383 3751 1466 3799 Facile
1477 3767 1499 3800 r.
1513 3750 1664 3815 q.]sacilr'rrs
1676 3751 1743 3813 μΑΙ,
1758 3752 1805 3802 Ca

450 3839 484 3872 m.
498 3841 552 3890 sup.
567 3826 611 3876 lin.
715 3840 741 3876 ιι
756 3830 921 3897 δι’]ΕΙςίμ.
1026 3834 1112 3897 t3qrrr'
1122 3831 1191 3893 sunt]
1203 3834 1267 3896 quid
1275 3834 1328 3882 sin!
1340 3835 1368 3884 B.
1473 3833 1803 3896 tsrorrscendr'mrrslSadd.

450 3907 595 3958 adultiora.
700 3909 728 3958 16
747 3911 776 3959 de
795 3913 911 3979 terrenis]
933 3913 975 3962 SG
996 3915 1096 3963 omde.
1197 3915 1313 3978 decorp.]
1334 3915 1414 3964 Som.
1429 3915 1464 3964 de.
1568 3915 1805 3978 17adDome'mrm]

449 3990 519 4052 apud
530 3991 563 4039 D.
580 4007 608 4052 μ.
696 3991 785 4041 18norr
798 3992 948 4054 lorlGom.
962 3995 1011 4043 hor.
1106 3997 1353 4057 vaselertr'orrr'510m.
1369 3998 1417 4060 μδ.
1506 3995 1653 4057 aoridr'rr'tl
1663 4005 1688 4046 et
1697 3999 1759 4047 dr'rr't
1769 3997 1803 4047 G.

451 4083 482 4133 24
494 4073 601 4134 sanitas]
612 4075 731 4123 sanctitas
745 4075 818 4126 BCP.
888 4087 918 4140 25
931 4077 1095 4138 Non]etnon
1109 4095 1136 4141 μ.
1206 4092 1237 4141 ²9
1248 4087 1272 4127 et
1284 4073 1481 4148 ὑποστήριγμα]
1492 4097 1522 4130 ex
1535 4095 1585 4130 uno
1596 4081 1652 4131 cod.
1667 4080 1805 4146 Aaocepi3

448 4169 498 4203 om.
515 4172 534 4218 μ
546 4165 570 4205 et
583 4156 667 4206 ceteri.

492 4315 537 4356 20.
553 4294 745 4377 invenimur]
766 4319 776 4356 ι
796 4299 863 4358 Cor.
882 4319 909 4374 9,
928 4317 973 4372 ²7·
1153 4302 1230 4360 secta
1255 4301 1354 4376 virtus,
1384 4303 1436 4362 sed
1465 4312 1628 4362 ceterarum
1663 4303 1802 4365 virtutum

491 4397 537 4437 21.
552 4377 758 4458 raptriu'latem]
776 4382 863 4439 Rom.
883 4401 907 4455 7,
927 4401 970 4456 23.
1153 4384 1380 4442 fundamentum
1396 4395 1489 4458 est3et
1504 4383 1700 4447 sanctificatio
1713 4397 1805 4464 atque

491 4479 535 4517 22.
552 4456 674 4541 huiusi]
691 4459 761 4519 ibid.
781 4481 825 4531 24.
1154 4463 1305 4540 pudicitia,
1318 4464 1381 4524 sine
1392 4483 1452 4542 qua
1464 4483 1553 4524 nemo
1568 4465 1680 4527 videbit
1693 4469 1802 4543 Deum,

492 4560 506 4598 2
511 4559 534 4615 3.
544 4539 658 4616 jrirtr'or
668 4538 745 4623 sum]
763 4562 778 4599 2
795 4544 862 4604 Cor.
885 4563 927 4615 12,
948 4563 990 4601 10.
1088 4593 1093 4598 .
1152 4546 1261 4620 gradus
1271 4546 1391 4622 praebet
1401 4548 1439 4607 ad
1451 4565 1568 4606 summa
1580 4549 1802 4623 scandentibus,

492 4625 538 4680 28.
552 4622 872 4698 qrrnsisundamentum
890 4621 1015 4705 estete]
1029 4625 1101 4685 Hie·
1153 4645 1208 4685 nec
1223 4637 1332 4701 tamen,
1344 4628 1367 4687 si
1382 4630 1445 4688 sola
1461 4627 1556 4700 luerit,
1567 4629 1709 4708 virginem
1722 4642 1803 4711 pote·

450 4721 512 4770 ron.
529 4722 574 4786 ep.
597 4723 659 4781 130,
677 4725 704 4764 n.
725 4725 756 4764 rr
777 4709 784 4737 ‘
801 4704 949 4770 Ieiunium
963 4725 1024 4770 non
1038 4725 1100 4785 per·
1152 4707 1187 4766 rit
1202 4727 1344 4769 coronare
1358 4709 1373 4772 ’.
