4154 5494
679 407 932 470 reseratus
956 407 1013 465 ne
1036 405 1204 466 nsanuo
1227 405 1316 468 0111.
1593 389 1670 494 163

311 626 384 692 liter
403 625 448 690 ed
469 625 653 694 Domitium
677 624 808 702 dicitur,
827 625 918 708 quod
936 623 1087 688 universa
1104 621 1207 707 ipsius
1223 623 1256 686 in
1279 623 1403 688 lumine
1423 636 1510 704 sunt,
1530 627 1620 694 sicut
1637 629 1669 693 in

314 729 472 795 iezechiel
482 730 643 813 scripturn
654 727 878 794 estCherubin
888 729 1037 810 ‘plenum
1050 727 1176 791 oculis.'
1190 727 1293 792 Verbi
1303 729 1523 811 gratia,video
1532 731 1671 809 caelum,

311 844 442 912 terram,
457 845 491 899 et
501 833 660 922 intellego
672 844 864 899 creatorem.
874 832 984 897 Video
995 833 1129 896 arbores
1142 833 1174 896 in
1188 853 1248 896 suo
1258 841 1409 916 tempore
1425 834 1504 900 solia
1518 836 1671 919 proferre,

312 939 408 1003 flores
433 939 573 1016 mittere,
598 937 803 1016 fructificare,
829 948 862 1002 et
890 937 1047 1020 intellego
1074 947 1266 1002 creatorem.
1293 937 1403 1002 Video
1430 938 1613 1018 formicam,
1636 951 1670 1005 et

278 1057 294 1110 5
312 1045 441 1109 minuta
451 1063 612 1128 quaeque,
627 1053 661 1117 et
671 1043 829 1126 intellego
845 1053 1035 1108 creatorem.
1050 1043 1140 1125 Ergo
1151 1044 1304 1107 universa
1315 1053 1465 1110 creatura
1479 1045 1543 1108 Dei
1556 1045 1671 1109 oculos

312 1148 423 1226 habet,
438 1157 473 1213 et
489 1149 715 1231 intellegentia
731 1148 831 1231 plena
845 1157 905 1212 est.

354 1252 539 1318 Extendens
551 1253 674 1323 caelum
688 1252 904 1334 sicutpellem.
924 1251 999 1315 Hoc
1012 1251 1083 1316 vult
1098 1251 1215 1328 dicere,
1232 1251 1322 1334 quod
1343 1271 1388 1316 ex
1404 1253 1500 1317 initio
1515 1255 1672 1318 extendit

314 1358 405 1424 Deus
421 1357 559 1432 caelum,
575 1357 860 1441 quemadmodum
878 1357 905 1420 si
921 1357 1048 1440 aperiat
1064 1355 1138 1439 quis
1154 1355 1321 1432 volumen,
1339 1365 1372 1421 et
1389 1357 1507 1422 iterum
1525 1357 1672 1442 replicet,

313 1462 397 1526 sicut
412 1473 445 1525 et
466 1461 546 1525 alibi
568 1461 727 1544 scriptum
750 1471 814 1526 est:
830 1462 894 1526 ‘Et
916 1460 1128 1544 replicabitur
1149 1460 1278 1524 caelum
1295 1460 1380 1525 sicut
1402 1462 1585 1528 volumen'
1604 1462 1673 1541 Qui

264 1582 296 1620 ¹0
312 1567 392 1650 tegis
406 1566 442 1630 r’n
457 1566 554 1650 aquis
567 1565 733 1647 superiora
753 1565 830 1631 eius.
848 1565 942 1632 Sicut
957 1565 1036 1628 etin
1054 1563 1176 1628 Genesi
1189 1565 1348 1648 scriptum
1365 1575 1427 1643 est,
1447 1585 1546 1650 super
1563 1563 1671 1630 firma-

314 1681 463 1738 mentum
473 1691 545 1736 esse
557 1691 670 1753 aquas,
679 1681 713 1735 et
724 1669 838 1734 subter
852 1668 1012 1733 similiter.
1027 1666 1096 1745 Qui
1104 1667 1485 1750 ambrtlassuperpennas
1494 1680 1671 1736 ventorum.

315 1778 449 1862 Ubique
465 1785 672 1860 praesentem
692 1775 803 1839 Deum
820 1772 993 1856 significat.

276 1889 280 1898 '
354 1881 427 1960 Qui
437 1881 528 1961 facz's
551 1880 681 1962 angelos
703 1889 773 1943 tuos
792 1876 937 1960 spiritus.
956 1876 1056 1958 Quod
1084 1876 1116 1940 in
1146 1875 1267 1940 Genesi
1295 1877 1525 1958 praetermisit,
1551 1878 1585 1941 in
1609 1877 1672 1942 hoc

314 1986 474 2051 versiculo
483 1984 691 2070 significavit.
705 1985 791 2051 Cum
805 1984 893 2048 enim
904 1983 1016 2047 omnia
1029 1982 1188 2047 creauerit
1202 1982 1302 2058 Deus,
1314 1981 1357 2045 de
1366 1980 1494 2062 angelis
1507 2001 1670 2066 nusquam

266 2101 295 2156 ι5
313 2089 597 2156 commemoravit.
619 2090 702 2154 Ideo
725 2097 838 2154 autem
858 2083 955 2165 dixit',
977 2084 1043 2169 Qui
1067 2084 1148 2150 facis
1169 2086 1307 2169 angelos
1330 2095 1406 2151 tuos
1427 2087 1571 2169 spiritus,
1594 2087 1673 2171 quia

313 2193 424 2277 angeli
439 2215 505 2258 non
527 2193 653 2260 habent
671 2211 800 2274 corpus,
819 2190 878 2254 sed
893 2191 953 2254 toti
979 2188 1089 2253 lumen
1111 2200 1197 2254 sunt.
1220 2190 1269 2254 Et
1289 2189 1455 2254 ministros
1474 2201 1545 2255 tuos
1566 2192 1673 2274 ignem

315 2308 467 2363 urentem.
495 2298 699 2364 Munditiam
720 2297 867 2377 ipsorum
890 2291 1064 2377 signifieat,
1085 2304 1118 2358 et
1139 2295 1229 2376 quod
1252 2316 1316 2360 non
1336 2305 1414 2361 sunt
1436 2297 1575 2362 subiecti
1597 2318 1672 2382 pec·

315 2403 405 2466 catis.
418 2402 546 2467 Aliter:
572 2402 662 2467 verbi
682 2401 798 2484 gratia,
819 2397 938 2481 aliquis
959 2409 1093 2462 sanctus
1115 2408 1175 2474 est,
1202 2399 1345 2464 mittitur
1371 2403 1412 2466 ad
1436 2422 1513 2466 eum
1534 2401 1674 2485 angelus

315 2507 431 2584 bonus,
446 2507 585 2589 angelus
601 2506 692 2571 lucis.
709 2505 745 2571 Si
763 2514 875 2567 autem
893 2511 1047 2586 peccator
1059 2513 1118 2580 est,
1136 2505 1277 2568 mittitur
1292 2506 1334 2568 ad
1351 2526 1428 2569 eum
1441 2505 1581 2589 angelus
1597 2507 1673 2582 irae,

265 2627 299 2665 ²0
316 2612 370 2694 qui
388 2631 462 2674 eum
481 2611 636 2675 incendat
654 2620 687 2673 et
703 2618 865 2691 torqueat.

361 2713 430 2793 Qui
444 2712 605 2794 fundasti
621 2723 742 2777 terram
762 2723 859 2794 super
874 2712 1087 2776 stabilitatem
1109 2733 1212 2776 suurn.
1240 2712 1283 2775 Et
1306 2732 1419 2775 revera
1446 2711 1594 2774 mirabile
1615 2720 1675 2787 est,

314 2829 440 2901 quanta
456 2819 601 2898 gravitas
617 2826 723 2881 terrae
740 2818 884 2900 pendeat
900 2817 1022 2881 virtute
1042 2817 1111 2879 Dei.
1134 2815 1210 2878 Nan
1231 2814 1445 2878 inclinabitur
1459 2815 1495 2877 in
1510 2813 1673 2878 saeculnm
1736 2886 1738 2892 Α

314 2921 440 2984 saeculi.
458 2921 534 2985 Stat
550 2922 638 2984 enim
656 2921 833 2998 inmobilis,
850 2919 914 2984 Dei
931 2920 1150 3002 providentia.

357 3022 505 3106 Abyssus
519 3025 602 3088 sieut
622 3025 849 3088 vestimentum
870 3024 1011 3088 amictus
1029 3023 1115 3087 cius..
1138 3022 1232 3088 Sicut
1248 3023 1325 3087 alibi
1350 3024 1510 3106 scriptum
1527 3033 1592 3088 est:
1608 3024 1674 3087 ‘Et

266 3147 298 3201 ²⁵
316 3129 425 3210 posuit
452 3127 606 3192 tenebras
631 3127 805 3192 latibulum
831 3126 947 3194 suum'
978 3140 1011 3190 et
1036 3127 1170 3191 iterum:
1200 3127 1348 3191 ‘Iudicia
1375 3127 1511 3192 Domini
1532 3127 1673 3210 abyssus

317 3231 438 3296 multa?
451 3232 744 3313 Dispensationem
752 3232 815 3296 Dei
828 3231 1082 3296 inenarrabilem
1093 3229 1304 3313 significatet
1316 3233 1406 3315 quod
1417 3252 1483 3295 non
1496 3250 1673 3314 possumus

317 3335 507 3419 intellegere
533 3336 731 3418 sapientiam
756 3336 830 3400 Dei.
854 3335 1035 3418 Quomodo
1058 3336 1146 3399 enim
1174 3355 1239 3399 non
1266 3355 1443 3418 possumus
1470 3339 1542 3401 istis
1569 3339 1674 3401 oculis

316 3439 524 3504 considerare
540 3439 572 3502 in
589 3439 757 3520 abyssum,
773 3440 821 3504 ita
837 3459 896 3504 nec
914 3440 946 3503 in
964 3439 1230 3522 magnitudinem
1248 3459 1307 3503 nec
1332 3442 1363 3504 in
1381 3441 1580 3524 sapientiam
1599 3442 1674 3507 Dei.

318 3543 509 3609 Secundum
525 3542 717 3608 hebraicum
734 3557 846 3608 autem
859 3545 906 3608 sic
918 3544 1079 3608 debemus
1096 3543 1289 3626 intellegere
1299 3543 1439 3608 amictus
1452 3544 1531 3623 eius,
1547 3555 1583 3611 ut
1599 3545 1677 3609 sub-

270 3671 302 3725 3⁰
318 3647 479 3724 audiatur,
495 3656 615 3723 terrae;
639 3655 676 3711 ut
699 3647 742 3711 sit
765 3667 890 3724 sensus,
910 3648 1001 3731 quod
1026 3648 1097 3730 ipsa
1118 3646 1260 3730 abyssus
1283 3647 1467 3712 circumdet
1488 3649 1675 3712 universam

318 3761 449 3830 terram,
464 3770 563 3835 quem
585 3751 701 3816 dicunt
724 3771 894 3816 oceanum.
921 3751 959 3815 ln
979 3751 1117 3815 circuitu
1140 3752 1228 3814 enim
1253 3751 1425 3816 universae
1444 3765 1550 3816 terrae
1570 3771 1678 3835 aquae

319 3865 409 3919 sunt:
426 3862 460 3918 et
476 3855 569 3938 quasi
587 3853 704 3931 insula,
720 3855 766 3918 sic
783 3864 833 3917 est
853 3867 947 3918 terra.
1100 3839 1102 3842 ⁵

351 4055 366 4092 2
372 4041 488 4108 plenum]
497 4043 569 4108 pleni
576 4042 598 4094 C
606 4059 662 4108 sup.
672 4041 717 4092 lin.
789 4055 819 4092 ιο
827 4039 898 4105 tegis]
906 4043 967 4106 tegit
974 4042 1005 4092 G.
1074 4043 1102 4092 in
1111 4043 1196 4108 aquis]
1203 4058 1240 4107 gr.
1251 4036 1277 4094 iu
1287 4037 1377 4104 ilicem
1390 4045 1544 4110 praepositio
1555 4059 1679 4114 expuncta

320 4132 356 4174 est
367 4123 393 4174 in
405 4126 437 4184 A,
449 4124 520 4175 deest
531 4125 557 4175 in
570 4125 599 4176 C.
672 4121 957 4186 ttarrtlulasJanrbulat
968 4123 1000 4174 G.
1062 4123 1172 4188 pennas]
1177 4126 1275 4188 pinnas
1285 4126 1358 4177 BSG.
1430 4133 1678 4195 15commemaravit]

320 4206 809 4267 courmenraraverit83conrnremaratur
819 4205 849 4255 C.
922 4205 1096 4266 17surrtlsint
1109 4205 1137 4256 C.
1207 4219 1237 4255 22
1250 4209 1419 4270 terrae1terra
1431 4210 1463 4259 G.
1533 4223 1564 4274 30
1572 4213 1678 4264 cirrum-

321 4287 369 4350 det]
380 4287 541 4339 circumdedit
552 4289 575 4339 G
586 4306 595 4349 ;
606 4289 741 4338 circumeat
752 4289 778 4339 S.
880 4298 908 4350 31
921 4303 994 4352 quem
1004 4283 1103 4345 dicunt]
1114 4288 1226 4347 ABGP;
1245 4305 1322 4354 quam
1333 4291 1396 4341 dicit
1407 4291 1428 4342 C
1438 4310 1446 4351 5
1464 4307 1527 4358 quae
1540 4294 1638 4345 dicitur
1648 4297 1675 4348 S.

364 4449 387 4489 2.
403 4427 501 4511 oculr's]
518 4432 625 4491 Ezecb.
646 4451 670 4504 1,
690 4433 734 4489 18.
1066 4433 1111 4490 26.
1128 4429 1234 4512 multa]
1251 4434 1296 4491 Ps.
1315 4452 1361 4508 35,
1380 4451 1405 4508 7.

363 4529 388 4585 9.
404 4508 547 4592 uolumen]
563 4513 602 4572 Is.
619 4531 667 4588 34,
683 4532 710 4584 4.
1065 4531 1111 4588 29.
1129 4512 1289 4572 Secundum
1309 4513 1471 4574 hebraicum
1494 4515 1565 4598 etc]
1588 4520 1675 4580 Psalt.

367 4611 408 4650 ro.
425 4594 455 4652 in
474 4589 589 4673 Genesi]
608 4613 632 4665 1,
650 4612 675 4668 7.
1024 4591 1105 4652 hebr.
1128 4593 1210 4653 Hier.
1239 4598 1246 4626 ‘
1265 4594 1371 4672 abysso
1393 4597 1478 4673 quasi
1499 4599 1677 4660 vestimento

367 4690 401 4749 ²5
426 4670 522 4755 suum]
541 4676 586 4736 Ps.
607 4691 650 4750 17,
671 4694 714 4734 ra.
1024 4673 1165 4750 operuisti
1179 4693 1245 4736 earn
1261 4677 1276 4735 '.
