4158 5492
424 438 472 496 12
805 437 833 496 S.
858 430 1111 494 HIERONYMI
1135 426 1399 488 PRESBYTERI

467 655 573 719 Mauo
586 653 720 718 adstabo
735 652 805 733 tibi,
818 662 851 717 et
873 650 991 716 videbo.
1007 648 1130 713 Videte
1145 637 1305 709 ordinem.
1322 643 1433 718 Mane,
1458 661 1524 705 non
1544 658 1691 723 vespere,
1705 659 1772 703 non

420 759 452 822 in
469 757 625 835 tenebris,
640 758 698 821 sed
727 775 833 842 mane.
849 755 955 820 Mane
977 751 1111 818 adstabo
1126 749 1189 814 tibi
1198 773 1209 813 :
1234 748 1331 813 stabo
1346 754 1547 822 constanter,
1562 753 1595 808 et
1618 743 1774 808 imitabor

420 863 572 946 Moysen.
589 860 693 926 Mane
712 859 845 925 adstabo
872 859 954 924 tibi:
979 857 1040 922 tibi
1068 853 1220 931 adstabo,
1247 871 1312 915 non
1341 850 1405 914 alii.
1433 848 1519 914 Cum
1536 857 1648 912 autern
1675 866 1773 911 mane

419 963 526 1041 suerit,
541 972 576 1028 et
591 973 725 1039 stetero,
740 970 773 1026 et
790 961 849 1025 tibi
866 968 999 1035 stetero,
1014 967 1094 1021 tunc
1111 953 1261 1019 merebor
1277 963 1311 1017 te
1326 951 1447 1015 videre.

465 1066 514 1130 Et
526 1065 645 1131 uidebo.
663 1060 879 1136 Subauditur‚
890 1068 924 1124 te
935 1056 1066 1122 videbo.
1079 1054 1178 1119 Multi
1196 1052 1282 1119 male
1293 1051 1417 1134 legunt,
1427 1059 1460 1114 et
1476 1051 1592 1116 dicunt
1607 1047 1659 1112 καὶ
1674 1047 1773 1138 iirbbu
1807 1075 1821 1129 5

420 1193 466 1260 με,
482 1172 540 1235 sed
565 1170 709 1234 sciamus
726 1185 867 1232 errorem
888 1183 979 1228 esse:
1007 1161 1054 1225 sic
1070 1158 1190 1224 dicitur
1216 1153 1268 1219 καὶ
1294 1155 1460 1245 ἐπόψομαι,
1477 1157 1540 1220 hoc
1567 1167 1627 1234 est,
1641 1156 1772 1234 videbo,

419 1287 457 1342 ut
472 1277 514 1341 sit
531 1275 615 1340 ordo
624 1292 723 1357 quem
740 1271 905 1337 diximus:
921 1267 1102 1349 incipiente
1119 1264 1191 1329 luce
1201 1264 1360 1329 virtutum
1374 1265 1407 1328 in
1419 1265 1531 1328 anima
1541 1281 1625 1341 mea,
1636 1263 1772 1345 quando

419 1381 479 1446 tibi
496 1389 583 1444 stare
609 1397 760 1460 coepero,
773 1395 839 1440 non
866 1372 990 1451 sedere,
1006 1391 1072 1435 non
1101 1372 1215 1448 iacere,
1240 1369 1297 1433 sed
1323 1379 1420 1448 stare,
1436 1375 1469 1431 et
1493 1365 1649 1432 statueris
1671 1385 1771 1449 supra

418 1494 546 1569 petram
564 1501 695 1566 gressus
712 1500 813 1557 meos,
828 1487 908 1543 tunc
924 1496 982 1560 per
997 1475 1078 1540 istos
1094 1474 1217 1557 gradus
1233 1473 1384 1538 merebor
1400 1482 1433 1537 te
1449 1471 1567 1536 videre.

465 1587 629 1667 Quoniam
647 1606 710 1649 non
721 1583 813 1648 Deus
828 1581 936 1646 valeus
950 1578 1157 1662 iniquitatem
1172 1587 1259 1642 trees.
1275 1577 1453 1658 Propterea
1463 1595 1529 1641 non
1547 1597 1601 1642 me
1611 1577 1772 1642 exaudies
1792 1599 1822 1636 ιο

419 1691 519 1778 plena
544 1692 624 1770 luce,
640 1689 698 1754 sed
724 1706 845 1769 mane;
873 1684 1031 1768 quoniam
1050 1704 1116 1748 non
1133 1683 1191 1759 vis,
1220 1682 1322 1760 Deus,
1338 1681 1558 1766 iniquitatem.
1575 1680 1661 1746 Cum
1682 1682 1770 1746 enirn

348 1818 352 1826 ·
419 1798 570 1863 recedere
585 1815 726 1878 coepero
742 1793 785 1858 ab
801 1791 986 1874 iniquitate,
1000 1789 1113 1854 statim
1133 1789 1284 1852 merebor
1299 1785 1551 1852 exauditionem
1568 1795 1669 1853 tuam.

462 1901 574 1984 Neque
588 1897 750 1963 habitabit
764 1898 857 1962 iuxta
874 1905 903 1959 te
927 1893 1101 1978 malignus.
1118 1893 1265 1977 Quando
1280 1892 1399 1976 aliquis
1426 1893 1550 1956 recedit
1566 1913 1586 1956 a
1602 1891 1699 1958 nobis
1713 1893 1771 1975 qui

419 2003 526 2070 malus
541 2012 600 2081 est,
616 2002 840 2085 gratulemur:
856 1999 920 2063 hoc
948 1999 980 2062 in
997 1998 1094 2063 nobis
1120 1997 1166 2075 fit,
1181 1989 1271 2080 quod
1300 1994 1336 2061 fit
1352 2004 1386 2059 et
1411 1997 1443 2060 in
1469 1997 1626 2062 Domino.
1648 1997 1772 2062 Videte

418 2108 507 2174 enim
534 2107 615 2191 quid
640 2107 731 2170 dicat
758 2104 903 2187 Spiritus
930 2110 1074 2167 sanctus.
1098 2101 1211 2183 Neque
1236 2098 1398 2164 habitabit
1424 2100 1518 2165 iuxta
1542 2111 1572 2164 te
1587 2100 1770 2184 'malignus
1791 2118 1820 2172 ¹5

417 2212 541 2277 Videte
556 2212 636 2295 quid
654 2211 753 2289 dicat,
769 2229 835 2273 non
852 2207 1017 2272 habitabit
1033 2207 1129 2272 iuxta
1145 2215 1179 2271 te
1195 2204 1370 2288 malignus.
1385 2209 1393 2238 ‘
1410 2204 1506 2288 Quae
1516 2205 1605 2270 enlm
1621 2224 1770 2270 commu·

418 2315 542 2379 nicatio
557 2314 622 2378 luci
637 2323 671 2378 et
698 2314 869 2386 tenebris?
884 2314 941 2396 qui
958 2331 1139 2376 consensus
1155 2311 1279 2395 Xpisto
1294 2321 1328 2376 et
1344 2309 1478 2375 Beliae?
1494 2311 1501 2338 ¹
1529 2309 1676 2394 Quando
1691 2330 1772 2396 ergo

418 2419 577 2483 recedunt
592 2417 693 2501 aliqui
710 2439 755 2481 ex
780 2418 884 2495 nobis,
900 2418 1051 2480 dicamus
1068 2427 1100 2480 et
1128 2435 1208 2480 nos:
1233 2421 1241 2448 ‘
1259 2415 1314 2479 Ex
1331 2415 1427 2480 nobis
1449 2416 1613 2494 exierunt,
1629 2418 1686 2481 sed
1703 2434 1769 2480 non

417 2523 550 2588 suerunt
566 2543 610 2587 ex
638 2523 755 2600 nobis;
782 2521 809 2585 si
834 2522 923 2585 enim
941 2521 1078 2584 fuissent
1105 2541 1149 2584 ex
1176 2519 1280 2597 nobis,
1305 2520 1506 2585 mansissent
1530 2521 1645 2604 utique
1661 2521 1770 2586 nobis·

416 2647 492 2692 curn
509 2628 526 2694 ¹.
542 2627 674 2691 Dicitur
689 2627 731 2691 ad
750 2626 861 2691 Deum
877 2649 884 2690 ε
900 2625 977 2689 Non
992 2623 1154 2688 habitabit
1169 2624 1262 2688 iuxta
1278 2634 1308 2689 te
1328 2623 1502 2706 malignus.
1519 2624 1555 2690 Si
1571 2625 1660 2690 enim
1677 2626 1770 2692 Deus
1790 2645 1822 2681 ω

417 2733 503 2817 ignis
519 2742 578 2812 est,
594 2743 627 2797 et
654 2732 739 2815 ignis
754 2748 965 2808 consumens,
985 2729 1186 2812 quicumque
1202 2727 1325 2811 stipula
1349 2736 1408 2806 est,
1425 2728 1627 2811 quicumque
1643 2729 1770 2814 lignum

416 2844 477 2914 est,
493 2836 577 2919 sugit
593 2836 637 2899 ab
653 2836 738 2918 igne,
754 2852 796 2897 ne
811 2841 1027 2897 consumatur
1041 2833 1085 2896 ab
1100 2832 1186 2914 igne.

459 2939 572 3022 Neque
590 2936 829 3022 permanebunt
849 2936 967 3000 iniusti
995 2945 1071 2999 ante
1093 2935 1196 2998 oculos
1218 2944 1297 2999 tuos.
1324 2934 1471 3017 Quando
1498 2936 1628 3016 dicitur,
1651 2939 1771 3023 Neque

416 3041 668 3126 permanebunt,
690 3040 878 3105 ostenditur
903 3041 994 3122 quod
1019 3039 1201 3122 aliquando
1226 3040 1417 3105 manserint.
1438 3040 1634 3107 Manserunt
1657 3053 1769 3109 autem

449 3229 533 3292 3alir]
549 3228 610 3278 aliis
623 3227 646 3296 β.
751 3223 866 3296 5ἐπόψῃ
881 3228 925 3292 με]
937 3229 993 3290 CG,
1006 3229 1062 3278 cod.
1084 3227 1149 3278 Bibl.
1169 3229 1306 3278 Alexandr.
1321 3236 1346 3278 et
1367 3228 1456 3280 Euseb.
1472 3231 1572 3281 Caesar.
1590 3231 1658 3296 apud
1676 3232 1716 3283 M.
1728 3245 1768 3296 23,

417 3310 481 3370 116;
494 3304 588 3376 ὶπόψει
602 3327 634 3374 με
648 3309 672 3378 β.
789 3310 805 3360 6
816 3305 963 3376 ἐπόψομαι]
973 3309 1107 3376 εποψεμαι
1118 3311 1148 3360 C.
1272 3311 1364 3372 uidebo]
1376 3327 1426 3361 om.
1442 3312 1493 3362 BC.
1616 3326 1645 3362 12
1653 3315 1771 3377 merebar]

417 3391 602 3460 llliSrurereor
610 3393 639 3452 C,
654 3393 677 3442 G
690 3410 719 3443 ex
733 3409 818 3443 orrereo.
923 3407 952 3454 14
963 3393 1029 3458 quod
1029 3392 1077 3457 fit]
1088 3391 1352 3458 commonefactum
1363 3400 1400 3442 est
1408 3391 1432 3461 β
1538 3395 1679 3460 17Xpisto]
1692 3393 1769 3462 bCSt

415 3475 505 3540 Xpisti
516 3475 595 3526 ΒΕΑ.
679 3475 842 3538 acutulae,
856 3475 899 3527 SA
911 3488 920 3524 1
935 3492 982 3535 tn.;
999 3475 1087 3526 Belial
1097 3473 1147 3544 βῦ,
1161 3476 1205 3527 SA
1214 3491 1268 3540 sup.
1283 3474 1327 3525 lin.
1428 3476 1645 3543 aasugit1sagiat
1653 3479 1686 3528 G.

415 3625 556 3702 perficere
571 3627 585 3685 '.
612 3624 688 3686 lbid.
716 3643 735 3698 1,
763 3642 799 3703 5:
824 3629 832 3659 ‘
855 3626 918 3687 Oro
941 3637 978 3698 te,
1003 3645 1064 3686 non
1116 3636 1207 3686 strum
1234 3645 1295 3687 non
1311 3638 1355 3687 est
1369 3630 1385 3688 '.
1414 3625 1554 3706 Denique
1580 3629 1616 3688 ct.
1634 3630 1767 3690 adnotat.

415 3705 519 3783 legisti,
537 3707 607 3766 Non
629 3707 709 3766 enim
731 3706 857 3767 volentis
880 3727 978 3784 neque
1002 3727 1064 3766 cur·
1117 3707 1251 3767 Vallarsii
1265 3728 1311 3786 ap.
1330 3708 1433 3786 Migne
1450 3730 1464 3767 a
1469 3730 1495 3786 3,
1512 3715 1579 3785 607.

415 3788 513 3858 rentis,
543 3789 596 3848 sed
632 3787 797 3848 miserentis
832 3799 876 3848 est
910 3789 991 3849 Dei?
1020 3790 1065 3849 Ex
1158 3808 1393 3866 agressurum
1423 3793 1468 3851 Ps.
1486 3811 1533 3868 39,
1551 3813 1577 3868 3.

414 3867 523 3945 quibus
549 3869 756 3946 intellegimus,
782 3881 915 3930 nostrum
941 3871 1063 3946 quidem
1162 3888 1204 3946 17.
1221 3880 1248 3931 et
1270 3874 1394 3932 Behaet
1433 3893 1447 3931 2
1473 3874 1541 3934 Cor.
1559 3876 1586 3946 6,
1613 3894 1648 3948 14
1670 3893 1711 3952 sq.
1730 3909 1769 3919 -

414 3967 479 4008 esse
504 3951 579 4010 velle
602 3962 631 4010 et
644 3969 779 4010 currere:
804 3953 856 4010 sed
872 3961 904 4010 ut
930 3953 1065 4012 voluntas
1119 3951 1294 4030 Hieronym.
1321 3955 1349 4014 in
1375 3973 1421 4031 ep.
1448 3956 1485 4014 ad
1514 3955 1622 4031 Ephes.
1654 3977 1683 4030 4,
1711 3973 1769 4032 27:

414 4042 514 4090 nostra
538 4033 722 4108 compleatur
747 4044 776 4091 et
804 4050 915 4105 cursus,
945 4035 984 4093 ad
1007 4033 1064 4094 Dei
1118 4034 1212 4095 ‘licet
1238 4035 1354 4111 plurimi
1380 4055 1434 4112 pro
1460 4036 1559 4095 Bahal
1576 4049 1714 4116 corrupte
1739 4037 1768 4097 in

415 4111 646 4172 misericordiam
663 4112 823 4189 pertinere3
837 4125 928 4190 atque
940 4113 980 4174 ita
991 4115 1063 4188 fieri,
1115 4117 1252 4191 apostolo
1279 4118 1387 4177 Eetion
1416 4119 1514 4192 legant
1538 4120 1553 4176 '.
1581 4119 1627 4178 De
1656 4121 1767 4178 nomin.

415 4203 496 4252 utet
522 4192 551 4252 in
576 4196 729 4254 voluntate
754 4206 854 4255 nostra
878 4207 908 4256 et
926 4196 956 4256 in
975 4216 1063 4256 cursu
1115 4197 1195 4256 hebr.
1221 4219 1256 4258 ex
1284 4220 1298 4257 a
1323 4201 1413 4260 Con:
1440 4200 1515 4259 ‘sed
1541 4199 1648 4260 rectius
1674 4201 1766 4262 Belial

415 4273 539 4334 liberum
565 4287 695 4336 servetur
717 4275 879 4350 arbitrium,
896 4289 925 4338 et
948 4276 978 4338 in
993 4298 1062 4338 con·
1114 4277 1222 4338 dicitur
1236 4283 1251 4340 '.
1270 4283 1305 4340 In
1331 4280 1376 4340 his
1398 4300 1485 4357 porro
1507 4281 1679 4342 tractatibus
1700 4302 1768 4342 con-

413 4355 612 4417 summatione
637 4357 797 4417 voluntatis
820 4369 851 4418 et
875 4378 978 4420 cursus
1005 4361 1062 4420 Dei
1114 4359 1264 4421 suetudini
1283 4361 1373 4422 etiam
1399 4382 1416 4421 a
1437 4381 1469 4422 se
1493 4361 1565 4424 alias
1587 4361 1768 4442 vituperator

413 4448 523 4496 cuncta
552 4437 703 4514 potentiae
739 4438 942 4516 relinquantur
970 4443 983 4500 '.
1015 4443 1064 4502 Ad
1116 4452 1216 4502 noster
1228 4444 1403 4519 plerumque
1418 4443 1600 4520 obsequitur.

418 4519 599 4579 Demetriad.
626 4540 671 4597 ep.
704 4540 767 4596 130,
788 4539 814 4580 n.
844 4541 896 4581 12:
924 4524 1021 4583 ‘velle
1035 4535 1064 4582 et
1161 4543 1204 4598 19.
1222 4522 1466 4604 nobiscum]rlo.
1485 4546 1511 4597 2,
1532 4545 1575 4601 19·

414 4600 495 4659 nolle
530 4612 665 4661 nostrum
697 4613 758 4662 est:
791 4601 950 4680 ipsumque
980 4605 1062 4681 quod
1159 4604 1496 4688 21.consumen.r]l)eur.
1514 4628 1541 4681 4,
1559 4629 1605 4680 24.

415 4691 547 4741 nostrum
571 4695 624 4754 est,
644 4681 708 4743 sine
726 4682 781 4742 Del
802 4684 990 4746 miseratione
1014 4703 1064 4743 no-
