4154 5494
654 431 910 494 TRACTATUS
933 433 992 492 DE
1013 435 1181 496 PSALMO
1204 435 1268 495 CV.
1571 439 1645 522 173

288 647 501 725 continentia,
512 657 547 712 et
563 656 680 732 postea
696 651 838 714 cadere?
861 653 1043 716 secundum
1061 653 1150 736 quod
1172 654 1332 736 scriptum
1349 664 1400 718 est
1417 655 1448 718 in
1466 656 1645 739 propheta:

288 755 375 819 ‘Non
388 753 533 837 proderit
543 755 668 820 iustitia
680 755 757 818 iusti
767 755 799 819 in
810 775 1021 841 quacumque
1031 757 1084 821 die
1094 758 1306 824 aberraverit:
1318 779 1384 823 non
1395 779 1471 825 eum
1484 761 1645 836 liberabit,

289 878 348 922 nec
364 857 515 923 salvabit.
533 858 578 922 Et
595 867 768 939 peccatum
786 862 968 941 peccatoris
989 882 1055 924 non
1072 883 1148 925 eum
1166 864 1299 926 nocebit
1315 865 1346 928 in
1365 886 1575 950 quacumque
1590 867 1645 930 die

288 973 501 1028 convertatur
512 972 546 1028 et
558 973 637 1045 agat
650 965 888 1046 paenitentiam
900 965 916 1030 ’.
930 965 1048 1048 Neque
1058 967 1164 1031 iustus
1176 968 1276 1034 debet
1291 990 1363 1033 esse
1379 990 1521 1046 securus,
1538 990 1645 1054 neque

252 1085 269 1141 5
289 1079 442 1151 peccator
459 1070 634 1152 desperare
650 1069 752 1134 debet
767 1071 809 1134 de
830 1091 892 1134 sua
907 1073 1028 1136 salute:
1046 1075 1077 1136 in
1099 1084 1239 1156 utroque
1255 1075 1343 1138 enim
1365 1093 1479 1138 eorum
1496 1083 1529 1138 et
1545 1075 1646 1139 timor

289 1184 339 1237 est
354 1183 388 1238 et
403 1193 487 1256 spes
507 1173 576 1252 Qui
581 1175 673 1256 fucit
687 1174 861 1240 iustitiam.
879 1177 1012 1242 Iustitia
1029 1179 1195 1244 Dominus
1212 1188 1323 1243 noster
1335 1190 1398 1243 est:
1414 1181 1540 1245 iustitia
1555 1181 1643 1244 enim

290 1279 427 1343 Domini
442 1280 608 1343 Dominus
620 1289 732 1344 noster
742 1280 863 1343 dicitur
874 1291 907 1346 et
918 1282 1079 1348 Salvator.
1092 1285 1214 1347 Beatus
1224 1304 1304 1366 ergo
1316 1284 1371 1364 qui
1386 1283 1464 1346 lacit
1474 1283 1646 1358 iustitiam,

289 1383 352 1447 boc
372 1393 433 1458 est,
456 1385 512 1465 qui
540 1382 616 1448 lacit
642 1383 811 1466 Xpistum.
835 1384 1016 1469 Quomodo
1041 1409 1121 1470 ergo
1148 1389 1287 1453 facimus
1313 1388 1482 1472 Xpistum,
1505 1387 1569 1451 hoe
1593 1395 1643 1451 est

290 1489 474 1553 iustitiam?
492 1488 527 1554 Si
541 1488 626 1552 iuste
638 1507 786 1572 agamus,
802 1492 987 1574 concipitur
1000 1493 1032 1555 in
1051 1493 1147 1556 nobis
1160 1493 1294 1567 iustitia,
1309 1502 1343 1558 et
1356 1491 1482 1575 paritur
1494 1511 1537 1554 ex
1549 1490 1645 1554 nobis
1677 1531 1682 1538 -

237 1613 270 1652 ro
290 1591 423 1668 iustitia,
438 1601 472 1656 et
484 1611 599 1655 sumus
613 1602 718 1656 mater
734 1595 888 1660 iustitiae.
904 1595 1067 1662 Felixest
1083 1606 1117 1662 et
1133 1599 1260 1675 beatus,
1272 1598 1328 1682 qui
1345 1599 1377 1662 in
1392 1597 1482 1662 omni
1496 1605 1646 1678 tempore

289 1705 323 1759 et
338 1707 433 1778 pater
449 1707 482 1761 et
499 1707 605 1761 mater
620 1706 671 1760 est
688 1697 843 1764 iustitiae.

332 1799 496 1864 Memento
522 1799 628 1864 nostri
649 1799 790 1866 Domine
814 1804 849 1868 in
873 1803 1061 1887 beneplacito
1076 1807 1192 1890 populi
1217 1806 1274 1872 tui.
1300 1807 1399 1890 Quod
1425 1807 1506 1872 dicit
1530 1806 1648 1871 beatus

291 1905 411 1980 David,
425 1905 489 1968 hoc
505 1915 571 1969 est:
586 1904 665 1970 Scio
682 1906 828 1970 Domine
845 1917 989 1974 veterem
1014 1909 1132 1993 legem,
1153 1910 1327 1975 beatitudo
1344 1910 1489 1993 perlecta
1513 1929 1579 1974 non
1597 1919 1647 1974 est

289 2011 322 2074 in
339 2010 441 2074 veteri
458 2009 540 2092 lege,
556 2011 613 2074 sed
632 2011 664 2073 in
680 2011 871 2093 evaugelio;
887 2013 1126 2097 scioquoniam
1143 2016 1231 2098 prior
1248 2017 1391 2099 populus
1401 2013 1544 2080 offendit
1559 2024 1602 2091 te,
1613 2024 1648 2078 et

237 2132 269 2186 ις
289 2135 395 2179 novus
420 2116 563 2197 populus
585 2125 724 2190 creatur,
749 2116 806 2198 qui
828 2118 947 2182 serviet
969 2120 1044 2184 tibi:
1065 2120 1134 2184 scio
1153 2120 1230 2203 quia
1249 2122 1360 2186 veniet
1379 2121 1482 2185 Filius
1503 2129 1590 2195 tuus,
1613 2129 1646 2184 et

288 2219 431 2308 salvabit
457 2240 558 2285 omne
582 2239 687 2302 genus
711 2220 907 2299 humanum,
933 2232 967 2287 et
994 2225 1129 2290 credent
1154 2225 1186 2287 in
1215 2244 1291 2289 eum
1316 2226 1373 2308 qui
1404 2225 1500 2289 electi
1524 2233 1646 2290 erunt:

288 2334 464 2409 propterea
490 2342 571 2406 ergo
597 2344 688 2404 rogo,
710 2325 868 2407 quoniam
895 2347 959 2408 ego
983 2328 1072 2409 prius
1101 2340 1292 2394 natussum
1321 2328 1352 2392 in
1379 2329 1481 2393 veteri
1506 2327 1589 2410 lege,
1609 2336 1647 2392 ut

290 2429 423 2511 inputes
438 2427 519 2490 mihi
537 2429 723 2492 mercedem
741 2449 815 2494 cum
834 2451 922 2494 novo
943 2432 1075 2515 populo.
1097 2433 1242 2499 Videtur
1260 2443 1372 2502 nostra
1394 2453 1465 2497 esse
1481 2433 1647 2496 sententia

288 2533 379 2599 haec.
397 2534 566 2614 Legamus
582 2533 673 2614 ipsos
693 2534 881 2612 versiculos,
897 2545 930 2600 et
955 2537 1159 2602 inveniemus
1176 2541 1285 2621 ipsum
1307 2559 1440 2602 sensum
1457 2559 1529 2602 esse
1547 2555 1646 2619 quem

237 2659 272 2696 ιο
287 2639 445 2703 diximus.
471 2637 578 2702 Visite
595 2659 651 2702 nos
666 2639 702 2703 in
716 2639 862 2704 solutari
876 2650 937 2704 tuo.
957 2641 1033 2704 Hoc
1054 2653 1113 2720 est,
1130 2644 1161 2706 in
1177 2644 1262 2710 Filio
1279 2655 1346 2720 tuo,
1362 2645 1497 2727 quando
1513 2641 1648 2706 venerit.
1708 2665 1712 2672 ·

330 2743 393 2806 Ad
402 2741 580 2807 videndum
597 2742 632 2805 in
648 2743 788 2808 bonitate
807 2745 975 2810 electomm
990 2757 1129 2812 tuorum.
1151 2749 1226 2814 Hoc
1251 2758 1311 2824 est,
1331 2749 1374 2812 da
1397 2746 1491 2812 nobis
1518 2757 1646 2828 partem

288 2867 364 2910 cum
380 2845 556 2930 apostolis:
568 2847 728 2929 quoniam
742 2869 802 2912 nos
814 2848 948 2931 quidem
962 2851 1201 2914 antecessimus
1217 2853 1318 2914 cosin
1337 2861 1496 2932 tempore,
1512 2848 1558 2912 illi
1569 2869 1647 2912 vero

288 2957 492 3038 antecedunt
502 2977 562 3019 nos
574 2955 606 3018 in
618 2951 829 3036 spiritalibus.
843 2952 918 3014 Hoc
929 2962 988 3028 est,
999 2964 1035 3016 ut
1047 2955 1220 3018 videamus
1233 2954 1417 3019 bonitatem
1432 2963 1534 3029 tuam,
1546 2971 1645 3034 quam

289 3059 445 3123 lecturus.
459 3080 495 3124 es
519 3079 594 3122 cum
615 3058 728 3122 electis
748 3058 821 3120 tuis.
842 3057 904 3120 Ad
917 3056 1106 3121 laetandum
1126 3058 1160 3119 in
1184 3057 1311 3122 laetitio
1327 3058 1439 3141 gentis
1453 3067 1535 3122 tuae.
1557 3055 1648 3120 Gens

239 3179 271 3231 ²5
291 3161 428 3226 Domini
456 3183 517 3226 nos
542 3182 666 3238 sumus,
693 3163 719 3224 si
744 3170 857 3224 tamen
885 3181 967 3243 gens
995 3162 1098 3244 ipsius
1119 3182 1242 3226 sumus.
1267 3162 1426 3245 ‘Populo,
1451 3161 1567 3244 inquit,
1590 3159 1646 3242 qui

274 3277 453 3344 'nascetur,
468 3287 568 3351 quem
586 3267 662 3331 iecit
685 3265 851 3329 Dominus
861 3265 877 3330 ’.
899 3264 945 3329 Ut
954 3264 1127 3330 laudemur
1141 3288 1213 3331 cum
1225 3266 1401 3331 hereditate
1416 3277 1482 3330 tua.
1500 3264 1577 3328 Hoc
1589 3274 1649 3338 est,

291 3383 327 3436 ut
342 3391 418 3436 cum
434 3371 608 3454 cvangelio
624 3380 658 3434 et
674 3388 734 3434 nos
751 3368 933 3432 habeamus
944 3381 1082 3451 partem,
1098 3373 1154 3454 qui
1172 3373 1205 3434 in
1221 3373 1323 3436 veteri
1341 3371 1413 3453 lege
1430 3370 1507 3434 lacti
1525 3386 1648 3431 sumus.

293 3473 465 3538 Abraham
482 3475 570 3537 enirn
593 3483 687 3555 pater
709 3483 820 3536 noster
847 3472 930 3536 vidit
949 3474 1038 3536 diem
1056 3483 1161 3552 tuum,
1182 3483 1215 3537 et
1231 3473 1364 3555 gavisus
1384 3482 1442 3537 est.
1463 3471 1648 3536 Videamus

292 3588 421 3661 ergoet
437 3599 507 3655 nos,
523 3588 555 3643 et
572 3578 779 3660 gaudeamus
795 3595 871 3639 cum
888 3575 1073 3640 hereditate
1090 3587 1156 3641 tua.

242 3695 276 3748 30
337 3683 545 3746 Peccavimus
555 3678 791 3764 compatribus
806 3680 933 3743 nostris.
951 3679 1025 3743 Filii
1042 3681 1273 3745 securisumus
1290 3691 1414 3763 patres:
1431 3682 1494 3744 hoc
1512 3679 1650 3742 lecimus

293 3787 382 3868 quod
405 3797 438 3850 et
457 3798 569 3870 patres
588 3786 691 3850 nostri
716 3785 872 3850 lecerunt.
893 3783 1047 3850 ‘Omnes
1068 3787 1156 3849 enim
1181 3787 1243 3850 sub
1264 3798 1402 3868 peccato
1423 3783 1595 3859 conclusit,
1615 3792 1651 3846 ut

294 3891 448 3955 omnibus
479 3891 687 3955 misereretur
697 3890 712 3954 ’.
737 3889 863 3954 Iniuste
886 3890 1021 3970 egimus,
1051 3889 1258 3972 iniquitatem
1277 3890 1426 3969 fecimus.
1462 3886 1651 3969 Diligenter
1686 3876 1689 3882 ’

326 4071 341 4110 2
353 4059 429 4122 iusti]
449 4061 514 4109 iusto
525 4059 555 4110 C.
657 4072 671 4124 3
683 4077 740 4111 eum
751 4061 854 4121 nocebit]
872 4061 938 4110 codd
950 4078 957 4120 ;
975 4063 1001 4110 ei
1017 4063 1109 4112 nocebit
1122 4061 1146 4130 β.
1246 4075 1263 4123 4
1274 4062 1362 4126 Neque
1373 4059 1465 4120 iustus]
1482 4075 1512 4108 ue
1524 4059 1607 4108 iustus
1620 4059 1647 4108 B.

294 4155 310 4204 9
320 4147 435 4209 agarum]
445 4157 545 4207 agerem
557 4142 590 4191 G.
662 4155 692 4192 ro
702 4143 731 4192 in
741 4143 814 4191 ouant
818 4143 826 4204 1
841 4139 855 4208 β
869 4157 918 4191 om.
931 4143 969 4192 in.
1041 4156 1050 4192 r
1055 4154 1068 4207 5
1080 4145 1170 4206 nouus]
1182 4143 1203 4193 L
1213 4159 1263 4194 non
1273 4154 1351 4209 repet.
1357 4144 1472 4208 populus.
1541 4141 1651 4203 creatur]

294 4233 421 4276 recreatur
438 4225 459 4276 C
477 4241 533 4290 sup.
548 4225 592 4275 lin.
692 4224 793 4285 seruiet]
813 4223 893 4282 BCS;
912 4225 1008 4272 seruiat
1020 4223 1044 4292 β,
1061 4226 1145 4289 l’sup.
1160 4226 1214 4286 lin;
1233 4228 1323 4276 serviit
1334 4226 1367 4286 G,
1382 4227 1402 4274 P
1416 4237 1426 4274 1
1441 4241 1484 4284 m;
1500 4224 1607 4274 servivit
1619 4223 1649 4274 L.

297 4319 325 4370 17
333 4305 419 4372 prius]
427 4308 502 4372 prior
512 4307 587 4358 CLP.
689 4319 720 4370 23
737 4306 894 4368 antecedunt]
910 4307 1051 4356 antecedent
1063 4306 1086 4373 β.
1188 4308 1220 4358 26
1236 4308 1380 4370 luctemur]
1397 4307 1527 4356 inridemus
1544 4306 1596 4356 ΕΡ.
1611 4304 1649 4355 Cl.

294 4391 321 4442 S.
337 4393 444 4455 August.
458 4405 538 4440 enarr.
552 4389 578 4439 in
590 4389 614 4441 h.
630 4405 667 4455 ps.
683 4405 708 4438 n.
723 4399 745 4450 5.
847 4385 1029 4450 28enim10m.
1045 4390 1095 4440 SG.
1198 4403 1229 4452 29
1240 4390 1397 4452 tuo]Sadd.
1410 4396 1434 4438 et
1444 4381 1580 4450 cumgente
1596 4394 1650 4436 tua.

295 4485 326 4538 32
336 4473 461 4534 omnious]
472 4471 586 4521 omnium
599 4473 624 4524 S.
726 4469 896 4532 nrisereretur]
908 4471 1041 4520 miseretur
1052 4471 1085 4530 G,
1096 4471 1117 4520 C
1130 4479 1218 4520 mutat.
1233 4471 1258 4522 in
1271 4474 1427 4522 nn'sereatur.

333 4663 359 4714 4.
371 4637 596 4720 poenitentiam]
613 4641 718 4698 Ezeeb.
738 4659 784 4716 33,
806 4659 848 4698 ιι.
1040 4642 1084 4700 28.
1102 4637 1284 4720 gauisusest]
1300 4641 1343 4701 lo.
1361 4641 1388 4712 8,
1405 4643 1452 4718 56.

335 4725 379 4782 2⁶.
399 4718 558 4802 Dominus]
575 4723 619 4780 Ps.
639 4741 685 4795 21,
703 4741 750 4796 ³²·
1038 4742 1083 4798 3²·
1101 4719 1295 4802 misereretur]
1312 4723 1399 4784 Rom.
1421 4739 1463 4792 rt,
1481 4740 1527 4798 32·
