4160 5500
540 420 809 482 FRAGMENTA
831 421 890 482 DE
912 422 1043 485 LIBRO
1064 421 1364 484 NUMERORUM.
1548 421 1632 507 419

276 639 377 703 Esaia
393 637 560 701 Dominus
577 637 820 721 loquebatur:‘
840 639 926 702 Ecce
953 657 1017 720 ego
1040 648 1073 701 et
1097 639 1191 721 pueri
1216 641 1292 719 mei,
1321 660 1405 723 quos
1434 640 1513 704 mibi
1538 640 1631 703 dedit

275 743 441 807 Dominus
452 743 469 807 ’.
485 741 692 807 Tacentibus
705 745 794 807 enirn
808 743 944 807 senibus
960 751 994 806 et
1006 743 1207 825 presbyteris
1221 744 1432 823 ludaeorum,
1444 745 1631 809 tacentibus

275 848 459 911 Pharisaeis
476 855 510 910 et
528 847 674 911 invidiae
687 848 789 912 livore
812 847 976 925 cruciatis,
992 848 1120 928 parvuli
1136 845 1293 926 clamant,
1316 850 1476 931 Xpistum
1502 850 1630 931 paruuli

273 951 481 1017 confitentur.
498 953 599 1036 Quod
616 953 642 1016 si
659 962 693 1016 et
716 953 779 1035 ipsi
797 952 988 1027 tacuissent,
1011 949 1139 1032 lapides
1166 953 1281 1035 utique
1304 953 1498 1032 clamarent,
1523 954 1556 1017 id
1580 964 1629 1017 est

238 1074 254 1129 s
273 1055 447 1140 gentilium
465 1055 591 1138 populi,
617 1057 797 1138 dequibus
816 1057 849 1118 in
865 1054 1042 1137 evangelio
1066 1056 1227 1138 scripturn
1244 1065 1296 1120 est
1312 1059 1319 1088 ‘
1338 1057 1462 1120 Potens
1485 1065 1536 1119 est
1560 1056 1629 1119 Do-

274 1164 382 1227 minus
398 1183 442 1226 ex
458 1160 625 1242 lapidibus
642 1161 713 1224 istis
731 1160 890 1224 suscitare
919 1156 1003 1224 filios
1022 1159 1214 1223 Abraham'
1234 1183 1240 1224 :
1266 1181 1326 1224 nos
1350 1159 1549 1244 significans,
1573 1161 1629 1242 qui

272 1269 356 1330 duro
372 1266 471 1330 corde
484 1268 654 1347 quondam
679 1265 811 1343 suimus,
835 1264 894 1327 sed
920 1283 1006 1327 nunc
1031 1264 1205 1328 credentes
1233 1264 1357 1346 Xpisto
1384 1265 1469 1343 lesu,
1494 1265 1526 1327 in
1545 1263 1629 1327 filios

273 1369 455 1446 Abraham,
471 1369 504 1432 in
522 1367 607 1431 filios
624 1369 688 1431 Dei
716 1367 958 1450 omnipotentis
981 1367 1133 1449 adoptati
1158 1388 1280 1432 sumus.
1309 1369 1370 1434 Cui
1399 1377 1449 1433 est
1473 1369 1579 1451 gloria
1596 1369 1628 1431 in

272 1473 404 1537 saecula
420 1472 638 1538 saeculorum.
651 1473 775 1537 Amen.

220 1748 253 1786 ιο
404 1713 764 1788 FRAGMENTA
797 1713 871 1786 DE
903 1711 1073 1788 LIBRO
1105 1711 1499 1789 NUMERORUM.

313 1951 437 2014 Audite
453 1971 512 2026 me,
528 1947 710 2013 increduli:
727 1948 890 2032 nnrnquid
904 1948 943 2011 de
954 1958 1052 2030 petra
1068 1947 1133 2010 istu
1141 1947 1356 2029 producemus
1371 1947 1459 2010 vobis
1474 1951 1629 2030 aquarn?

271 2056 309 2119 ln
326 2054 378 2118 his
394 2055 482 2119 enim
499 2054 598 2118 dictis
613 2073 680 2116 non
699 2052 920 2116 sanctificavit
937 2053 1122 2115 Dominum
1140 2052 1173 2114 in
1192 2071 1277 2134 aqua
1295 2052 1578 2131 contradictionis,
1593 2054 1626 2117 id

268 2169 327 2236 est,
344 2179 410 2223 non
427 2168 477 2223 est
494 2156 639 2222 confisus
656 2158 688 2220 in
706 2158 827 2221 virtute
845 2158 918 2235 Dei,
941 2167 974 2220 et
991 2177 1056 2220 non
1075 2157 1163 2220 dixit
1178 2156 1256 2237 quia
1274 2167 1458 2238 potensest
1476 2157 1568 2221 Deus
1584 2159 1626 2221 de

267 2274 361 2346 petra
380 2262 443 2326 hac
459 2264 599 2326 educere
615 2262 709 2327 vobis
725 2282 846 2345 aquarn
862 2283 869 2342 ;
884 2263 942 2326 sed
959 2262 1054 2345 quasi
1071 2283 1115 2324 ex
1132 2260 1316 2326 diffidentia
1328 2263 1488 2344 cuiusque
1504 2261 1626 2344 fragili-

217 2391 227 2428 1
232 2388 247 2442 ς
267 2368 345 2431 tatis
361 2368 533 2449 respondit
551 2367 687 2429 dicens:
715 2365 887 2449 Numquid
913 2367 1096 2449 poterimus
1124 2365 1217 2428 vobis
1239 2366 1281 2428 de
1298 2373 1390 2446 petra
1407 2363 1469 2426 hac
1485 2366 1626 2428 educere

266 2479 412 2556 aquarn?
429 2472 518 2555 Quia
534 2493 614 2554 ergo
627 2481 800 2553 peccatum
817 2472 846 2533 ei
864 2471 895 2534 in
911 2471 961 2534 his
977 2470 1086 2533 verbis
1099 2478 1271 2552 reputatur
1287 2490 1306 2532 a
1324 2470 1482 2546 Domino,
1497 2480 1623 2532 certum

266 2591 325 2656 est,
337 2598 412 2641 cum
431 2577 493 2641 hoc
511 2577 708 2660 loqueretur,
725 2595 789 2639 non
807 2576 849 2639 de
868 2575 993 2658 Spiritu
1010 2584 1127 2638 sancto
1143 2575 1273 2638 locutus
1290 2583 1349 2650 est,
1372 2575 1429 2638 sed
1447 2573 1490 2637 de
1506 2575 1623 2656 spiritu

266 2682 404 2764 peccati.
421 2680 520 2764 Quod
537 2681 564 2743 si
582 2678 764 2760 scripturae
780 2678 973 2742 testimonio
990 2687 1103 2739 tantus
1116 2676 1280 2759 propheta
1291 2676 1426 2758 Moyses
1437 2677 1624 2741 ostenditur

264 2785 446 2866 aliquando
458 2783 614 2847 habuisse
631 2783 662 2844 in
680 2802 715 2844 se
732 2780 893 2862 Spiritum
909 2779 1174 2862 Dei,aliquando
1190 2800 1268 2843 vcro
1285 2800 1351 2842 non
1370 2780 1534 2856 habuisse,
1546 2801 1621 2862 pec-

209 2913 245 2950 20
263 2887 329 2950 cati
348 2886 473 2950 scilicet
498 2897 669 2968 ternpore:
700 2895 826 2948 certurn
853 2894 902 2947 est
929 2885 1007 2966 quia
1035 2893 1068 2946 et
1093 2884 1136 2946 de
1152 2883 1286 2966 reliquis
1312 2883 1483 2966 prophetis
1504 2883 1621 2947 similis

264 2990 369 3055 sorma
391 2991 536 3055 tenenda
552 2991 603 3053 sit.
628 2990 718 3072 Quid
735 2998 848 3052 autem
868 2989 910 3052 de
927 2988 1037 3052 David
1055 2988 1174 3065 dicam,
1202 2989 1257 3072 qui
1274 3009 1334 3070 pro
1351 2988 1477 3070 Spiritu
1495 2995 1621 3066 sancto,

262 3104 434 3177 tamquam
450 3095 503 3177 qui
520 3116 540 3157 a
555 3113 591 3156 se
607 3094 712 3175 possit
727 3091 857 3168 auferri,
868 3101 941 3155 orat
962 3112 1003 3154 ne
1026 3091 1202 3168 auferatur,
1218 3102 1250 3155 et
1267 3093 1368 3156 dicit:
1384 3097 1391 3124 ‘
1409 3091 1461 3154 Ne
1478 3093 1620 3175 proicias

263 3219 316 3262 me
332 3221 352 3263 a
369 3200 451 3262 facie
474 3208 532 3262 tua
547 3199 553 3224 '
570 3208 603 3261 et
620 3203 754 3261 cetera?
1117 3262 1122 3272 ,

307 3301 424 3364 ITEM
443 3301 569 3364 ALIA.
586 3301 672 3364 Filii
685 3301 787 3364 vestri
795 3311 891 3363 erunt
906 3299 1024 3363 incolae
1035 3299 1069 3362 in
1084 3299 1207 3362 deserto
1215 3299 1255 3362 X
1255 3299 1283 3361 L
1293 3299 1448 3362 annis.Et
1464 3298 1544 3382 quid
1561 3299 1618 3362 ha-

205 3428 240 3481 23
260 3403 368 3468 buerit
385 3404 533 3487 mysterii
554 3425 709 3468 numerus
734 3405 805 3481 iste,
830 3404 977 3467 declarat
1003 3404 1118 3467 dicens
1133 3427 1140 3466 :
1158 3401 1342 3466 Secundum
1368 3424 1548 3480 nnnrernm,
1570 3404 1618 3465 in-

259 3509 340 3590 quit,
351 3507 488 3584 dierum,
504 3507 539 3569 in
554 3507 670 3589 quibus
684 3507 911 3571 considerastis
924 3517 1045 3570 terram
1058 3506 1125 3568 XL
1140 3504 1261 3583 diebus,
1269 3517 1331 3588 pro
1340 3505 1393 3568 Δία
1404 3527 1529 3568 annum
1542 3506 1616 3568 reci-

253 3612 352 3694 pietis
360 3621 489 3694 peccata
505 3620 613 3674 vestra
629 3611 694 3674 XL
712 3612 818 3674 anrrr's.
834 3611 954 3674 Timeo
964 3631 1027 3692 ego
1039 3609 1187 3691 mysterii
1199 3609 1296 3671 huius
1306 3619 1432 3672 secreta
1443 3609 1615 3672 discutere.

291 3801 305 3851 7
318 3793 347 3839 in
351 3792 424 3855 filios
435 3791 575 3853 Abraham]
587 3807 639 3839 orn.
653 3790 678 3839 S.
783 3803 813 3840 10
824 3790 1012 3851 FRAGMENTA}
1024 3790 1166 3852 Desumpta
1175 3797 1232 3837 sunt
1244 3803 1275 3836 ex
1287 3788 1344 3836 cod.
1356 3789 1367 3836 l
1379 3786 1503 3846 (Britann.
1515 3787 1578 3851 Reg.
1589 3802 1613 3848 4.

255 3874 289 3923 A.
304 3873 390 3932 xlv.)
404 3872 444 3922 iol.
463 3880 509 3935 105
519 3888 557 3936 sq.
572 3873 615 3922 ubi
627 3873 658 3920 ad
671 3872 765 3922 calcem
785 3881 935 3922 tractatuum
957 3871 1107 3935 Hieronymi
1120 3871 1146 3920 in
1159 3871 1272 3920 Psalmos
1290 3871 1407 3933 leguntur
1425 3869 1460 3918 ita
1477 3868 1614 3932 inscripta:

255 3957 320 4005 Item
331 3957 414 4005 sancti
425 3956 577 4005 Hieronimi.
681 3967 707 4003 11
717 3955 892 4020 producemus]
909 3953 981 4002 LXX
1003 3950 1142 4016 ἐξάξομενς
1160 3954 1323 4018 producimus
1336 3953 1357 4001 l.
1462 3964 1489 4014 13
1501 3952 1615 4016 confisus]

254 4037 360 4102 scripsi;
372 4038 494 4103 consessus
507 4039 528 4088 1.
601 4051 629 4098 14
640 4039 727 4104 quasi]
740 4036 827 4100 scripsi
840 4055 846 4097 ;
859 4038 921 4100 quia
934 4037 954 4085 l.
1023 4051 1054 4084 ex
1062 4036 1212 4101 dffdrntia]
1220 4051 1251 4083 ex
1259 4032 1411 4098 diffidentiae
1424 4033 1444 4082 l.
1515 4044 1543 4094 17
1554 4035 1614 4094 noni

258 4132 268 4168 1
284 4135 317 4168 m.
331 4119 389 4168 add.
404 4135 458 4183 sup.
473 4119 517 4168 lin.
591 4132 618 4182 19
630 4121 659 4168 in
669 4119 703 4180 se]
719 4119 826 4183 scripsi;
844 4121 894 4184 ipse
907 4119 926 4167 l.
1027 4118 1130 4182 peccari]
1145 4125 1243 4181 peccans
1255 4117 1267 4166 1
1280 4132 1343 4165 corr.
1358 4129 1367 4163 1
1383 4131 1416 4165 m.
1485 4129 1517 4178 24
1528 4119 1614 4180 cinni]

254 4201 345 4266 scripsi
356 4220 363 4262 ς
375 4208 449 4250 crant
461 4201 482 4250 l.
584 4211 623 4264 25.
636 4212 666 4262 27
679 4197 807 4264 mysterii]
818 4202 885 4250 mist
902 4201 922 4249 1.

299 4372 323 4409 ε.
338 4352 485 4410 Dominus
511 4351 549 4410 Is.
567 4352 594 4422 8,
611 4354 655 4410 18.
960 4367 1038 4426 quae
1049 4347 1162 4409 ibidem
1177 4347 1208 4406 in
1224 4357 1295 4407 nota
1306 4347 1480 4407 reseruntur.

297 4435 323 4492 6.
336 4433 490 4491 Abraham
516 4432 624 4492 Matth.
639 4452 666 4508 3,
678 4452 703 4507 9⁴
1003 4450 1048 4506 ²3·
1062 4426 1127 4509 tua]
1144 4431 1190 4488 Ps.
1209 4446 1255 4504 50,
1274 4448 1315 4504 ¹3·
1329 4428 1365 4488 ci.
1380 4447 1468 4504 supra
1480 4433 1528 4504 48,
1543 4447 1589 4506 27.

302 4535 343 4573 ιι.
360 4517 490 4589 aquam?
516 4515 606 4572 Num.
625 4533 671 4584 20,
688 4533 731 4572 10.
1003 4533 1049 4584 ²4·
1067 4507 1234 4590 XLannr's]
1251 4512 1341 4569 Num.
1362 4530 1406 4582 14,
1425 4530 1472 4586 33.

300 4617 345 4654 ιο.
357 4595 570 4670 similissorma
585 4595 705 4654 tenenda
716 4592 767 4686 sit]
782 4596 819 4654 cl.
838 4595 909 4654 Hie·
1004 4613 1048 4668 ²7·
1066 4600 1161 4654 nestra
1173 4593 1230 4650 XL
1240 4585 1341 4672 annis]
1354 4591 1423 4650 ibid.
1442 4612 1487 4668 34.

256 4696 320 4737 ron.
343 4695 431 4754 supra
451 4696 478 4755 p.
503 4695 571 4753 327,
597 4676 714 4752 aliaque
736 4694 800 4737 erus
822 4677 910 4736 effata
