4160 5500
710 735 1211 840 APPENDIX.

314 1079 398 1148 Quod
412 1080 484 1133 intra
498 1079 600 1148 legitur
612 1078 880 1132 commentariolum
894 1079 922 1130 in
938 1078 982 1131 Ps.
1003 1090 1021 1130 L
1039 1078 1244 1133 humanissime
1265 1079 1333 1132 mihi
1355 1095 1389 1132 ex
1406 1077 1468 1131 cod.
1484 1075 1632 1130 casinensi

280 1167 359 1220 LVII
374 1167 460 1234 (saec.
476 1169 521 1226 xli
535 1184 560 1236 p.
576 1168 626 1236 385
638 1184 682 1237 sq.
697 1166 944 1222 transcribendum
957 1167 1115 1222 curavitvir
1125 1169 1157 1222 cl.
1171 1169 1206 1223 D.
1220 1167 1390 1222 Ambrosius
1404 1166 1513 1221 Amelli.
1527 1163 1633 1218 Nescio

277 1255 356 1310 enim
371 1272 427 1325 quo
440 1271 507 1308 casu
521 1255 625 1310 Iactum
639 1265 681 1308 est
696 1265 734 1320 ut,
748 1256 794 1324 qui
808 1255 883 1309 hunc
903 1255 1083 1309 tractatulum
1097 1255 1125 1308 in
1141 1255 1336 1310 Bibliothecae
1350 1255 1515 1310 Castrensis
1534 1253 1587 1306 vol.
1604 1252 1630 1304 ll

282 1343 304 1394 F
309 1342 435 1410 lorilegio
445 1343 570 1396 edituros
590 1359 620 1397 se
635 1343 831 1414 promiserant,
851 1343 911 1397 eius
930 1343 1047 1396 omnino
1069 1343 1309 1398 oblivisceremur.
1325 1345 1417 1414 Quem
1431 1344 1546 1414 quidem
1568 1343 1633 1397 licet

276 1429 386 1500 abipso
402 1430 578 1499 Hieronymo
591 1430 679 1486 latine
694 1431 833 1486 dictatum
847 1431 1022 1502 prolatumve
1036 1430 1151 1485 minime
1165 1431 1332 1500 existimem,
1347 1443 1441 1488 tamen
1456 1450 1511 1487 non
1530 1433 1632 1486 desunt

276 1535 349 1588 quae
363 1519 502 1573 suadeant
515 1535 549 1574 ex
569 1519 738 1574 tractatibus
752 1535 854 1586 graeco
866 1535 997 1572 sermone
1010 1535 1027 1572 a
1041 1521 1068 1574 S.
1085 1519 1167 1574 l’atre
1180 1519 1285 1574 habitis
1298 1539 1455 1577 emanasse.

330 1731 544 1806 INCIPIT
576 1731 649 1805 DE
683 1730 905 1806 PSALMO
936 1731 978 1806 L.
1010 1730 1214 1806 SANCTI
1250 1729 1582 1805 HIERONINII.

321 1953 361 2016 In
375 1953 488 2037 fineen,
501 1953 648 2035 psalmus
663 1952 787 2029 David,
801 1972 872 2015 curn
894 1951 983 2015 venit
1000 1951 1048 2014 ad
1061 1972 1135 2013 eum
1160 1947 1298 2014 Natlran
1320 1950 1482 2032 propbeta,
1505 1947 1634 2032 quando

278 2056 418 2121 iutram't
437 2057 486 2121 ad
497 2057 659 2121 Bersabee.
689 2057 821 2120 Dicitur
837 2055 1011 2121 manifeste
1029 2055 1149 2132 David,
1175 2055 1259 2118 sicut
1283 2053 1399 2117 titulus
1425 2054 1496 2116 eius
1511 2055 1632 2116 docet:

277 2159 352 2242 Syri
363 2173 477 2225 autem
494 2161 582 2225 hunc
599 2161 766 2244 psalmum
783 2182 828 2224 ex
845 2179 985 2243 persona
1001 2179 1114 2222 eorum
1131 2159 1187 2239 qui
1204 2168 1297 2221 erant
1321 2159 1354 2221 in
1380 2156 1567 2238 babylonia
1583 2157 1630 2220 di-

241 2277 255 2330 5
275 2273 363 2340 cunt,
374 2265 490 2329 titulos
506 2265 548 2329 de
565 2264 701 2346 psalmis
718 2265 795 2347 quia
813 2265 967 2328 tulerunt.

321 2368 480 2432 Miserere
503 2369 568 2432 mei
587 2369 678 2432 Deus
700 2369 872 2432 secundum
897 2390 1052 2450 treuguam
1077 2367 1331 2430 misericordiam
1348 2379 1446 2431 tuam.
1465 2367 1510 2429 Et
1523 2387 1629 2428 secme-

273 2474 352 2536 dum
370 2473 613 2538 multitudinem
625 2474 871 2537 miserationum
887 2485 1020 2538 tuarum
1036 2475 1103 2536 dele
1118 2472 1325 2553 iniquitatem
1343 2492 1455 2533 meam.
1473 2470 1539 2554 Qui
1556 2471 1632 2533 bea-

276 2585 346 2639 tam
364 2577 621 2640 misericordiam
639 2587 672 2640 et
688 2579 926 2660 sempiternam
943 2577 1109 2642 desiderat
1122 2577 1244 2640 habere
1260 2577 1372 2652 vitam,
1384 2575 1630 2638 multitudinem

277 2681 526 2744 miserationum
556 2681 620 2744 Dei
648 2682 812 2764 requirat:
829 2703 985 2765 praesens
1011 2683 1099 2745 enim
1128 2691 1162 2745 et
1188 2679 1379 2762 temporalis
1408 2679 1631 2742 misericordia

225 2805 255 2840 ιο
275 2804 377 2866 parva
394 2791 452 2847 est.
470 2785 514 2848 Et
527 2783 631 2864 aliter,
648 2788 726 2868 quia
744 2787 854 2851 David
869 2797 944 2870 post
960 2787 1161 2850 sententiam
1180 2785 1243 2848 Dei
1259 2785 1436 2847 adversum
1453 2803 1488 2844 se
1505 2783 1629 2845 illatam

274 2886 362 2976 dirrit
378 2889 554 2951 ‘PeccavI'
571 2898 603 2952 et
621 2889 748 2954 audivit
777 2911 796 2954 a
825 2890 959 2954 Nathan
989 2889 1153 2972 propheta
1168 2893 1176 2921 ‘
1194 2889 1270 2953 Non
1289 2889 1447 2964 morieris,
1465 2888 1631 2950 DomInus

273 2991 412 3055 Indulsit
428 3002 600 3073 peccatum
618 3001 712 3056 tuum
726 2994 733 3021 '
749 2995 830 3077 (non
854 2996 942 3056 enlm
964 2994 1093 3056 indulta
1109 2993 1214 3056 luerat
1232 2995 1259 3056 ei
1279 3015 1366 3058 mors
1381 2992 1438 3056 filii
1456 3012 1563 3074 neque
1580 3001 1630 3072 ty·

272 3096 411 3158 rannide
427 3095 616 3160 Abessalon
635 3117 742 3180 neque
759 3100 1019 3164 concubInarum
1039 3097 1220 3178 moechia);
1239 3099 1314 3161 ideo
1331 3098 1426 3180 petiit
1445 3095 1631 3160 multitudi-

273 3219 349 3262 nem
368 3200 617 3263 miserationum
646 3203 716 3265 Dei.
745 3205 923 3287 Propterea
948 3214 1061 3267 autem
1087 3205 1168 3266 dicit
1196 3204 1351 3285 Amplius
1366 3205 1445 3266 lava
1467 3224 1523 3279 me,
1550 3203 1629 3285 quia

221 3323 251 3376 ις
273 3301 431 3366 liberatus
447 3312 497 3366 est
513 3325 532 3366 a
550 3315 665 3384 morte,
682 3325 747 3370 non
768 3318 879 3371 tamen
898 3307 1178 3371 tribulationibus.

322 3406 398 3470 Tibi
412 3409 620 3489 solipeccavi,
635 3419 667 3472 et
682 3411 805 3473 malum
832 3431 939 3474 coram
961 3420 990 3475 te
996 3411 1073 3491 feci.
1100 3411 1199 3473 Multi
1217 3413 1330 3474 dicunt
1347 3435 1354 3474 :
1371 3411 1449 3492 quia
1477 3432 1537 3473 rex
1562 3422 1632 3475 erat

274 3511 393 3585 David,
409 3513 504 3595 quasi
522 3522 723 3593 potestatem
741 3515 868 3579 habens
894 3517 926 3578 ln
944 3535 1075 3578 servum
1104 3535 1200 3578 suum
1226 3516 1308 3579 dicit
1332 3534 1397 3578 non
1423 3536 1460 3578 se
1476 3535 1631 3596 peccasse

271 3613 423 3678 iniuriam
442 3617 503 3680 nisi
520 3618 580 3681 soli
600 3618 684 3695 De0,
700 3619 756 3701 qui
773 3619 965 3702 indignatus
994 3619 1093 3681 estin
1112 3619 1395 3700 praevaricatione
1411 3619 1490 3682 eius.
1508 3618 1631 3683 Osten-

270 3717 360 3781 ditur
376 3728 489 3783 autem
506 3722 583 3802 quia
600 3723 718 3800 omnis,
739 3723 795 3806 qui
813 3733 937 3806 peccat,
965 3723 1039 3786 Deo
1056 3733 1172 3804 peccat
1194 3725 1333 3789 creatori
1351 3733 1384 3787 et
1412 3724 1494 3803 legis
1510 3725 1630 3797 datori,

213 3849 250 3884 20
271 3825 406 3905 quando
422 3823 455 3887 in
472 3826 630 3907 proximo
651 3847 711 3890 suo
728 3837 850 3910 peccat.
869 3827 924 3893 Sic
952 3829 1040 3890 enim
1059 3839 1092 3889 et
1112 3827 1309 3890 Abimelech
1327 3827 1513 3908 prohibitus
1530 3838 1579 3888 est
1596 3828 1628 3889 in

272 3926 347 3990 Deo
362 3947 500 4009 peccare
527 3938 663 4010 propter
688 3931 821 3995 Sarram
848 3951 987 3995 uxorem
1010 3930 1194 3995 Abraham.
1223 3931 1383 3995 Similiter
1406 3941 1439 3994 et
1465 3929 1631 3994 Dominus

272 4042 382 4096 noster
398 4032 430 4113 In
448 4033 502 4096 die
519 4033 630 4096 iudicii
648 4043 761 4096 nostra
777 4033 810 4096 in
838 4055 873 4097 se
900 4034 1007 4109 refert,
1032 4035 1166 4097 dicens:
1192 4039 1198 4066 ‘
1217 4033 1317 4117 Quod
1350 4034 1405 4097 uni
1422 4054 1465 4096 ex
1484 4034 1631 4097 miaimis

269 4133 342 4196 istis
358 4154 423 4198 non
441 4134 573 4211 fecistis,
590 4155 649 4198 nec
667 4135 747 4198 mihi
768 4135 917 4200 lecistis'.

313 4236 390 4300 Ecce
404 4239 490 4302 enim
507 4239 542 4302 in
559 4239 789 4322 r'niqm'tatibus
803 4251 964 4322 conceptus
977 4262 1058 4304 sum.
1077 4241 1112 4305 Si
1132 4241 1243 4305 David
1262 4241 1511 4323 praevaricavit,
1526 4263 1631 4324 quare

302 4402 317 4453 3
331 4390 456 4458 Bersabee]
468 4391 603 4441 Bersabeae
611 4394 667 4443 cod.
756 4407 785 4442 ιο
792 4395 935 4456 abversum]
945 4411 1060 4448 aversum
1070 4397 1126 4445 cod.
1217 4408 1245 4444 12
1250 4396 1352 4459 suerat]
1363 4396 1452 4461 scrIpsi
1463 4415 1469 4456 ;
1475 4397 1562 4460 suerit
1570 4399 1626 4448 cod.

272 4485 280 4519 ι
286 4485 299 4534 3
313 4473 430 4535 moechia]
442 4475 553 4523 maecbr'cr
565 4476 623 4524 cod.
694 4475 944 4536 tydr'ce‘tlrlr'cetcod.
1014 4479 1167 4542 coquendo]
1180 4477 1440 4543 scripsi;prt‹rsr'cod.
1517 4494 1548 4542 24
1555 4489 1628 4546 prae·

267 4553 405 4616 varicavr't]
414 4557 597 4618 prevaricavr'd
604 4557 662 4606 cod.

313 4706 355 4746 12.
375 4686 499 4770 tuum]a
520 4692 591 4767 Reg.
613 4711 656 4762 12,
679 4711 719 4767 ¹3·
1014 4712 1058 4768 ²3·
1072 4689 1194 4772 secr'str's]
1212 4693 1318 4752 Matlh.
1338 4711 1383 4771 25,
1396 4711 1442 4771 45.
