4062 5504
480 339 556 421 124
880 335 907 394 S.
940 335 1194 395 HIERONYMI
1224 339 1490 398 PRESBYTERI

1038 539 1094 612 Ps.
1133 546 1186 625 ιε’),
1220 564 1275 631 14.

518 679 647 774 Ἀρῆκαν
674 686 712 748 τύ
739 683 910 752 κατάλοιπα
948 690 1010 764 τοῖς
1035 691 1154 769 νηπίοις
1186 693 1311 782 αὐτῶν]
1351 693 1468 772 Πίσης,
1498 690 1603 784 μησίν,
1634 687 1824 782 παρανομίας

474 788 714 883 ένεπλίμθησαν·
733 795 784 860 καί
799 798 842 871 είς
856 794 964 872 παῖδας
981 795 1012 863 δέ
1028 797 1142 878 ταύτην
1159 800 1373 892 παρέπεμψαν.

1032 975 1091 1047 Ps.
1129 997 1179 1068 ¹7·
1213 1001 1268 1048 21.

524 1120 579 1185 Καὶ
604 1121 811 1188 ἀνταποδώσω
836 1149 887 1212 μοι
912 1124 1012 1215 κύριος
1028 1128 1105 1191 κατὰ
1120 1128 1176 1205 τὴν
1192 1125 1385 1207 δικαιοσύνην
1403 1151 1461 1218 μου
1479 1133 1489 1214 ]
1516 1129 1687 1216 Πέπεισμαι
1705 1129 1767 1218 γὰρ
1785 1129 1829 1192 ὅτι

475 1229 552 1293 κατὰ
567 1229 619 1295 τὸν
635 1230 750 1322 καιρὸν,
769 1233 871 1322 μησίν,
890 1234 944 1311 τῆς
962 1232 1179 1325 δικαιοκρισίας
1196 1237 1300 1314 αύτού,
1319 1237 1354 1300 ού
1372 1234 1582 1324 μνημονεύσας
1598 1259 1656 1324 μου
1668 1238 1725 1313 τῆς
1739 1238 1831 1324 ἁμαρ-

475 1336 554 1412 τίας,
577 1341 653 1403 κατὰ
675 1339 730 1418 τὴν
752 1337 944 1418 δικαιοσύνην
965 1367 1022 1431 μου
1043 1342 1195 1410 ἀποδώσει
1217 1369 1281 1434 μοι·
1300 1347 1354 1420 τίς
1371 1347 1430 1436 γὰρ
1447 1342 1543 1418 ἀλλας
1562 1367 1620 1432 μον
1636 1339 1761 1432 πράξεις
1778 1345 1829 1416 τίς
1862 1366 1872 1416 5

476 1448 507 1510 ἐν
536 1444 710 1541 δικαιοσύνῃ
731 1449 832 1538 ὥσπερ
857 1451 888 1513 έν
908 1449 992 1540 ζυγῷ
1009 1451 1274 1543 ἀντιπαραλαβὼν,
1294 1453 1344 1517 καί
1361 1452 1545 1530 ἀντιπέρας
1565 1453 1603 1515 τὰ
1623 1453 1829 1543 ἁμαρτήματά

478 1576 548 1640 μου,
567 1555 643 1618 κατὰ
659 1552 738 1620 πολύ
755 1554 978 1640 πλεοναζούσας
995 1559 1075 1654 εύροι
1091 1563 1144 1626 τοῦ
1160 1562 1323 1654 γενομέναν
1341 1587 1394 1651 μοι
1410 1562 1648 1654 ἁμαρτήματος.

1055 1738 1114 1810 Ps.
1152 1741 1203 1822 18,
1233 1763 1266 1829 4.

524 1875 587 1942 Ούκ
611 1880 670 1946 είσί
692 1878 799 1950 λαλιαί
821 1883 888 1951 ούδέ
909 1884 1009 1980 λύγοι,
1034 1891 1076 1952 ὧν
1101 1888 1172 1980 ούγί
1197 1887 1354 1953 ἀκούονται
1375 1889 1406 1953 αί
1427 1887 1524 1980 ρωναί
1542 1889 1668 1975 αὐτῶν]
1693 1887 1735 1954 ’Ὁ
1752 1885 1832 1977 λέγει

479 1989 614 2053 τοιοῦτον
641 1993 734 2056 ἐστιν·
766 1992 840 2084 ’Άρα
866 1993 920 2058 ούκ
947 1993 1029 2060 ἔστιν
1051 1997 1117 2059 τινὰ
1145 1995 1324 2086 πράγματα,
1350 1994 1401 2059 καί
1426 1995 1470 2084 μὴ
1494 1995 1631 2084 ἀφίενται
1656 1996 1762 2088 φωνην
1784 1994 1831 2057 τίν

479 2095 623 2188 τεχνίτην
647 2099 901 2190 ἀνακηρύττοντα.
925 2101 983 2167 Ναί
1004 2101 1077 2190 μην·
1101 2103 1230 2193 καὶγὰρ
1251 2105 1359 2179 ἕκτης
1381 2099 1481 2176 καλῶς
1502 2100 1704 2190 ἡρμοσμένης
1727 2099 1797 2176 νηὸς
1812 2099 1830 2174 ί,
1849 2125 1872 2161 ιο

481 2205 577 2296 τέχνη
593 2207 646 2270 τοῦ
662 2210 819 2300 ναυπηγοῦ
837 2211 984 2303 μαίνεται.

1057 2356 1116 2428 Ps.
1149 2380 1205 2440 αα,
1238 2377 1268 2426 2.

526 2491 595 2560 Ἐπὶ
610 2493 717 2572 ύδατος
731 2499 926 2577 ἀναπαύσεως
940 2500 1074 2595 ἐξέθρεψέ
1088 2507 1152 2594 με]
1166 2501 1268 2594 Ὕδωρ
1281 2501 1489 2579 ἀναπαύσεως,
1504 2501 1538 2565 τὸ
1552 2500 1639 2592 ἅγιον
1652 2499 1822 2588 βάπτισμα.

1082 2678 1175 2752 Ibid.
1207 2684 1239 2748 6.

529 2836 586 2903 Καί
609 2840 643 2905 τὸ
667 2845 816 2908 κατοικεῖν
842 2869 878 2931 με
899 2846 931 2909 ἐν
947 2841 1019 2932 οἴκῳ
1036 2842 1146 2935 Καρίου
1163 2841 1205 2918 είς
1224 2843 1401 2933 μακρότητα
1415 2842 1564 2932 ἡμερῶν]
1583 2841 1646 2920 Τὴν
1667 2837 1823 2918 ἐκκλησίαν

482 2941 578 3037 λέγει·
597 2950 612 3013 ὁ
629 2952 688 3040 γὰρ
708 2947 797 3026 ἀξίως
815 2951 1011 3043 σ’ρραγισθείς
1027 2955 1058 3018 ἐν
1075 2953 1151 3045 αὐτῇ
1169 2951 1245 3040 μένη
1262 2955 1304 3027 είς
1321 2950 1355 3014 τὸ
1373 2948 1460 3014 αίών.

1056 3129 1116 3202 Ps.
1149 3153 1204 3219 24,
1238 3147 1267 3219 7.

531 3289 613 3356 Κατίι
637 3292 670 3357 τὸ
694 3292 780 3372 ἔλεός
802 3321 855 3361 σου
881 3293 1031 3385 μνήσθητί
1055 3299 1139 3384 μον]
1158 3293 1326 3386 Ἄνθρωποι
1344 3295 1398 3382 μἐν
1413 3292 1652 3382 μνημονεύοντές
1666 3318 1769 3370 τινων,
1782 3291 1827 3360 τὰς
1847 3325 1866 3376 ¹5

484 3402 649 3490 φαντασίας
677 3401 737 3464 τῶν
764 3403 1023 3495 προεγνωσμένων
1050 3404 1239 3466 ἀνακινοῦσιν
1267 3404 1297 3466 ἐν
1325 3401 1454 3473 έαντοίς·
1478 3398 1554 3475 θεὸς
1579 3398 1610 3464 δὲ
1638 3399 1827 3490 μνημονεύων

483 3507 609 3600 λογικῆς
639 3508 769 3600 μύσεως,
794 3510 867 3604 ον”γί
896 3512 1062 3600 φαντασίαν
1091 3511 1183 3587 αύτης
1211 3507 1363 3597 λαμβάνει
1392 3505 1507 3598 (γνωως
1531 3509 1590 3599 γάρ
1615 3510 1698 3572 ἐστιν
1722 3509 1737 3571 ί
1760 3505 1827 3575 Θεὸς

484 3615 660 3701 ούσιώὃης),
680 3615 759 3681 ἀλλὰ
777 3617 894 3709 γίνεται
910 3621 941 3682 έν
958 3617 1046 3712 αύτῂ.
1066 3615 1179 3681 Τούτου
1196 3619 1254 3708 γὰρ
1271 3614 1394 3706 λέγεται
1412 3614 1583 3703 μεμνῆσθαι
1604 3615 1619 3678 ὁ
1643 3615 1764 3705 Κύρισς,
1781 3611 1826 3675 τοῦ

484 3728 515 3789 έν
532 3730 556 3812 ᾧ
572 3726 679 3818 χώρει.
700 3725 757 3791 Καί
773 3728 917 3817 πρότερον
935 3729 990 3815 μἐν
1006 3724 1055 3790 ὖια
1071 3729 1125 3804 της
1144 3723 1268 3816 θεωρίας
1284 3725 1345 3788 τῶν
1361 3721 1532 3816 γεγονότων
1545 3723 1560 3784 ὁ
1575 3721 1682 3813 Κύριος
1697 3722 1788 3816 χώρει
1800 3723 1826 3784 ἐν

485 3837 529 3908 οἷς
546 3833 654 3928 χώρει·
673 3834 777 3900 ἔπειτα
789 3834 820 3900 δέ
836 3835 886 3899 καί
903 3833 918 3898 δ
934 3836 951 3897 ἀ
967 3838 1022 3914 της
1035 3833 1175 3925 γνώσεως
1192 3835 1247 3911 τῆς
1265 3834 1383 3897 ἑαυτοῦ.
1841 3862 1864 3897 ιο

521 4059 529 4094 1
546 4041 645 4107 Πίσης]
657 4047 688 4105 Τ,
703 4045 718 4094 ί.
732 4054 783 4107 45¹¹.
886 4058 900 4107 3
922 4038 1077 4106 Ιίέπειαμαι]
1098 4059 1227 4106 πεπισμαι
1247 4043 1279 4102 T,
1301 4043 1345 4092 sol,
1367 4041 1407 4103 48.
1509 4043 1525 4092 6
1545 4038 1711 4105 ἀντιστησας]
1731 4040 1824 4103 scripsi:

485 4145 632 4191 αναστησας
645 4129 674 4178 Τ.
792 4121 852 4177 8Ὃ
864 4122 946 4194 λέγει]
967 4127 996 4183 Τ,
1021 4127 1035 4174 s.
1061 4138 1099 4188 51.
1199 4120 1423 4194 9ἀρίενται1εοά.
1439 4140 1550 4192 αριεντε.
1675 4119 1825 4186 ιοΧαὶμίν]

484 4229 570 4276 ναιμιν
582 4213 612 4260 Τ.
717 4225 742 4260 ιι
759 4205 884 4278 μαίνεται]
903 4226 949 4259 ms.
965 4224 1075 4277 ιρενεται.
1179 4221 1206 4257 ια
1226 4200 1326 4274 ’Ύάωρί
1345 4209 1376 4267 Τ,
1398 4207 1415 4255 f.
1437 4207 1475 4268 58.
1580 4200 1823 4271 ιςΤὴνέκνιλησίαν]

487 4295 552 4344 Ibid.
566 4295 616 4357 58⁸2
721 4307 750 4355 14
763 4288 827 4358 μένη
841 4287 876 4349 είς
888 4289 918 4342 τὸ
931 4286 1004 4349 αἰών]
1017 4291 1050 4340 ita
1064 4307 1108 4339 ms.
1203 4302 1230 4352 15
1245 4281 1407 4357 Ἄνθρωποι]
1418 4290 1449 4347 Τ,
1465 4290 1480 4337 s.
1494 4289 1546 4340 (ιον.
1635 4303 1662 4352 ι7
1676 4287 1775 4358 ηνὼως]
1785 4287 1821 4334 sic.

531 4499 572 4536 10.
590 4477 664 4560 νηός]
680 4483 766 4540 Conf.
785 4481 911 4539 Hieron.
925 4495 1012 4552 supra
1025 4497 1050 4553 p.
1071 4497 1133 4548 ιιι,
1187 4479 1273 4535 ficem
1292 4475 1409 4535 navium
1431 4484 1459 4534 et
1475 4475 1712 4535 caementarium
1727 4471 1822 4550 cogita-

486 4560 502 4619 Ι.
523 4581 559 4622 20
577 4565 643 4623 ‘Au
660 4579 719 4620 non
736 4561 766 4620 in
783 4562 849 4620 navi
865 4573 894 4620 et
909 4559 1049 4622 aedificio
1069 4559 1134 4620 arti·
1187 4559 1292 4617 mus?'
