4158 5492
426 371 481 454 28
801 395 829 458 s.
855 394 1110 456 urutonunt
1134 391 1399 454 PRESBYTERI

424 614 684 697 transmigrante
700 613 830 698 migrat.
849 615 1029 697 Propterea
1052 616 1174 681 dicitur
1188 611 1341 702 nepotuie,
1358 631 1423 678 non
1446 613 1618 682 habitatio.
1642 616 1783 681 Domine
1846 651 1849 659 ·

422 719 497 802 quis
510 719 673 784 habitabit
693 719 727 784 in
746 719 951 784 tabernaculo
974 723 1059 786 tuo?
1075 721 1244 805 Quoniam
1262 721 1513 786 tabernaculum
1529 731 1588 800 est,
1605 733 1781 806 propterea

423 823 565 914 reperirier
586 825 713 890 dicitur.
731 824 916 889 Videamus
932 845 1013 908 ergo
1039 827 1129 909 quod
1155 835 1204 890 est
1229 824 1491 904 tabernaculum,
1515 827 1572 910 qui
1596 837 1647 894 est
1675 847 1780 892 mons.

426 929 588 994 Diximus
600 929 679 1012 quia
688 927 940 994 tabernaculum
954 950 1020 994 non
1034 930 1156 996 habeat
1172 930 1504 1012 fundamentum,sed
1517 937 1638 1002 dornus
1654 937 1779 1001 incerta

424 1035 487 1100 sit:
503 1035 625 1100 domus
641 1043 753 1099 autem
772 1032 867 1098 firma
893 1033 994 1100 habet
1012 1034 1237 1101 fundamenta.
1255 1035 1523 1104 Tabernaculum
1552 1041 1632 1105 mihi
1648 1042 1780 1106 videtur
1816 1054 1829 1108 5

424 1141 518 1204 istius
531 1140 646 1205 mundi
663 1138 810 1203 ecclesia.
825 1139 924 1202 Nunc
940 1140 1097 1205 ecclesias
1113 1161 1196 1224 quas
1221 1141 1350 1221 videtis,
1367 1145 1581 1210 tabernacula
1596 1157 1694 1211 sunt:
1711 1167 1778 1210 non

423 1247 512 1310 enim
538 1245 590 1309 hic
617 1263 852 1327 permanemus
877 1245 1079 1324 habitantes,
1104 1246 1162 1310 sed
1190 1245 1256 1310 alio
1283 1247 1455 1330 migraturi
1477 1270 1600 1316 sumus.
1626 1251 1662 1316 Si
1690 1251 1777 1315 enim

423 1356 429 1383 ¹
442 1351 560 1416 transit
575 1349 709 1414 schema
722 1349 837 1412 mundi
851 1350 946 1414 istius
957 1350 964 1376 '
977 1372 984 1429 ;
1001 1361 1034 1415 et
1049 1352 1170 1416 dicitur
1181 1353 1212 1416 in
1223 1353 1290 1416 alio
1301 1351 1384 1430 loco,
1396 1353 1474 1435 quia
1486 1357 1493 1386 ‘
1504 1351 1632 1418 caelum
1645 1363 1679 1418 et
1692 1364 1779 1417 terra

424 1455 672 1538 pertransibunt
688 1455 714 1518 ¹:
730 1454 757 1517 si
773 1451 903 1519 caelum
920 1464 953 1519 et
969 1465 1056 1519 terra
1080 1457 1338 1538 pertransibunt,
1354 1467 1480 1540 quanto
1507 1459 1614 1540 magis
1642 1478 1730 1522 nunc
1746 1468 1779 1521 et

425 1559 637 1624 ecclesiarum
666 1557 803 1640 iapides,
830 1579 914 1642 quos
939 1559 1118 1624 videmus?
1144 1561 1242 1625 Nunc
1268 1581 1349 1644 ergo
1375 1561 1534 1625 ecclesiae
1565 1561 1779 1626 tabernacuta
1801 1579 1831 1615 10

425 1667 590 1743 dicuntur,
610 1663 769 1748 quoniam
799 1663 971 1746 migraturi
998 1684 1113 1753 sumus
1128 1665 1171 1730 de
1196 1667 1268 1730 istis
1291 1665 1333 1728 ad
1363 1675 1510 1729 montem
1527 1676 1681 1731 sanctum
1707 1667 1781 1730 Dei.

426 1771 510 1855 Quis
527 1781 577 1835 est
590 1771 651 1834 iste
668 1788 764 1832 mons
776 1767 915 1833 Domini
925 1775 1080 1833 sanctus?
1093 1770 1224 1835 Dicitur
1240 1772 1272 1834 in
1288 1768 1448 1834 iezechiel
1465 1777 1581 1834 contra
1596 1771 1779 1854 principem

425 1875 528 1958 Tyri:
555 1873 789 1939 ‘vulneratus
812 1891 858 1952 es,
874 1871 1025 1956 inquit,a
1054 1883 1168 1940 monte
1184 1873 1323 1938 Domini
1345 1874 1359 1939 ¹.
1382 1873 1430 1938 Et
1451 1873 1526 1956 quis
1550 1875 1721 1957 requiescet
1746 1877 1780 1940 in

426 1988 531 2044 monte
544 1988 653 2042 sancto
669 1988 723 2041 tuo
736 1977 756 2040 P

469 2083 638 2167 Quoniam
654 2101 735 2165 ergo
751 2081 794 2145 de
810 2081 1032 2146 tabernaculis
1059 2083 1102 2147 ad
1121 2092 1269 2147 montem
1288 2081 1462 2166 migraturi
1478 2101 1604 2158 sumus,
1618 2081 1780 2146 debemus
1801 2104 1810 2140 1
1816 2100 1829 2153 ς

430 2187 556 2252 discere
581 2187 637 2270 qui
663 2194 741 2249 sunt
769 2185 822 2248 isti
838 2173 894 2267 qui
921 2185 1092 2266 migraturi
1115 2195 1193 2250 sunt
1209 2185 1241 2249 in
1267 2193 1415 2251 montem
1444 2196 1595 2252 sanctum
1613 2187 1687 2252 Dei.
1706 2187 1780 2253 Hoc

427 2293 517 2375 quod
535 2291 632 2368 dixit,
651 2289 735 2370 Quis
746 2289 908 2354 habitabit
922 2288 957 2352 in
977 2289 1180 2354 tabernaculo
1195 2301 1258 2366 tuo,
1273 2300 1334 2354 aut
1346 2291 1423 2374 quis
1437 2291 1606 2374 requiescet
1627 2292 1662 2354 in
1677 2301 1783 2355 moute

425 2407 533 2460 sancto
563 2407 626 2473 tue,
653 2393 887 2475 interrogantis
914 2402 973 2457 est.
1005 2392 1105 2476 Quod
1137 2414 1217 2476 ergo
1245 2395 1462 2478 interrogavit
1489 2395 1661 2478 propheta,
1692 2415 1780 2458 nunc

427 2505 605 2585 respondet
623 2501 767 2584 Spiritus
783 2508 927 2564 sanctus.
945 2501 989 2564 Et
1014 2501 1094 2583 quid
1112 2503 1141 2565 ei
1166 2502 1274 2567 dicit?
1294 2503 1355 2565 Vis
1376 2500 1467 2577 scire,
1482 2520 1503 2565 o
1519 2499 1691 2583 propheta,
1705 2501 1781 2584 quis

427 2607 591 2686 habitabit
607 2607 640 2669 in
658 2601 873 2670 tabernaculo
890 2623 974 2680 meo,
990 2612 1047 2667 aut
1066 2605 1140 2686 quis
1160 2606 1344 2688 requiescet
1360 2606 1393 2669 in
1411 2612 1525 2668 monte
1549 2611 1666 2668 sancto
1683 2607 1781 2667 meo?
1799 2629 1831 2665 ιο

428 2711 517 2776 Audi
535 2730 620 2794 quae
636 2714 819 2790 sequuntur
834 2707 880 2769 :si
897 2707 978 2768 haec
995 2704 1109 2770 seceris
1123 2727 1211 2790 quae
1226 2717 1418 2790 sequuntur,
1435 2707 1602 2772 habitabis
1616 2708 1648 2771 in
1666 2717 1781 2773 monte

426 2825 544 2880 sancto
561 2834 645 2878 meo.
660 2812 733 2876 Vos
750 2829 829 2894 ergo
844 2810 901 2892 qui
918 2809 1017 2873 vultis
1033 2809 1183 2875 habitare
1200 2812 1232 2875 in
1249 2812 1474 2890 tabernaculo,
1495 2821 1528 2876 et
1549 2812 1728 2877 ascendere
1745 2813 1776 2875 in

426 2928 575 2985 montem
602 2927 754 2982 sanctum
771 2915 845 2992 Dei,
873 2934 938 2977 non
968 2934 1102 2979 necesse
1118 2926 1168 2981 est
1195 2926 1230 2980 ut
1248 2937 1323 2981 mea
1350 2916 1451 2980 verba
1471 2915 1624 2981 audiatis.
1651 2915 1779 2981 Audite

425 3023 504 3106 quid
532 3021 699 3086 Dominus
727 3018 909 3102 prophetae
937 3019 1164 3102 responderit;
1192 3019 1255 3084 hoc
1272 3020 1371 3085 tacite
1387 3020 1477 3103 quod
1506 3019 1673 3084 Dominus
1687 3040 1781 3103 prae-

424 3128 521 3209 cepit,
537 3136 571 3190 et
586 3123 773 3189 ascendetis
791 3123 822 3185 in
842 3131 990 3186 montem
1005 3131 1157 3188 sanctum
1178 3123 1249 3190 Dei.
1268 3122 1337 3202 Qui
1355 3122 1542 3206 ingreditur
1554 3123 1624 3186 sine
1645 3123 1781 3198 macula,
1799 3148 1829 3201 ²5

424 3242 455 3295 et
476 3239 628 3314 operatur
642 3227 815 3290 iustitiam.
839 3227 1017 3308 Propterea
1040 3227 1161 3291 dicitur
1177 3236 1210 3292 et
1240 3229 1272 3290 in
1295 3228 1478 3292 centesimo
1502 3237 1623 3294 octavo
1649 3228 1781 3291 decimo

426 3335 579 3418 psalmo:
604 3331 724 3396 ‘Beati
752 3329 944 3394 inmaculati
973 3331 1005 3393 in
1033 3331 1087 3393 via
1103 3329 1118 3394 ’.
1136 3331 1258 3396 Statim
1286 3332 1318 3395 iu
1343 3329 1507 3414 principio
1531 3329 1661 3407 dicitur,
1685 3331 1779 3394 Beati

426 3436 617 3501 inmaculati
635 3419 667 3498 in
685 3435 746 3498 via.
769 3431 949 3516 Quomodo
966 3431 1011 3496 ibi
1033 3433 1161 3511 dicitur,
1178 3433 1371 3498 inmaculati
1389 3435 1421 3496 in
1438 3435 1502 3512 via,
1517 3433 1564 3499 sie
1582 3444 1614 3499 et
1630 3435 1682 3499 hic
1699 3435 1779 3499 dici-

461 3679 470 3714 t
491 3659 627 3733 nepotatio]
643 3663 765 3730 papecbia
785 3663 811 3712 S.
908 3664 1066 3728 ababitabe't]
1076 3664 1141 3713 codd
1155 3683 1162 3724 ;
1178 3665 1264 3714 acceia
1275 3665 1340 3728 Aug.
1433 3665 1480 3730 qui
1489 3672 1524 3714 est
1539 3666 1618 3726 urens]
1632 3666 1694 3716 BCS
1705 3684 1713 3726 ;
1724 3667 1781 3732 quis

426 3761 446 3794 e.
462 3763 495 3795 m.
510 3747 552 3804 G;
569 3745 662 3809 quide.
677 3761 709 3793 eu.
725 3745 790 3808 Aug.
897 3753 910 3807 5
931 3745 1042 3805 videtur]
1063 3746 1128 3808 Aug.
1144 3745 1161 3794 S
1178 3745 1237 3794 add.
1250 3760 1304 3794 esre.
1414 3747 1430 3794 6
1449 3747 1568 3807 ecelesias]
1585 3749 1695 3796 ecelesiae
1714 3749 1778 3812 Aug.

427 3839 440 3888 7
454 3827 515 3888 alio]
528 3828 591 3892 Aug.
607 3827 697 3875 ABSG
711 3844 717 3884 ;
735 3827 769 3874 ad
778 3825 831 3873 elia
843 3824 864 3874 C
876 3826 944 3884 (nde
957 3829 1017 3886 m.);
1035 3825 1070 3874 nd
1078 3826 1129 3874 ulio
1143 3826 1170 3874 L.
1260 3839 1287 3874 12
1301 3826 1375 3888 Quis]
1382 3829 1430 3891 qui
1438 3827 1467 3876 L.
1564 3827 1592 3876 16
1603 3829 1704 3890 deicere]
1715 3830 1777 3893 Aug.

427 3911 469 3958 BC
483 3928 490 3968 3
507 3910 587 3959 dicere
598 3909 700 3959 ALSG.
804 3906 833 3955 18
844 3907 1034 3971 interrogaretis]
1053 3909 1099 3957 LG
1116 3908 1189 3958 inser.
1204 3925 1260 3958 etex.
1361 3922 1392 3957 22
1410 3910 1439 3956 in
1455 3913 1573 3974 urentem]
1584 3910 1619 3958 ad
1628 3917 1734 3959 urerrtem
1747 3911 1779 3960 G.

427 4006 458 4056 23
472 4009 521 4042 nou
534 3993 633 4054 neeesse]
646 4008 714 4040 nunc
726 4006 816 4041 rrecesse
829 3989 865 4048 B;
881 4025 912 4046 μ..
927 4006 1017 4039 tetresse
1027 3991 1054 4040 L.

472 4215 492 4252 r.
530 4195 665 4270 παροικία,
693 4211 749 4249 uon
774 4187 927 4270 habitatio]
950 4187 1074 4249 Hieron.
1129 4189 1243 4264 psalmo
1268 4208 1383 4250 rursum
1407 4207 1461 4264 pro
1475 4186 1607 4249 incolatu
1626 4188 1780 4250 habitatio

426 4293 473 4351 ep.
493 4279 558 4348 106,
574 4295 602 4335 n.
619 4295 651 4352 3:
669 4279 676 4306 ‘
694 4271 854 4344 Miramini,
869 4291 922 4331 cur
936 4273 1075 4347 naporaies
1128 4289 1196 4329 nem
1212 4269 1331 4347 posuit:
1361 4271 1483 4328 Domine
1503 4271 1568 4344 quis
1592 4271 1736 4329 habitabit
1748 4273 1779 4329 in

427 4356 443 4414 i.
470 4375 494 4415 e.
521 4357 682 4416 incolatum
712 4353 821 4414 tatinus
846 4354 988 4430 interpres
1013 4373 1073 4412 non
1127 4353 1403 4410 tabernaculotreot’

428 4437 553 4511 verterit,
574 4438 627 4499 sed
650 4457 703 4514 pro
725 4437 783 4495 hoc
809 4437 939 4512 posuerit
965 4435 1075 4492 habita·
1169 4436 1194 4490 8.
1209 4430 1447 4513 ruundirstius]1
1469 4435 1536 4496 Cor.
1555 4451 1581 4506 7,
1599 4453 1645 4510 3¹·

426 4517 549 4592 tionem,
574 4538 652 4596 quae
680 4537 784 4594 graece
812 4516 921 4576 dicitur
945 4517 1074 4573 κατοικία.
1169 4533 1195 4589 9.
1208 4511 1441 4593 pertransibunt]
1460 4515 1565 4573 Matth.
1585 4536 1630 4585 24,
1644 4533 1690 4590 35.

428 4601 519 4675 Quod
544 4601 667 4678 quidem
691 4613 720 4659 et
744 4599 774 4656 in
799 4599 858 4657 alio
881 4600 948 4656 loco
973 4597 1077 4656 iecisse
1174 4614 1216 4669 ¹³·
1234 4592 1371 4675 Domine]
1389 4595 1494 4654 Ezech.
1515 4597 1560 4666 28,
1580 4601 1688 4655 rdsec.
1707 4613 1776 4655 cxx.

427 4682 650 4746 convincitur...
683 4683 721 4748 Et
756 4679 785 4739 in
818 4679 937 4740 decimo
971 4689 1078 4762 quarto
1172 4673 1399 4761 27.1·nvu]1³s.
1420 4678 1528 4749 118,1.
