4060 5498
502 401 557 482 68
881 413 910 470 s,
944 411 1198 471 menonvalt
1228 379 1496 469 nnnsnvrnnt

548 615 616 694 Qui
640 615 769 680 habitat
797 615 832 678 ire
857 613 1024 679 adiutorio
1049 610 1228 676 Altirsimi.
1260 609 1423 675 Nostrum
1448 619 1501 675 est
1534 611 1691 694 incipere,
1720 611 1782 675 Dei
1805 623 1853 677 est

503 722 662 785 adiuvare
678 745 684 784 :
701 740 810 803 neque
827 720 916 782 enim
935 719 1142 782 dormientes
1158 725 1308 792 coronat,
1324 716 1382 779 sed
1400 715 1599 780 laborantes.
1615 717 1658 779 In
1668 717 1854 798 protectione

503 827 571 890 Dei
599 825 682 889 caeli
702 823 964 887 commorabitur.
994 823 1058 885 Pro
1079 841 1120 884 eo
1146 821 1235 903 quod
1258 819 1411 902 legimus
1437 820 1502 882 Dei
1525 821 1619 895 caeli,
1645 821 1678 883 in
1705 821 1854 884 hebraico

503 930 605 993 habet
636 942 782 993 sabbat.
812 927 912 991 Unde
940 927 1003 989 hoc
1027 925 1117 1008 quod
1143 925 1176 986 in
1197 923 1379 986 iezechiele
1394 923 1517 987 dicitur
1534 923 1599 988 ‘Et
1615 924 1727 988 audivi
1744 945 1852 988 vocem

505 1033 644 1097 Domini
662 1032 789 1097 Saddai
813 1031 982 1114 loquentis
995 1031 1001 1056 ¹
1016 1029 1063 1093 ita
1076 1037 1189 1110 potest
1205 1026 1365 1109 intellegi,
1381 1027 1472 1111 quod
1490 1028 1632 1091 audierit
1655 1048 1771 1092 vocem
1789 1029 1853 1091 Do·
1888 1051 1899 1101 5

505 1138 584 1200 mini
603 1125 767 1199 Dei'caeli
785 1135 976 1218 loquentis:
995 1135 1154 1217 quoniam
1175 1132 1302 1196 Saddai
1328 1132 1393 1195 Del
1412 1131 1496 1194 caeli
1513 1132 1762 1214 interpretatur.

546 1240 729 1321 Rcy‘ugiurn
746 1260 851 1302 rreum
873 1240 964 1302 Deus
988 1257 1086 1301 merrs.
1105 1236 1246 1299 Pulchre
1262 1235 1362 1312 dixit,
1379 1235 1565 1316 retugium:
1581 1237 1747 1319 quoniam
1765 1237 1854 1303 multi

503 1353 581 1408 sunt
598 1353 834 1426 persecutores,
850 1353 883 1406 et
899 1353 935 1404 tu
953 1342 1044 1405 solus
1062 1340 1238 1422 refugium.
1257 1339 1366 1403 Multa
1382 1351 1460 1402 sunt
1485 1339 1632 1416 vulnera,
1645 1342 1705 1404 sed
1723 1352 1758 1404 tu
1772 1342 1857 1404 solus

505 1449 653 1512 medicus
666 1468 709 1510 es.
728 1447 869 1528 Spernbo
886 1445 921 1509 in
936 1466 1010 1509 eum
1024 1468 1036 1508 .·
1050 1443 1205 1526 qnoniam
1223 1443 1289 1525 ipse
1303 1442 1454 1508 liberabit
1470 1463 1520 1506 me
1537 1443 1576 1507 de
1599 1445 1713 1526 laqueo
1741 1465 1855 1508 arenan-

504 1554 597 1617 tium.
615 1553 652 1614 ln
672 1552 738 1614 isto
754 1550 889 1614 saeculo
907 1552 1017 1632 plures
1037 1558 1116 1612 sunt
1141 1559 1327 1625 venatores,
1343 1550 1400 1631 qui
1424 1548 1557 1611 animas
1584 1560 1717 1611 nostras
1746 1569 1857 1630 capere
1877 1571 1901 1606 ro
1955 1563 1958 1570 ⁴
1986 1601 1987 1606 ,

504 1655 706 1727 desiderant,
722 1655 807 1717 sicut
825 1675 845 1718 a
862 1654 1027 1736 propheta
1043 1653 1165 1717 dicitur
1181 1677 1187 1716 :
1203 1658 1209 1683 ‘
1227 1652 1355 1716 Anima
1372 1660 1487 1714 nostra
1509 1652 1594 1715 sicut
1618 1673 1735 1733 passer
1751 1663 1857 1735 erepta

506 1770 557 1823 est
583 1760 624 1822 de
652 1760 773 1841 laqueo
802 1759 995 1822 venantium
1013 1757 1029 1821 '.
1059 1757 1245 1821 Venatores
1272 1759 1398 1839 quippe
1428 1756 1460 1818 in
1487 1756 1659 1836 scripturis
1688 1759 1856 1821 sanctisin

507 1866 674 1930 sinistram
692 1873 820 1944 partem
838 1864 945 1945 accipi
962 1882 1063 1945 saepe
1081 1862 1146 1924 iam
1164 1861 1323 1924 diximus.
1343 1859 1479 1924 Nebrod
1498 1861 1588 1923 enim
1605 1859 1660 1923 ille
1683 1861 1792 1942 gigas,
1807 1862 1857 1924 ad·

508 1989 621 2032 versus
640 1968 750 2030 Deum
768 1987 900 2049 semper
916 1965 1057 2041 rebellis,
1074 1975 1214 2028 venator
1242 1963 1312 2028 luit.
1340 1965 1430 2028 Esau
1459 1984 1593 2046 quoque
1620 1975 1763 2029 venator
1794 1965 1858 2030 luit.

510 2072 679 2155 Quoniam
699 2072 769 2152 ipse
788 2070 943 2134 liberabit
961 2090 1014 2133 me
1030 2072 1072 2133 de
1083 2069 1204 2151 laqueo
1220 2070 1424 2132 venantium.
1440 2069 1601 2150 Legimus
1614 2067 1646 2131 in
1660 2070 1859 2134 Proverbiis:
1878 2089 1902 2140 13

512 2176 668 2240 ‘Oculus
705 2175 896 2252 meretricis,
934 2173 1074 2256 laqueus
1113 2173 1325 2254 peccatoris’
1353 2171 1590 2254 ‘Quicumque
1623 2175 1713 2235 enim
1747 2173 1859 2237 viderit

513 2281 687 2344 mulierem
704 2279 746 2343 ad
760 2279 1065 2360 concupiscendum
1083 2297 1168 2353 eam,
1179 2277 1244 2339 iam
1263 2277 1459 2340 moechatus
1470 2286 1520 2340 est
1533 2295 1606 2339 eam
1621 2278 1653 2338 in
1667 2277 1768 2341 corde
1779 2299 1836 2340 suo
1844 2278 1857 2340 ’.

512 2384 604 2466 Quot
617 2392 753 2464 peccata
765 2390 851 2458 sunt,
863 2391 914 2445 tot
924 2381 1033 2464 laquei
1048 2404 1054 2458 ;
1068 2392 1148 2462 quot
1163 2382 1281 2462 laquei,
1294 2391 1345 2444 tot
1357 2391 1543 2444 venatores.
1565 2383 1735 2462 Dogmata
1752 2383 1858 2446 haere-

514 2490 667 2562 ticorum,
683 2485 792 2568 laquei
809 2496 886 2549 sunt
904 2487 1032 2549 mortis.
1051 2487 1205 2566 Denique
1221 2486 1370 2568 sequitur
1385 2505 1392 2548 ε
1408 2495 1439 2547 et
1453 2507 1473 2546 a
1500 2491 1590 2548 verbo
1614 2496 1734 2567 aspero.
1760 2485 1860 2550 Vides

513 2591 673 2675 quoniam
702 2589 744 2652 de
769 2589 944 2652 haereticis
972 2590 1101 2653 dicitur.
1125 2591 1187 2652 Pro
1214 2609 1255 2652 eo
1282 2590 1373 2671 quod
1397 2609 1457 2652 nos
1485 2588 1659 2665 habemus,
1682 2611 1809 2672 aspero,
1829 2591 1858 2652 in
1877 2609 1903 2644 20

513 2695 669 2759 hebraico
683 2693 787 2756 habet
803 2701 810 2724 ‘
827 2695 1028 2756 abscondito
1040 2695 1055 2758 .'
1081 2694 1222 2775 Semper
1245 2695 1333 2756 enim
1359 2693 1516 2757 haeretici
1541 2704 1669 2758 secreta
1698 2696 1858 2777 quaedam

513 2811 544 2863 et
562 2819 685 2880 magna
699 2798 908 2879 pollicentur,
925 2807 961 2860 ut
978 2819 1064 2878 quae
1081 2817 1158 2860 vera
1175 2807 1252 2861 sunt
1278 2807 1311 2860 et
1329 2797 1507 2860 manifesta
1524 2797 1695 2880 diripiant.

553 2905 595 2966 In
609 2903 749 2984 scapulis
762 2903 833 2965 suis
848 2901 1051 2964 obumbrabit
1066 2901 1133 2965 tibi.
1151 2901 1236 2982 Quis
1252 2900 1491 2964 obumbrabit?
1510 2901 1638 2982 Utique
1658 2903 1752 2966 Deus
1774 2904 1859 2980 caeli,

510 3011 595 3071 sicut
611 3007 737 3089 gallina
756 3006 865 3088 pullos
878 3027 965 3082 suos,
979 3018 1011 3068 et
1029 3007 1123 3086 quasi
1140 3005 1251 3087 aquila
1266 3006 1381 3068 nidum
1399 3025 1505 3067 suum.
1525 3005 1628 3069 Unde
1645 3019 1678 3069 et
1690 3008 1723 3069 in
1738 3010 1860 3071 cantico

512 3111 765 3175 Deuteronomii
782 3109 913 3186 dicitur,
929 3113 1018 3191 quod
1038 3111 1199 3192 populum
1228 3109 1354 3172 Israhel
1382 3111 1414 3172 in
1442 3110 1589 3172 humeris
1615 3113 1806 3191 portaverit,
1831 3123 1860 3174 et
1877 3127 1901 3176 25

510 3215 603 3298 quasi
622 3213 732 3296 aquila
750 3216 943 3295 protexerit.
962 3215 1077 3277 Potest
1096 3225 1128 3275 et
1145 3213 1188 3276 de
1205 3213 1381 3277 Salvatore
1408 3213 1566 3295 intellegi,
1593 3215 1684 3296 quod
1713 3215 1747 3277 in
1772 3235 1860 3278 cruce

511 3339 570 3380 sua
587 3337 647 3379 nos
664 3317 730 3379 suis
747 3317 809 3380 alis
823 3318 1015 3399 protexerit.
1033 3318 1079 3380 Et
1094 3317 1153 3380 snb
1159 3317 1278 3398 pennis
1289 3317 1359 3380 cius
1367 3317 1518 3399 sperabis.
1531 3323 1538 3349 ‘
1551 3318 1639 3380 Tota
1650 3318 1705 3380 die
1718 3319 1859 3401 expandi

513 3441 630 3484 manus
648 3441 739 3484 meas
753 3422 794 3484 ad
810 3422 972 3503 populum
991 3443 1056 3485 non
1072 3423 1263 3485 credentem
1278 3433 1311 3485 et
1322 3421 1607 3484 contradicentem
1623 3423 1703 3485 rnihi
1716 3425 1731 3488 '.
1746 3423 1859 3486 Manus

544 3608 560 3654 4
572 3609 627 3658 sqq.
642 3599 752 3640 SADDA
757 3593 778 3655 1]
790 3591 877 3657 scripsi
890 3609 897 3652 ;
909 3593 984 3642 sabat
994 3593 1023 3642 L.
1093 3592 1231 3655 [ezechiele]
1243 3593 1370 3643 Eserlrieie
1382 3591 1413 3653 L,
1425 3591 1629 3656 ultimaepostea
1638 3592 1699 3644 add.
1768 3595 1861 3644 binter·

510 3677 638 3740 pretatur]
656 3677 877 3741 interpraetentur
897 3677 925 3735 L,
948 3677 1027 3724 altera
1047 3692 1065 3724 n
1077 3675 1136 3725 add.
1153 3689 1162 3724 1
1177 3691 1210 3725 nt.
1225 3692 1280 3739 sup.
1296 3676 1339 3724 lin.
1441 3673 1490 3723 8et
1500 3674 1540 3736 tu]
1553 3673 1657 3724 sortasse
1670 3693 1717 3742 pro
1728 3678 1815 3735 snitu,
1829 3676 1862 3725 uti

512 3759 557 3808 lin.
571 3775 623 3824 seq.
728 3757 1135 3822 13Nebred]scripsiiuxtaLXX
1149 3752 1387 3823 Nesiprbdrllsebron
1398 3756 1427 3806 L.
1526 3757 1858 3823 gigar]corr.ergigarrsb

513 3855 541 3890 21
553 3841 682 3902 baeretici]
691 3843 715 3890 ci
721 3841 780 3890 add.
787 3856 841 3904 sup.
850 3841 893 3889 lin.
902 3840 931 3888 L.
1001 3852 1031 3902 23
1040 3840 1149 3901 obumbl
1156 3839 1263 3889 obbumb.
1273 3839 1301 3888 L.
1373 3839 1436 3900 Quis
1442 3838 1607 3900 obumbrabit]
1619 3840 1647 3900 Q.
1654 3839 1824 3889 obbnmbrauit
1833 3840 1859 3888 L.

557 3995 579 4033 1.
598 3975 740 4033 Nostrum
755 3981 797 4032 est
810 3970 942 4054 irrepere]
959 3974 1006 4034 Cl.
1022 3975 1165 4032 adnotata
1262 3977 1304 4031 16.
1318 3969 1483 4051 peccatoris]
1499 3973 1587 4033 Cont.
1608 3973 1690 4033 Prov.
1709 3977 1736 4044 ὁ,
1752 3991 1796 4050 25.

514 4075 604 4132 supra
623 4075 669 4132 39.
691 4075 733 4130 ¹3·
1263 4071 1305 4128 ¹7·
1323 4051 1386 4132 sno]
1404 4054 1513 4112 Matth.
1532 4071 1557 4128 5,
1577 4057 1620 4111 28.

555 4159 579 4196 2.
593 4139 643 4196 red
652 4138 815 4196 laborantes
842 4137 918 4195 Item
942 4155 1030 4212 supra
1043 4157 1091 4209 40,
1106 4155 1131 4212 9.
1260 4155 1304 4192 21.
1321 4137 1406 4194 babet
1418 4131 1592 4215 abscondito]
1620 4136 1704 4195 Huic
1729 4139 1860 4214 interpre

551 4241 578 4292 4.
595 4221 681 4278 babet
699 4219 817 4278 Saddai
849 4219 927 4293 Lege
942 4217 981 4276 sis
1006 4220 1116 4277 adnot(
1134 4219 1163 4275 in
1216 4216 1398 4276 tationinon
1428 4217 1606 4276 contradicit
1630 4218 1804 4278 Psalterium
1828 4235 1860 4278 ex

512 4299 758 4364 Commentarlol.
786 4302 847 4358 111¹
867 4315 911 4372 70,
934 4321 954 4357 t.
1216 4299 1296 4358 hebr.
1312 4297 1491 4374 Hieronymi
1503 4299 1555 4357 ‘de
1568 4311 1662 4358 morte
1672 4300 1857 4360 insidiarum'.

553 4402 578 4458 5.
595 4379 748 4462 ioqnentis]
766 4381 876 4441 Ezech.
898 4401 942 4453 10,
961 4397 986 4456 5.
1258 4401 1303 4450 24.
1318 4380 1414 4454 pullos
1427 4375 1504 4459 suos]
1521 4381 1567 4439 Cf.
1587 4381 1695 4438 hlatth.
1715 4402 1729 4438 2
1735 4401 1760 4458 3,
1778 4399 1822 4457 37.

557 4485 598 4522 12.
617 4461 798 4544 verrentium]
817 4466 861 4521 Ps.
885 4483 947 4538 123,
966 4481 992 4536 7.
1259 4466 1302 4520 eb.
1320 4463 1421 4537 nan'ln
1432 4457 1604 4540 perrexerit]
1623 4463 1710 4521 Dent.
1728 4483 1775 4538 32,
1801 4483 1839 4522 tr.

558 4569 599 4619 ¹4·
614 4553 732 4604 veterator
739 4541 817 4625 snit]
835 4547 951 4604 Eadem
966 4545 1027 4605 iere
1038 4546 1077 4604 ad
1090 4543 1164 4604 litte·
1258 4549 1302 4603 28.
1321 4541 1408 4622 mrbi]
1425 4545 1513 4602 Rom.
1535 4563 1579 4614 10,
1598 4563 1645 4602 21.

512 4649 575 4690 ram
591 4647 680 4705 supra
697 4628 761 4686 111²
781 4647 845 4700 114,
862 4647 879 4703 9
895 4645 959 4704 sqq.
