4060 5498
686 410 733 467 nt
756 409 916 468 ssmAM
938 412 993 480 vr,
1020 427 1075 485 η.
1478 425 1549 480 ιιι

196 609 306 672 solum
331 611 364 672 in
389 629 500 690 opere,
515 609 573 672 sed
597 617 631 672 et
654 609 686 672 in
713 609 853 672 consilio
869 611 979 690 operis
995 619 1096 692 atque
1112 612 1249 674 ratione.
1267 611 1372 675 Lucet
1389 614 1501 694 itaque
1520 615 1553 677 in

196 714 356 776 omnibus
371 714 530 776 creaturis
548 713 611 776 Dei
627 713 808 793 sapientia,
825 713 975 794 nihilque
991 715 1082 796 quod
1100 714 1224 778 factum
1242 725 1293 778 est
1309 716 1436 798 absque
1452 738 1552 780 causa

196 829 230 879 et
259 817 403 881 utilitate
429 817 553 880 iactum
571 825 629 879 est.
649 815 726 897 lpsa
742 837 878 897 quoque
896 817 1023 880 utilitas
1040 817 1141 880 habet
1157 819 1189 880 in
1208 839 1243 882 se
1259 819 1555 900 pulchritudinem,

196 934 231 984 et
256 921 471 1002 pulchritudo
503 920 649 983 utilitate
676 922 874 997 decoratur;
903 941 1035 1002 unaque
1059 922 1300 986 elementorum
1326 925 1481 988 materies
1505 927 1552 988 di-

144 1062 158 1112 5
197 1046 310 1088 versas
319 1025 441 1108 accipit
453 1025 586 1101 formas,
596 1034 632 1086 ut
646 1025 679 1086 in
690 1024 831 1104 singulis
840 1025 1015 1106 speciebus
1028 1025 1092 1087 Dei
1104 1027 1314 1106 providentia
1325 1040 1555 1108 cognoscatur.

196 1128 299 1210 Quod
316 1131 543 1204 considerans,
558 1129 590 1190 in
608 1129 725 1191 laudes
739 1127 803 1189 Dei
820 1129 996 1210 psalmista
1011 1131 1199 1211 prorumpit
1211 1130 1326 1193 dicens
1341 1155 1348 1194 ε
1363 1137 1370 1163 ‘
1385 1133 1554 1196 Mirabilia

196 1254 300 1314 opera
326 1247 395 1310 tua,
417 1243 450 1296 et
474 1234 587 1296 anima
611 1253 685 1294 mea
709 1233 882 1313 cognoscit
906 1233 1038 1296 nimis'
1071 1233 1115 1296 Et
1132 1235 1295 1314 propheta
1311 1236 1341 1298 ei
1358 1239 1553 1302 adsentiens

197 1338 363 1418 loquitur:
380 1341 387 1368 ‘
401 1337 617 1401 Consideravi
629 1355 732 1417 opera
744 1345 811 1412 tua,
824 1345 857 1398 et
870 1335 1024 1416 expavi'
1042 1337 1129 1399 Illud
1142 1357 1276 1419 quoque
1288 1341 1379 1420 quod
1392 1341 1552 1422 scriptum

195 1452 248 1504 est
272 1441 381 1504 ‘Ecce
408 1441 523 1503 omnia
547 1440 637 1503 bona
661 1439 760 1502 valde
777 1439 797 1516 ¹,
822 1459 889 1502 non
907 1439 1046 1503 fortuito
1063 1443 1265 1522 processisse
1281 1443 1448 1524 significat
1464 1467 1553 1508 crea·

145 1571 176 1606 10
195 1555 317 1620 turam,
341 1547 400 1608 sed
430 1545 494 1606 Dei
522 1555 642 1607 cuncta
670 1544 759 1606 iacta
783 1542 924 1606 consilio
951 1554 1052 1626 atque
1077 1545 1253 1626 sapientia,
1270 1556 1306 1610 ut
1330 1558 1362 1610 et
1378 1552 1505 1628 species
1522 1560 1555 1612 et

197 1649 412 1730 pulchritudo
437 1661 470 1711 et
493 1649 699 1712 incredibilis
721 1649 943 1711 consonantia
966 1648 998 1710 in
1022 1650 1173 1711 omnium
1198 1659 1422 1714 creaturarum
1447 1655 1553 1716 diver-

195 1755 297 1817 sitate
322 1765 487 1816 noscatur.
513 1753 636 1816 Beatus
660 1753 825 1835 propheta
841 1757 848 1782 ‘
862 1751 964 1828 Caeli,
980 1753 1098 1833 inquit,
1114 1764 1271 1816 enarrant
1288 1755 1428 1836 gloriam
1448 1758 1511 1820 Dei
1525 1759 1554 1821 ':

195 1879 263 1922 non
289 1860 381 1939 quod
407 1858 490 1920 caeli
517 1878 555 1918 os
579 1870 613 1920 et
630 1858 779 1938 linguam
798 1867 832 1920 et
848 1856 986 1919 arterias
1004 1868 1162 1920 moveant
1178 1859 1220 1920 ad
1239 1858 1454 1923 clamandum
1471 1882 1479 1937 ;
1494 1865 1553 1926 sed

194 1964 286 2045 quod
303 1984 349 2026 ex
364 1984 425 2025 sua
440 1962 663 2025 consonantia
680 1975 713 2024 et
730 1971 891 2042 perpetua
908 1961 1069 2023 servitute
1091 1959 1260 2025 Creatoris
1276 1964 1425 2028 indicent
1438 1967 1553 2029 volun-

144 2090 153 2125 ι
159 2089 174 2140 5
194 2077 311 2129 tatem.
329 2067 385 2129 Ex
403 2066 636 2148 magnitudine
652 2065 742 2128 enim
760 2074 793 2126 et
810 2063 1059 2144 pulchritudine
1072 2076 1297 2128 creaturarum
1311 2081 1555 2151 consequenter

195 2172 390 2234 Creatorem
408 2190 522 2233 earum
539 2168 776 2249 intellegimus,
791 2177 825 2230 et
841 2167 1042 2231 ‘invisibilia
1059 2169 1124 2230 Dei
1141 2191 1160 2230 a
1176 2171 1420 2234 constitutione
1438 2175 1554 2236 mundi

196 2296 256 2354 per
271 2295 409 2356 eaquae
422 2274 510 2337 lacta
522 2283 600 2336 sunt
614 2272 786 2334 intellecta
798 2271 1034 2352 conspicimus.
1046 2273 1052 2297 '
1070 2271 1160 2353 Quid
1174 2273 1217 2336 sit
1230 2274 1340 2354 igitur,
1350 2285 1385 2337 ut
1396 2277 1556 2356 diximus,

197 2381 301 2456 Deus,
325 2380 409 2441 scire
437 2399 503 2440 non
532 2396 732 2459 possumus;
758 2377 849 2457 quod
875 2383 989 2438 autem
1016 2376 1068 2450 sit,
1093 2377 1329 2458 intellegimus,
1345 2400 1412 2442 non
1438 2393 1553 2444 nostro

196 2503 307 2558 sensu,
331 2483 391 2545 sed
419 2483 507 2544 illius
534 2481 771 2556 misericordia,
798 2500 857 2560 per
883 2499 922 2542 ea
948 2499 1035 2561 quae
1059 2479 1138 2542 lecit
1162 2481 1314 2544 Factoris
1341 2485 1554 2564 prudentiam

142 2609 177 2644 20
195 2587 475 2668 contemplantes.
493 2585 549 2647 An
566 2605 632 2647 non
651 2584 683 2645 in
701 2584 778 2646 navi
796 2593 829 2646 et
845 2582 999 2646 aedificio
1015 2582 1175 2646 artificem
1199 2585 1333 2648 navium
1351 2599 1384 2650 et
1401 2608 1552 2651 caemen-

194 2691 319 2754 tarium
347 2691 545 2771 cogitamus,
561 2690 593 2750 in
619 2708 720 2771 opere
746 2688 899 2750 videntes
923 2697 1040 2761 artem,
1057 2698 1090 2749 et
1114 2687 1146 2749 in
1164 2689 1305 2768 singulis
1322 2710 1406 2771 quae
1424 2692 1553 2754 ratione

194 2793 344 2877 perfecta
353 2805 440 2870 sunt,
452 2793 617 2855 rationem
632 2791 832 2854 invisibilem
846 2790 1013 2854 cernimus
1027 2790 1038 2853 l
1057 2791 1156 2854 Unde
1169 2803 1201 2853 et
1213 2791 1306 2854 Deus
1317 2813 1375 2874 per
1384 2803 1552 2857 creaturas

193 2920 275 2962 suas
292 2899 498 2981 perspicitur,
509 2907 542 2959 et
555 2896 820 2959 invisibilitatem
833 2915 927 2957 suam
941 2896 1194 2977 quodammodo
1205 2895 1282 2958 iacit
1295 2916 1367 2959 esse
1380 2897 1552 2962 visibilem.

196 3004 317 3085 Neque
334 3005 422 3064 enirn
438 3000 568 3064 caelum
585 3001 693 3082 operit
710 3000 831 3076 Deum,
848 3009 879 3061 et
899 2997 978 3062 lacit
995 3019 1067 3062 esse
1084 2998 1296 3074 invisibilem,
1312 3019 1373 3062 nec
1387 2999 1551 3083 Seraphin

142 3127 173 3179 ²5
193 3120 229 3170 et
254 3121 384 3170 ceterae
407 3115 587 3180 creaturae,
602 3104 697 3185 quasi
715 3105 821 3184 possit
837 3101 952 3180 videri,
967 3112 1001 3166 et
1017 3123 1131 3165 eorum
1150 3102 1313 3165 beneficio
1329 3117 1430 3186 atque
1446 3107 1552 3187 operi·

194 3223 313 3276 mento
328 3209 467 3273 visibilis
484 3228 557 3271 esse
572 3209 712 3270 desistat
729 3229 736 3284 ;
759 3209 818 3270 sed
836 3207 869 3268 in
886 3207 1044 3269 omnibus
1060 3217 1121 3282 est,
1137 3216 1170 3269 et
1188 3207 1311 3288 ubique
1328 3219 1387 3285 est,
1404 3220 1438 3271 et
1454 3230 1553 3291 super

192 3316 309 3379 omnia
334 3323 394 3390 est,
405 3327 437 3375 et
454 3323 575 3376 cuncta
592 3311 754 3392 percurrit
769 3309 913 3373 visibilia
929 3319 962 3373 et
978 3311 1170 3387 invisibilia,
1185 3331 1304 3393 regens
1320 3313 1435 3376 omnia
1451 3325 1554 3396 atque

192 3429 399 3494 sustentans,
425 3437 486 3480 nec
513 3416 586 3478 loca
614 3425 749 3477 mutans
776 3415 867 3490 locis,
891 3415 949 3477 sed
974 3425 1095 3477 cuncta
1118 3416 1248 3478 ratione
1271 3416 1494 3498 dispensans;
1517 3429 1553 3480 ut

193 3539 301 3588 terrac
327 3522 430 3586 moles
453 3520 543 3583 illius
560 3518 732 3582 voluntate
748 3517 893 3580 solidata
909 3518 961 3594 sit,
978 3538 1175 3599 rursumque
1191 3519 1235 3582 ad
1252 3529 1371 3582 nutum
1389 3521 1459 3583 eius
1475 3541 1553 3583 con·

140 3645 173 3697 30
191 3629 349 3704 cutiatur,
365 3623 576 3707 pavetaciens
602 3623 704 3685 corda
728 3621 932 3697 mortalium,
946 3621 1084 3702 quando
1110 3623 1322 3704 correptione
1337 3623 1529 3704 indigemus
1546 3646 1554 3702 ;

192 3744 230 3796 ut
248 3733 353 3794 maria
369 3731 480 3793 soluto
495 3727 625 3808 liquore
641 3725 763 3789 diffusa
779 3725 857 3800 sint,
867 3736 900 3788 et
916 3745 992 3787 cum
1009 3727 1052 3788 ad
1063 3735 1208 3789 statutos
1219 3725 1371 3788 venerint
1383 3727 1554 3804 terminos,

191 3837 351 3899 inlisione
375 3834 535 3896 fluctuum
564 3831 807 3907 retundantur;
834 3840 871 3893 ut
899 3830 931 3890 in
955 3841 1103 3910 quatuor
1125 3841 1280 3911 tempora
1303 3829 1382 3892 anni
1409 3830 1553 3893 circulus

192 3941 376 4016 dividatur,
391 3949 424 4000 et
439 3957 498 4018 per
514 3945 687 3998 momenta
703 3932 934 3997 decrescentia
945 3944 1047 4014 atque
1062 3934 1245 3997 crescentia
1262 3934 1457 3997 diversitate
1467 3936 1552 3997 aeris

228 4121 238 4156 t
254 4105 362 4166 ratione]
381 4105 403 4154 C
427 4117 436 4152 1
459 4121 502 4161 m;
519 4103 629 4152 rationis
649 4119 673 4162 α,
689 4103 709 4153 C
731 4109 825 4166 poster.
844 4119 912 4152 man.
931 4118 996 4152 corr.
1011 4102 1091 4167 Atqui
1102 4103 1170 4168 prior
1182 4103 1258 4153 lectio
1269 4119 1330 4153 sane
1342 4103 1477 4154 retinenda
1488 4111 1551 4155 eret.

189 4208 207 4253 4
218 4189 361 4248 decoratur]
373 4203 389 4236 α
401 4205 408 4246 ;
419 4188 548 4236 decoretur
559 4187 589 4236 C.
690 4185 707 4234 6
712 4185 869 4249 prorurnpit]
877 4185 966 4248 scripsi
978 4187 1112 4250 3prorrrpr't
1120 4185 1167 4235 Ca.
1269 4198 1283 4247 7
1287 4187 1406 4249 propheta
1416 4187 1451 4246 er]
1458 4186 1551 4236 conicit

192 4272 321 4330 Mercati;
328 4270 462 4334 prophetae
473 4269 522 4318 Cu.
622 4268 774 4328 adsentiens]
786 4269 940 4317 atesenrims
953 4269 981 4316 C.
1083 4280 1115 4330 23
1127 4269 1292 4331 perspicitur]
1309 4268 1399 4316 iterum
1412 4283 1439 4316 ex
1453 4269 1552 4317 coniec-

190 4367 249 4404 tura
261 4372 269 4412 ;
275 4351 399 4416 prospicit
411 4350 459 4399 Cir.

235 4505 262 4559 7.
281 4479 380 4562 ninus]
397 4484 443 4542 Ps.
463 4485 528 4558 138,
550 4501 593 4552 14.
945 4501 986 4538 12.
1006 4478 1079 4560 Dei]
1096 4483 1143 4540 Ps.
1163 4483 1208 4552 18,
1225 4502 1247 4540 r.

233 4571 261 4625 8.
279 4560 398 4643 expavr]
413 4564 507 4623 Abac.
525 4585 552 4638 3,
570 4583 585 4620 2
603 4562 685 4620 iuxta
700 4564 793 4618 Lxx,
945 4559 1307 4640 17.c0nspia'mus]Rom.
1329 4585 1351 4632 1,
1371 4586 1416 4622 20.

234 4667 261 4722 9.
280 4640 374 4724 valde]
391 4646 466 4704 Gen.
488 4665 510 4716 1,
529 4663 575 4719 31·
