<?xml version="1.0" encoding="UTF-8"?>
<!DOCTYPE html PUBLIC "-//W3C//DTD XHTML 1.0 Transitional//EN"
    "http://www.w3.org/TR/xhtml1/DTD/xhtml1-transitional.dtd">
<html xmlns="http://www.w3.org/1999/xhtml" xml:lang="en" lang="en">
 <head>
  <title>
</title>
<meta http-equiv="Content-Type" content="text/html;charset=utf-8" />
  <meta name='ocr-system' content='tesseract 3.04.00' />
  <meta name='ocr-capabilities' content='ocr_page ocr_carea ocr_par ocr_line ocrx_word'/>
</head>
<body>
  <div class='ocr_page' id='page_1' title='image "./commentarioliin00morigoog/commentarioliin00morigoog_0141.png"; bbox 0 0 4158 5492; ppageno 0'>
   <div class='ocr_carea' id='block_1_1' title="bbox 453 366 1568 469">
    <p class='ocr_par' dir='ltr' id='par_1_1' title="bbox 453 366 1568 469">
     <span class='ocr_line' id='line_1_1' title="bbox 453 366 1568 469; baseline 0.007 -22"><span class='ocrx_word' id='word_1_1' title='bbox 453 366 530 448; x_wconf 89' lang='lat'><em>106</em></span> <span class='ocrx_word' id='word_1_2' title='bbox 693 389 831 448; x_wconf 68' lang='lat' dir='ltr'><em>merx</em></span> <span class='ocrx_word' id='word_1_3' title='bbox 853 389 1109 452; x_wconf 64' lang='lat' dir='ltr'><em>rhemorum</em></span> <span class='ocrx_word' id='word_1_4' title='bbox 1132 393 1248 469; x_wconf 79' lang='lat' dir='ltr'>QVAE</span> <span class='ocrx_word' id='word_1_5' title='bbox 1274 395 1330 454; x_wconf 77' lang='lat' dir='ltr'><em>Ex</em></span> <span class='ocrx_word' id='word_1_6' title='bbox 1355 395 1568 456; x_wconf 74' lang='lat' dir='ltr'><em>Hexrems</em></span> 
     </span>
    </p>
   </div>
   <div class='ocr_carea' id='block_1_2' title="bbox 449 605 1807 776">
    <p class='ocr_par' dir='ltr' id='par_1_2' title="bbox 449 605 1807 776">
     <span class='ocr_line' id='line_1_2' title="bbox 494 605 1807 694; baseline 0.006 -26"><span class='ocrx_word' id='word_1_7' title='bbox 494 605 545 669; x_wconf 95' lang='lat' dir='ltr'><em>IV</em></span> <span class='ocrx_word' id='word_1_8' title='bbox 590 622 607 687; x_wconf 86' lang='lat'>3</span> <span class='ocrx_word' id='word_1_9' title='bbox 625 605 704 689; x_wconf 89' lang='lat' dir='ltr'><em>sela]</em></span> <span class='ocrx_word' id='word_1_10' title='bbox 721 620 797 671; x_wconf 83' lang='lat' dir='ltr'><em>Lxx</em></span> <span class='ocrx_word' id='word_1_11' title='bbox 818 607 1051 690; x_wconf 82' lang='lat' dir='ltr'><em>Symmachus,</em></span> <span class='ocrx_word' id='word_1_12' title='bbox 1070 608 1285 674; x_wconf 86' lang='lat' dir='ltr'><em>Theodotion</em></span> <span class='ocrx_word' id='word_1_13' title='bbox 1302 611 1509 693; x_wconf 89' lang='lat' dir='ltr'><em>diapsalma,·</em></span> <span class='ocrx_word' id='word_1_14' title='bbox 1534 610 1659 694; x_wconf 86' lang='lat' dir='ltr'><em>Aquila</em></span> <span class='ocrx_word' id='word_1_15' title='bbox 1675 621 1807 693; x_wconf 85' lang='lat' dir='ltr'><em>semper.</em></span> 
     </span>
     <span class='ocr_line' id='line_1_3' title="bbox 449 691 1247 776; baseline 0.01 -21"><span class='ocrx_word' id='word_1_16' title='bbox 449 694 468 755; x_wconf 88' lang='lat'><em>8</em></span> <span class='ocrx_word' id='word_1_17' title='bbox 484 702 516 756; x_wconf 87' lang='lat' dir='ltr'><em>et</em></span> <span class='ocrx_word' id='word_1_18' title='bbox 530 693 592 756; x_wconf 89' lang='lat' dir='ltr'><em>olei</em></span> <span class='ocrx_word' id='word_1_19' title='bbox 604 691 728 776; x_wconf 90' lang='lat' dir='ltr'><em>eorum]</em></span> <span class='ocrx_word' id='word_1_20' title='bbox 745 715 809 759; x_wconf 89' lang='lat' dir='ltr'><em>om.</em></span> <span class='ocrx_word' id='word_1_21' title='bbox 826 695 917 761; x_wconf 85' lang='lat' dir='ltr'>hebr.</span> <span class='ocrx_word' id='word_1_22' title='bbox 933 710 1009 760; x_wconf 85' lang='lat' dir='ltr'><em>Lxx</em></span> <span class='ocrx_word' id='word_1_23' title='bbox 1026 705 1059 759; x_wconf 89' lang='lat' dir='ltr'><em>et</em></span> <span class='ocrx_word' id='word_1_24' title='bbox 1075 705 1137 761; x_wconf 86' lang='lat' dir='ltr'><em>cet.</em></span> <span class='ocrx_word' id='word_1_25' title='bbox 1153 698 1247 763; x_wconf 88' lang='lat' dir='ltr'>editt.</span> 
     </span>
    </p>
   </div>
   <div class='ocr_carea' id='block_1_3' title="bbox 449 829 1812 1442">
    <p class='ocr_par' dir='ltr' id='par_1_3' title="bbox 449 829 1812 1442">
     <span class='ocr_line' id='line_1_4' title="bbox 492 829 1812 918; baseline 0.003 -25"><span class='ocrx_word' id='word_1_26' title='bbox 492 829 564 894; x_wconf 92' lang='lat' dir='ltr'><em>VII</em></span> <span class='ocrx_word' id='word_1_27' title='bbox 613 849 626 895; x_wconf 91' lang='lat'>1</span> <span class='ocrx_word' id='word_1_28' title='bbox 654 831 811 896; x_wconf 87' lang='lat' dir='ltr'><em>Psalmus</em></span> <span class='ocrx_word' id='word_1_29' title='bbox 825 834 869 899; x_wconf 93' lang='lat' dir='ltr'><em>D.</em></span> <span class='ocrx_word' id='word_1_30' title='bbox 885 855 912 916; x_wconf 88' lang='lat' dir='ltr'><em>q.</em></span> <span class='ocrx_word' id='word_1_31' title='bbox 928 856 951 898; x_wconf 91' lang='lat' dir='ltr'><em>c.</em></span> <span class='ocrx_word' id='word_1_32' title='bbox 968 834 1009 898; x_wconf 89' lang='lat' dir='ltr'><em>D.</em></span> <span class='ocrx_word' id='word_1_33' title='bbox 1018 845 1052 916; x_wconf 91' lang='lat' dir='ltr'><em>p.</em></span> <span class='ocrx_word' id='word_1_34' title='bbox 1069 855 1097 898; x_wconf 95' lang='lat' dir='ltr'><em>v.</em></span> <span class='ocrx_word' id='word_1_35' title='bbox 1118 833 1150 899; x_wconf 86' lang='lat' dir='ltr'>C.</span> <span class='ocrx_word' id='word_1_36' title='bbox 1159 835 1191 917; x_wconf 90' lang='lat' dir='ltr'>s.</span> <span class='ocrx_word' id='word_1_37' title='bbox 1207 834 1347 918; x_wconf 89' lang='lat' dir='ltr'><em>lemeni]</em></span> <span class='ocrx_word' id='word_1_38' title='bbox 1365 835 1490 918; x_wconf 85' lang='lat' dir='ltr'><em>Aquila</em></span> <span class='ocrx_word' id='word_1_39' title='bbox 1514 847 1577 918; x_wconf 85' lang='lat' dir='ltr'><em>pro</em></span> <span class='ocrx_word' id='word_1_40' title='bbox 1610 835 1812 916; x_wconf 76' lang='lat' dir='ltr'><em>ignoratione</em></span> 
     </span>
     <span class='ocr_line' id='line_1_5' title="bbox 449 917 1812 1005; baseline 0.004 -26"><span class='ocrx_word' id='word_1_41' title='bbox 449 917 570 980; x_wconf 91' lang='lat' dir='ltr'><em>David</em></span> <span class='ocrx_word' id='word_1_42' title='bbox 576 919 665 999; x_wconf 87' lang='lat' dir='ltr'><em>quad</em></span> <span class='ocrx_word' id='word_1_43' title='bbox 674 921 787 984; x_wconf 84' lang='lat' dir='ltr'><em>cecinit</em></span> <span class='ocrx_word' id='word_1_44' title='bbox 804 920 947 985; x_wconf 90' lang='lat' dir='ltr'><em>Domino</em></span> <span class='ocrx_word' id='word_1_45' title='bbox 954 932 1017 1005; x_wconf 90' lang='lat' dir='ltr'><em>pro</em></span> <span class='ocrx_word' id='word_1_46' title='bbox 1032 921 1140 985; x_wconf 85' lang='lat' dir='ltr'><em>verbis</em></span> <span class='ocrx_word' id='word_1_47' title='bbox 1154 922 1324 1005; x_wconf 84' lang='lat' dir='ltr'><em>Aetlciopis</em></span> <span class='ocrx_word' id='word_1_48' title='bbox 1334 946 1348 998; x_wconf 87' lang='lat'><em>,·</em></span> <span class='ocrx_word' id='word_1_49' title='bbox 1365 919 1493 1004; x_wconf 88' lang='lat' dir='ltr'><em>Symm.</em></span> <span class='ocrx_word' id='word_1_50' title='bbox 1513 933 1577 1004; x_wconf 92' lang='lat' dir='ltr'><em>pro</em></span> <span class='ocrx_word' id='word_1_51' title='bbox 1610 922 1812 1004; x_wconf 76' lang='lat' dir='ltr'><em>ignoratione</em></span> 
     </span>
     <span class='ocr_line' id='line_1_6' title="bbox 449 1004 1811 1094; baseline 0.004 -27"><span class='ocrx_word' id='word_1_52' title='bbox 449 1004 570 1069; x_wconf 83' lang='lat' dir='ltr'><em>David</em></span> <span class='ocrx_word' id='word_1_53' title='bbox 580 1006 669 1088; x_wconf 85' lang='lat' dir='ltr'><em>quod</em></span> <span class='ocrx_word' id='word_1_54' title='bbox 678 1007 791 1071; x_wconf 89' lang='lat' dir='ltr'><em>cecinit</em></span> <span class='ocrx_word' id='word_1_55' title='bbox 802 1008 944 1072; x_wconf 90' lang='lat' dir='ltr'><em>Domino</em></span> <span class='ocrx_word' id='word_1_56' title='bbox 957 1019 1019 1091; x_wconf 85' lang='lat' dir='ltr'><em>pro</em></span> <span class='ocrx_word' id='word_1_57' title='bbox 1035 1008 1141 1072; x_wconf 86' lang='lat' dir='ltr'><em>verbis</em></span> <span class='ocrx_word' id='word_1_58' title='bbox 1170 1009 1272 1075; x_wconf 85' lang='lat' dir='ltr'><em>Cliusi</em></span> <span class='ocrx_word' id='word_1_59' title='bbox 1284 1010 1360 1094; x_wconf 92' lang='lat' dir='ltr'><em>filii</em></span> <span class='ocrx_word' id='word_1_60' title='bbox 1379 1009 1508 1074; x_wconf 88' lang='lat' dir='ltr'><em>Iemiui.</em></span> <span class='ocrx_word' id='word_1_61' title='bbox 1643 1021 1658 1090; x_wconf 83' lang='grc'><strong><em>5</em></strong></span> <span class='ocrx_word' id='word_1_62' title='bbox 1687 1008 1811 1092; x_wconf 91' lang='lat' dir='ltr'><em>inanis]</em></span> 
     </span>
     <span class='ocr_line' id='line_1_7' title="bbox 450 1090 1810 1162; baseline 0.004 -7"><span class='ocrx_word' id='word_1_63' title='bbox 450 1090 540 1158; x_wconf 85' lang='lat' dir='ltr'>hebr.</span> <span class='ocrx_word' id='word_1_64' title='bbox 557 1093 661 1158; x_wconf 86' lang='lat' dir='ltr'><em>raclea.</em></span> <span class='ocrx_word' id='word_1_65' title='bbox 799 1114 889 1159; x_wconf 91' lang='lat'><em>10-11</em></span> <span class='ocrx_word' id='word_1_66' title='bbox 917 1105 1068 1160; x_wconf 85' lang='lat' dir='ltr'><em>scrutans</em></span> <span class='ocrx_word' id='word_1_67' title='bbox 1082 1095 1179 1160; x_wconf 87' lang='lat' dir='ltr'><em>corda</em></span> <span class='ocrx_word' id='word_1_68' title='bbox 1193 1107 1224 1160; x_wconf 90' lang='lat' dir='ltr'><em>et</em></span> <span class='ocrx_word' id='word_1_69' title='bbox 1239 1119 1329 1162; x_wconf 87' lang='lat' dir='ltr'><em>renes</em></span> <span class='ocrx_word' id='word_1_70' title='bbox 1343 1097 1442 1162; x_wconf 92' lang='lat' dir='ltr'><em>Deus.</em></span> <span class='ocrx_word' id='word_1_71' title='bbox 1460 1097 1589 1160; x_wconf 89' lang='lat' dir='ltr'><em>Iustum</em></span> <span class='ocrx_word' id='word_1_72' title='bbox 1606 1095 1810 1160; x_wconf 86' lang='lat' dir='ltr'><em>adiutorium</em></span> 
     </span>
     <span class='ocr_line' id='line_1_8' title="bbox 452 1181 1812 1266; baseline 0.004 -24"><span class='ocrx_word' id='word_1_73' title='bbox 452 1199 558 1243; x_wconf 92' lang='lat' dir='ltr'><em>meum</em></span> <span class='ocrx_word' id='word_1_74' title='bbox 570 1202 592 1245; x_wconf 94' lang='lat' dir='ltr'><em>a</em></span> <span class='ocrx_word' id='word_1_75' title='bbox 603 1181 759 1266; x_wconf 88' lang='lat' dir='ltr'><em>Domino]</em></span> <span class='ocrx_word' id='word_1_76' title='bbox 776 1183 864 1248; x_wconf 85' lang='lat' dir='ltr'>hebr.</span> <span class='ocrx_word' id='word_1_77' title='bbox 880 1195 1031 1248; x_wconf 90' lang='lat' dir='ltr'><em>scrutans</em></span> <span class='ocrx_word' id='word_1_78' title='bbox 1045 1206 1066 1247; x_wconf 91' lang='lat' dir='ltr'><em>c.</em></span> <span class='ocrx_word' id='word_1_79' title='bbox 1083 1206 1107 1248; x_wconf 90' lang='lat' dir='ltr'><em>e.</em></span> <span class='ocrx_word' id='word_1_80' title='bbox 1124 1205 1149 1248; x_wconf 90' lang='lat' dir='ltr'><em>r.</em></span> <span class='ocrx_word' id='word_1_81' title='bbox 1165 1185 1257 1248; x_wconf 89' lang='lat' dir='ltr'><em>Deus</em></span> <span class='ocrx_word' id='word_1_82' title='bbox 1282 1186 1394 1248; x_wconf 86' lang='lat' dir='ltr'><em>iustus.</em></span> <span class='ocrx_word' id='word_1_83' title='bbox 1414 1185 1634 1248; x_wconf 80' lang='lat' dir='ltr'><em>Adiutorium</em></span> <span class='ocrx_word' id='word_1_84' title='bbox 1662 1205 1767 1248; x_wconf 91' lang='lat' dir='ltr'><em>meum</em></span> <span class='ocrx_word' id='word_1_85' title='bbox 1791 1205 1812 1247; x_wconf 90' lang='lat' dir='ltr'><em>a</em></span> 
     </span>
     <span class='ocr_line' id='line_1_9' title="bbox 451 1267 1811 1355; baseline 0.003 -25"><span class='ocrx_word' id='word_1_86' title='bbox 451 1267 522 1330; x_wconf 89' lang='lat' dir='ltr'><em>Dea</em></span> <span class='ocrx_word' id='word_1_87' title='bbox 657 1287 694 1334; x_wconf 92' lang='lat'><em>12</em></span> <span class='ocrx_word' id='word_1_88' title='bbox 726 1271 890 1353; x_wconf 86' lang='lat' dir='ltr'><em>numquid</em></span> <span class='ocrx_word' id='word_1_89' title='bbox 902 1272 1060 1336; x_wconf 85' lang='lat' dir='ltr'><em>irascitur</em></span> <span class='ocrx_word' id='word_1_90' title='bbox 1074 1283 1138 1354; x_wconf 91' lang='lat' dir='ltr'><em>per</em></span> <span class='ocrx_word' id='word_1_91' title='bbox 1158 1273 1305 1353; x_wconf 87' lang='lat' dir='ltr'><em>singulos</em></span> <span class='ocrx_word' id='word_1_92' title='bbox 1326 1271 1408 1355; x_wconf 86' lang='lat' dir='ltr'><em>dies]</em></span> <span class='ocrx_word' id='word_1_93' title='bbox 1432 1273 1522 1338; x_wconf 88' lang='lat' dir='ltr'>hebr.</span> <span class='ocrx_word' id='word_1_94' title='bbox 1544 1271 1764 1336; x_wconf 79' lang='lat' dir='ltr'><em>comminatur</em></span> <span class='ocrx_word' id='word_1_95' title='bbox 1778 1271 1811 1334; x_wconf 91' lang='lat' dir='ltr'><em>in</em></span> 
     </span>
     <span class='ocr_line' id='line_1_10' title="bbox 451 1355 1462 1442; baseline 0.006 -24"><span class='ocrx_word' id='word_1_96' title='bbox 451 1355 543 1419; x_wconf 93' lang='lat' dir='ltr'><em>omni</em></span> <span class='ocrx_word' id='word_1_97' title='bbox 555 1355 608 1419; x_wconf 87' lang='lat' dir='ltr'><em>die</em></span> <span class='ocrx_word' id='word_1_98' title='bbox 618 1379 634 1431; x_wconf 85' lang='lat'><em>,·</em></span> <span class='ocrx_word' id='word_1_99' title='bbox 646 1357 773 1442; x_wconf 84' lang='lat' dir='ltr'><em>Aquila</em></span> <span class='ocrx_word' id='word_1_100' title='bbox 785 1359 985 1424; x_wconf 89' lang='lat' dir='ltr'><em>comminans</em></span> <span class='ocrx_word' id='word_1_101' title='bbox 999 1369 1030 1422; x_wconf 93' lang='lat' dir='ltr'><em>et</em></span> <span class='ocrx_word' id='word_1_102' title='bbox 1046 1359 1236 1440; x_wconf 81' lang='lat' dir='ltr'><em>infrendens</em></span> <span class='ocrx_word' id='word_1_103' title='bbox 1251 1361 1285 1424; x_wconf 91' lang='lat' dir='ltr'><em>iu</em></span> <span class='ocrx_word' id='word_1_104' title='bbox 1301 1359 1392 1423; x_wconf 81' lang='lat' dir='ltr'><em>vinni</em></span> <span class='ocrx_word' id='word_1_105' title='bbox 1402 1359 1462 1424; x_wconf 82' lang='lat' dir='ltr'><em>dr&#39;e.</em></span> 
     </span>
    </p>
   </div>
   <div class='ocr_carea' id='block_1_4' title="bbox 497 1502 1103 1588">
    <p class='ocr_par' dir='ltr' id='par_1_4' title="bbox 497 1502 1103 1588">
     <span class='ocr_line' id='line_1_11' title="bbox 497 1502 1103 1588; baseline 0.005 -23"><span class='ocrx_word' id='word_1_106' title='bbox 497 1502 588 1565; x_wconf 93' lang='lat' dir='ltr'>VIII</span> <span class='ocrx_word' id='word_1_107' title='bbox 635 1505 656 1567; x_wconf 94' lang='lat'><strong>6</strong></span> <span class='ocrx_word' id='word_1_108' title='bbox 679 1503 720 1567; x_wconf 86' lang='lat' dir='ltr'><em>ab</em></span> <span class='ocrx_word' id='word_1_109' title='bbox 735 1504 874 1588; x_wconf 80' lang='lat' dir='ltr'><em>angelis]</em></span> <span class='ocrx_word' id='word_1_110' title='bbox 886 1505 977 1570; x_wconf 84' lang='lat' dir='ltr'><strong>hebr.</strong></span> <span class='ocrx_word' id='word_1_111' title='bbox 989 1527 1010 1568; x_wconf 90' lang='lat' dir='ltr'><em>a</em></span> <span class='ocrx_word' id='word_1_112' title='bbox 1026 1505 1103 1569; x_wconf 87' lang='lat' dir='ltr'><em>Deo.</em></span> 
     </span>
    </p>
   </div>
   <div class='ocr_carea' id='block_1_5' title="bbox 452 1647 1813 1906">
    <p class='ocr_par' dir='ltr' id='par_1_5' title="bbox 452 1647 1813 1906">
     <span class='ocr_line' id='line_1_12' title="bbox 498 1647 1813 1734; baseline 0.002 -24"><span class='ocrx_word' id='word_1_113' title='bbox 498 1647 549 1711; x_wconf 94' lang='lat' dir='ltr'><em>IX</em></span> <span class='ocrx_word' id='word_1_114' title='bbox 599 1666 610 1711; x_wconf 92' lang='lat'><em>1</em></span> <span class='ocrx_word' id='word_1_115' title='bbox 642 1648 677 1711; x_wconf 91' lang='lat' dir='ltr'><em>iu</em></span> <span class='ocrx_word' id='word_1_116' title='bbox 683 1650 789 1732; x_wconf 88' lang='lat' dir='ltr'><em>finem</em></span> <span class='ocrx_word' id='word_1_117' title='bbox 799 1661 862 1732; x_wconf 89' lang='lat' dir='ltr'><em>pro</em></span> <span class='ocrx_word' id='word_1_118' title='bbox 876 1649 1072 1714; x_wconf 86' lang='lat' dir='ltr'><em>absconditis</em></span> <span class='ocrx_word' id='word_1_119' title='bbox 1078 1648 1168 1733; x_wconf 82' lang='lat' dir='ltr'><em>filit]</em></span> <span class='ocrx_word' id='word_1_120' title='bbox 1181 1663 1273 1727; x_wconf 78' lang='lat' dir='ltr'>Lxx3</span> <span class='ocrx_word' id='word_1_121' title='bbox 1286 1648 1411 1733; x_wconf 86' lang='lat' dir='ltr'><em>Aquila</em></span> <span class='ocrx_word' id='word_1_122' title='bbox 1420 1661 1484 1732; x_wconf 90' lang='lat' dir='ltr'><em>pro</em></span> <span class='ocrx_word' id='word_1_123' title='bbox 1495 1647 1714 1714; x_wconf 82' lang='lat' dir='ltr'><em>&#39;adulescentia</em></span> <span class='ocrx_word' id='word_1_124' title='bbox 1720 1649 1813 1734; x_wconf 88' lang='lat' dir='ltr'><em>filii,·</em></span> 
     </span>
     <span class='ocr_line' id='line_1_13' title="bbox 452 1733 1812 1821; baseline 0.002 -24"><span class='ocrx_word' id='word_1_125' title='bbox 452 1733 541 1798; x_wconf 88' lang='lat' dir='ltr'>hebr.</span> <span class='ocrx_word' id='word_1_126' title='bbox 551 1746 613 1818; x_wconf 92' lang='lat' dir='ltr'><em>pro</em></span> <span class='ocrx_word' id='word_1_127' title='bbox 629 1738 829 1821; x_wconf 88' lang='lat' dir='ltr'><em>mortefilii,·</em></span> <span class='ocrx_word' id='word_1_128' title='bbox 846 1737 975 1821; x_wconf 89' lang='lat' dir='ltr'><em>Symm.</em></span> <span class='ocrx_word' id='word_1_129' title='bbox 994 1749 1057 1821; x_wconf 90' lang='lat' dir='ltr'><em>pro</em></span> <span class='ocrx_word' id='word_1_130' title='bbox 1072 1737 1209 1801; x_wconf 89' lang='lat' dir='ltr'><em>victoria</em></span> <span class='ocrx_word' id='word_1_131' title='bbox 1223 1737 1263 1800; x_wconf 89' lang='lat' dir='ltr'><em>de</em></span> <span class='ocrx_word' id='word_1_132' title='bbox 1278 1748 1378 1801; x_wconf 89' lang='lat' dir='ltr'><em>morte</em></span> <span class='ocrx_word' id='word_1_133' title='bbox 1384 1738 1465 1821; x_wconf 90' lang='lat' dir='ltr'><em>filii.</em></span> <span class='ocrx_word' id='word_1_134' title='bbox 1601 1755 1638 1802; x_wconf 89' lang='lat'><em>12</em></span> <span class='ocrx_word' id='word_1_135' title='bbox 1656 1737 1812 1801; x_wconf 86' lang='lat' dir='ltr'><em>adinven-</em></span> 
     </span>
     <span class='ocr_line' id='line_1_14' title="bbox 453 1822 960 1906; baseline 0.008 -21"><span class='ocrx_word' id='word_1_136' title='bbox 453 1822 566 1906; x_wconf 85' lang='lat' dir='ltr'><em>tiones]</em></span> <span class='ocrx_word' id='word_1_137' title='bbox 583 1823 672 1889; x_wconf 89' lang='lat' dir='ltr'>hebr.</span> <span class='ocrx_word' id='word_1_138' title='bbox 689 1825 960 1890; x_wconf 86' lang='lat' dir='ltr'><em>commutationes.</em></span> 
     </span>
    </p>
   </div>
   <div class='ocr_carea' id='block_1_6' title="bbox 454 1965 1816 2141">
    <p class='ocr_par' dir='ltr' id='par_1_6' title="bbox 454 1965 1816 2141">
     <span class='ocr_line' id='line_1_15' title="bbox 498 1965 1816 2052; baseline -0.004 -17"><span class='ocrx_word' id='word_1_139' title='bbox 498 1971 549 2035; x_wconf 93' lang='lat' dir='ltr'><em>XI</em></span> <span class='ocrx_word' id='word_1_140' title='bbox 599 1989 617 2052; x_wconf 84' lang='lat'>3</span> <span class='ocrx_word' id='word_1_141' title='bbox 644 1970 734 2050; x_wconf 84' lang='lat' dir='ltr'><em>labia</em></span> <span class='ocrx_word' id='word_1_142' title='bbox 762 1971 870 2036; x_wconf 85' lang='lat' dir='ltr'><em>dolosa</em></span> <span class='ocrx_word' id='word_1_143' title='bbox 887 1970 907 2035; x_wconf 91' lang='lat' dir='ltr'><em>i.</em></span> <span class='ocrx_word' id='word_1_144' title='bbox 919 1992 941 2036; x_wconf 93' lang='lat' dir='ltr'><em>c.</em></span> <span class='ocrx_word' id='word_1_145' title='bbox 957 1992 980 2036; x_wconf 92' lang='lat' dir='ltr'><em>e.</em></span> <span class='ocrx_word' id='word_1_146' title='bbox 997 1993 1020 2038; x_wconf 89' lang='lat' dir='ltr'><em>c.</em></span> <span class='ocrx_word' id='word_1_147' title='bbox 1035 1970 1135 2034; x_wconf 81' lang='lat' dir='ltr'><em>lucreti</em></span> <span class='ocrx_word' id='word_1_148' title='bbox 1147 1967 1235 2052; x_wconf 89' lang='lat' dir='ltr'><em>sunt]</em></span> <span class='ocrx_word' id='word_1_149' title='bbox 1255 1967 1384 2051; x_wconf 86' lang='lat' dir='ltr'><em>Symm.</em></span> <span class='ocrx_word' id='word_1_150' title='bbox 1399 1969 1488 2033; x_wconf 86' lang='lat' dir='ltr'><em>labia</em></span> <span class='ocrx_word' id='word_1_151' title='bbox 1503 1967 1649 2046; x_wconf 80' lang='lat' dir='ltr'><em>lubrIca;</em></span> <span class='ocrx_word' id='word_1_152' title='bbox 1670 1967 1704 2032; x_wconf 91' lang='lat' dir='ltr'><em>in</em></span> <span class='ocrx_word' id='word_1_153' title='bbox 1725 1965 1816 2032; x_wconf 88' lang='lat' dir='ltr'><em>corde</em></span> 
     </span>
     <span class='ocr_line' id='line_1_16' title="bbox 454 2058 936 2141; baseline 0.004 -20"><span class='ocrx_word' id='word_1_154' title='bbox 454 2058 552 2122; x_wconf 89' lang='lat' dir='ltr'><em>uliud</em></span> <span class='ocrx_word' id='word_1_155' title='bbox 557 2068 613 2138; x_wconf 92' lang='lat' dir='ltr'><em>est,</em></span> <span class='ocrx_word' id='word_1_156' title='bbox 627 2068 660 2123; x_wconf 89' lang='lat' dir='ltr'><em>et</em></span> <span class='ocrx_word' id='word_1_157' title='bbox 672 2058 772 2122; x_wconf 89' lang='lat' dir='ltr'><em>aliud</em></span> <span class='ocrx_word' id='word_1_158' title='bbox 781 2059 936 2141; x_wconf 86' lang='lat' dir='ltr'><em>loquitur.</em></span> 
     </span>
    </p>
   </div>
   <div class='ocr_carea' id='block_1_7' title="bbox 456 2197 1813 2444">
    <p class='ocr_par' dir='ltr' id='par_1_7' title="bbox 456 2197 1813 2444">
     <span class='ocr_line' id='line_1_17' title="bbox 499 2197 1739 2286; baseline -0.006 -18"><span class='ocrx_word' id='word_1_159' title='bbox 499 2204 589 2268; x_wconf 93' lang='lat' dir='ltr'>XIII</span> <span class='ocrx_word' id='word_1_160' title='bbox 637 2207 644 2236; x_wconf 90' lang='lat'>‘</span> <span class='ocrx_word' id='word_1_161' title='bbox 662 2203 738 2267; x_wconf 90' lang='lat' dir='ltr'><em>Non</em></span> <span class='ocrx_word' id='word_1_162' title='bbox 755 2203 857 2268; x_wconf 89' lang='lat' dir='ltr'>habet</span> <span class='ocrx_word' id='word_1_163' title='bbox 872 2204 1122 2286; x_wconf 86' lang='lat' dir='ltr'><em>inscriptionem</em></span> <span class='ocrx_word' id='word_1_164' title='bbox 1140 2201 1156 2267; x_wconf 90' lang='lat'>’.</span> <span class='ocrx_word' id='word_1_165' title='bbox 1294 2221 1307 2267; x_wconf 90' lang='lat'>1</span> <span class='ocrx_word' id='word_1_166' title='bbox 1335 2199 1504 2284; x_wconf 88' lang='lat' dir='ltr'><em>insipiens]</em></span> <span class='ocrx_word' id='word_1_167' title='bbox 1517 2197 1608 2264; x_wconf 89' lang='lat' dir='ltr'>hebr.</span> <span class='ocrx_word' id='word_1_168' title='bbox 1632 2197 1739 2261; x_wconf 88' lang='lat' dir='ltr'><em>nabal.</em></span> 
     </span>
     <span class='ocr_line' id='line_1_18' title="bbox 456 2281 1813 2444; baseline -0.007 -89"><span class='ocrx_word' id='word_1_169' title='bbox 456 2291 909 2444; x_wconf 38' lang='lat' dir='ltr'><em>ggepzlgum-oculorum</em></span> <span class='ocrx_word' id='word_1_170' title='bbox 938 2289 1063 2373; x_wconf 84' lang='lat' dir='ltr'><em>eornrn]</em></span> <span class='ocrx_word' id='word_1_171' title='bbox 1089 2309 1153 2354; x_wconf 88' lang='lat' dir='ltr'><em>om.</em></span> <span class='ocrx_word' id='word_1_172' title='bbox 1170 2291 1261 2356; x_wconf 90' lang='lat' dir='ltr'>hebr.</span> <span class='ocrx_word' id='word_1_173' title='bbox 1396 2305 1411 2370; x_wconf 84' lang='grc'>5</span> <span class='ocrx_word' id='word_1_174' title='bbox 1438 2289 1495 2353; x_wconf 86' lang='lat' dir='ltr'><em>ubi</em></span> <span class='ocrx_word' id='word_1_175' title='bbox 1519 2307 1581 2350; x_wconf 90' lang='lat' dir='ltr'><em>non</em></span> <span class='ocrx_word' id='word_1_176' title='bbox 1606 2295 1678 2349; x_wconf 89' lang='lat' dir='ltr'><em>crat</em></span> <span class='ocrx_word' id='word_1_177' title='bbox 1703 2281 1813 2366; x_wconf 87' lang='lat' dir='ltr'><em>timor]</em></span> 
     </span>
    </p>
   </div>
   <div class='ocr_carea' id='block_1_8' title="bbox 502 2513 1813 2606">
    <p class='ocr_par' dir='ltr' id='par_1_8' title="bbox 502 2513 1813 2606">
     <span class='ocr_line' id='line_1_19' title="bbox 502 2513 1813 2606; baseline -0.01 -19"><span class='ocrx_word' id='word_1_178' title='bbox 502 2523 569 2587; x_wconf 91' lang='lat' dir='ltr'><em>XV</em></span> <span class='ocrx_word' id='word_1_179' title='bbox 619 2543 631 2590; x_wconf 94' lang='lat'><em>1</em></span> <span class='ocrx_word' id='word_1_180' title='bbox 658 2524 799 2589; x_wconf 81' lang='lat' dir='ltr'><em>intituli</em></span> <span class='ocrx_word' id='word_1_181' title='bbox 816 2522 1033 2606; x_wconf 83' lang='lat' dir='ltr'><em>inscriptione]</em></span> <span class='ocrx_word' id='word_1_182' title='bbox 1052 2542 1111 2604; x_wconf 90' lang='lat' dir='ltr'><em>pro</em></span> <span class='ocrx_word' id='word_1_183' title='bbox 1139 2542 1207 2605; x_wconf 90' lang='lat' dir='ltr'><em>quo</em></span> <span class='ocrx_word' id='word_1_184' title='bbox 1224 2520 1350 2605; x_wconf 84' lang='lat' dir='ltr'><em>Aquila</em></span> <span class='ocrx_word' id='word_1_185' title='bbox 1373 2521 1484 2603; x_wconf 86' lang='lat' dir='ltr'><em>posuit</em></span> <span class='ocrx_word' id='word_1_186' title='bbox 1509 2516 1664 2581; x_wconf 85' lang='lat' dir='ltr'><em>leumilem</em></span> <span class='ocrx_word' id='word_1_187' title='bbox 1684 2524 1716 2578; x_wconf 90' lang='lat' dir='ltr'><em>et</em></span> <span class='ocrx_word' id='word_1_188' title='bbox 1736 2513 1813 2576; x_wconf 91' lang='lat' dir='ltr'><em>sim-</em></span> 
     </span>
    </p>
   </div>
   <div class='ocr_carea' id='block_1_9' title="bbox 449 2599 1814 2763">
    <p class='ocr_par' dir='ltr' id='par_1_9' title="bbox 449 2599 1814 2763">
     <span class='ocr_line' id='line_1_20' title="bbox 449 2599 1814 2762; baseline -0.01 -86"><span class='ocrx_word' id='word_1_189' title='bbox 449 2610 591 2762; x_wconf 43' lang='grc' dir='ltr'><em>ῥέξω</em></span> <span class='ocrx_word' id='word_1_190' title='bbox 608 2611 736 2695; x_wconf 87' lang='lat' dir='ltr'><em>Symm.</em></span> <span class='ocrx_word' id='word_1_191' title='bbox 755 2612 911 2676; x_wconf 87' lang='lat' dir='ltr'><em>lcumilem</em></span> <span class='ocrx_word' id='word_1_192' title='bbox 932 2610 1238 2693; x_wconf 86' lang='lat' dir='ltr'><em>inmaculatumque.</em></span> <span class='ocrx_word' id='word_1_193' title='bbox 1372 2629 1394 2688; x_wconf 93' lang='lat'>4</span> <span class='ocrx_word' id='word_1_194' title='bbox 1417 2602 1640 2690; x_wconf 85' lang='lat' dir='ltr'><em>infirmitates]</em></span> <span class='ocrx_word' id='word_1_195' title='bbox 1664 2615 1758 2679; x_wconf 82' lang='lat' dir='ltr'>Lxx;</span> <span class='ocrx_word' id='word_1_196' title='bbox 1774 2599 1814 2663; x_wconf 82' lang='lat' dir='ltr'><em>ai.</em></span> 
     </span>
     <span class='ocr_line' id='line_1_21' title="bbox 459 2717 554 2763; baseline 0.021 -3"><span class='ocrx_word' id='word_1_197' title='bbox 459 2717 470 2760; x_wconf 88' lang='lat' dir='ltr'><em>c</em></span> <span class='ocrx_word' id='word_1_198' title='bbox 525 2719 554 2763; x_wconf 90' lang='lat' dir='ltr'><em>a.</em></span> 
     </span>
    </p>
   </div>
   <div class='ocr_carea' id='block_1_10' title="bbox 459 2825 1815 3008">
    <p class='ocr_par' dir='ltr' id='par_1_10' title="bbox 459 2825 1815 3008">
     <span class='ocr_line' id='line_1_22' title="bbox 503 2825 1815 2920; baseline -0.014 -19"><span class='ocrx_word' id='word_1_199' title='bbox 503 2837 588 2901; x_wconf 92' lang='lat' dir='ltr'><em>XVI</em></span> <span class='ocrx_word' id='word_1_200' title='bbox 639 2855 677 2918; x_wconf 85' lang='lat'><em>14</em></span> <span class='ocrx_word' id='word_1_201' title='bbox 698 2839 846 2903; x_wconf 88' lang='lat' dir='ltr'><em>saturati</em></span> <span class='ocrx_word' id='word_1_202' title='bbox 872 2847 950 2902; x_wconf 92' lang='lat' dir='ltr'><em>sunt</em></span> <span class='ocrx_word' id='word_1_203' title='bbox 956 2836 1059 2920; x_wconf 88' lang='lat' dir='ltr'><em>filiis]</em></span> <span class='ocrx_word' id='word_1_204' title='bbox 1082 2836 1219 2920; x_wconf 84' lang='lat' dir='ltr'><em>quidam</em></span> <span class='ocrx_word' id='word_1_205' title='bbox 1243 2832 1379 2917; x_wconf 89' lang='lat' dir='ltr'><em>porcina</em></span> <span class='ocrx_word' id='word_1_206' title='bbox 1391 2855 1406 2907; x_wconf 86' lang='lat'><em>,·</em></span> <span class='ocrx_word' id='word_1_207' title='bbox 1434 2829 1564 2913; x_wconf 84' lang='lat' dir='ltr'><em>Symm.</em></span> <span class='ocrx_word' id='word_1_208' title='bbox 1581 2825 1671 2890; x_wconf 88' lang='lat' dir='ltr'>hebr.</span> <span class='ocrx_word' id='word_1_209' title='bbox 1684 2831 1815 2887; x_wconf 86' lang='lat' dir='ltr'><em>satura-</em></span> 
     </span>
     <span class='ocr_line' id='line_1_23' title="bbox 459 2918 1389 3008; baseline -0.003 -22"><span class='ocrx_word' id='word_1_210' title='bbox 459 2923 582 2988; x_wconf 87' lang='lat' dir='ltr'><em>buntur</em></span> <span class='ocrx_word' id='word_1_211' title='bbox 591 2924 674 3007; x_wconf 82' lang='lat' dir='ltr'><em>filii,</em></span> <span class='ocrx_word' id='word_1_212' title='bbox 687 2935 720 2989; x_wconf 91' lang='lat' dir='ltr'><em>et</em></span> <span class='ocrx_word' id='word_1_213' title='bbox 734 2926 916 3008; x_wconf 86' lang='lat' dir='ltr'><em>relinquent</em></span> <span class='ocrx_word' id='word_1_214' title='bbox 930 2925 1062 2989; x_wconf 86' lang='lat' dir='ltr'><em>residua</em></span> <span class='ocrx_word' id='word_1_215' title='bbox 1072 2944 1134 2988; x_wconf 89' lang='lat' dir='ltr'><em>sna</em></span> <span class='ocrx_word' id='word_1_216' title='bbox 1141 2923 1297 3007; x_wconf 87' lang='lat' dir='ltr'><em>parvulis</em></span> <span class='ocrx_word' id='word_1_217' title='bbox 1311 2918 1389 2984; x_wconf 84' lang='lat' dir='ltr'><em>suis.</em></span> 
     </span>
    </p>
   </div>
   <div class='ocr_carea' id='block_1_11' title="bbox 504 3044 1730 3144">
    <p class='ocr_par' dir='ltr' id='par_1_11' title="bbox 504 3044 1730 3144">
     <span class='ocr_line' id='line_1_24' title="bbox 504 3044 1730 3144; baseline -0.011 -20"><span class='ocrx_word' id='word_1_218' title='bbox 504 3061 628 3125; x_wconf 95' lang='lat' dir='ltr'>XVIII</span> <span class='ocrx_word' id='word_1_219' title='bbox 675 3063 697 3125; x_wconf 94' lang='lat'><em>6</em></span> <span class='ocrx_word' id='word_1_220' title='bbox 725 3061 759 3125; x_wconf 89' lang='lat' dir='ltr'><em>in</em></span> <span class='ocrx_word' id='word_1_221' title='bbox 775 3061 838 3125; x_wconf 89' lang='lat' dir='ltr'><em>sole</em></span> <span class='ocrx_word' id='word_1_222' title='bbox 845 3072 879 3144; x_wconf 96' lang='lat' dir='ltr'><em>p.</em></span> <span class='ocrx_word' id='word_1_223' title='bbox 895 3071 917 3126; x_wconf 92' lang='lat' dir='ltr'><em>t.</em></span> <span class='ocrx_word' id='word_1_224' title='bbox 932 3058 1042 3142; x_wconf 92' lang='lat' dir='ltr'><em>suum]</em></span> <span class='ocrx_word' id='word_1_225' title='bbox 1060 3059 1150 3124; x_wconf 92' lang='lat' dir='ltr'>hebr.</span> <span class='ocrx_word' id='word_1_226' title='bbox 1165 3056 1227 3121; x_wconf 89' lang='lat' dir='ltr'><em>soli</em></span> <span class='ocrx_word' id='word_1_227' title='bbox 1238 3054 1351 3138; x_wconf 82' lang='lat' dir='ltr'><em>posuit</em></span> <span class='ocrx_word' id='word_1_228' title='bbox 1366 3047 1610 3118; x_wconf 86' lang='lat' dir='ltr'><em>tabernaculum</em></span> <span class='ocrx_word' id='word_1_229' title='bbox 1626 3045 1660 3109; x_wconf 91' lang='lat' dir='ltr'><em>iu</em></span> <span class='ocrx_word' id='word_1_230' title='bbox 1676 3044 1730 3110; x_wconf 87' lang='lat' dir='ltr'><em>eis.</em></span> 
     </span>
    </p>
   </div>
   <div class='ocr_carea' id='block_1_12' title="bbox 462 3190 1815 3376">
    <p class='ocr_par' dir='ltr' id='par_1_12' title="bbox 462 3190 1815 3376">
     <span class='ocr_line' id='line_1_25' title="bbox 506 3190 1815 3286; baseline -0.011 -17"><span class='ocrx_word' id='word_1_231' title='bbox 506 3205 594 3269; x_wconf 91' lang='lat' dir='ltr'><em>XIX</em></span> <span class='ocrx_word' id='word_1_232' title='bbox 643 3222 682 3269; x_wconf 85' lang='lat' dir='ltr'>ro</span> <span class='ocrx_word' id='word_1_233' title='bbox 704 3205 794 3271; x_wconf 87' lang='lat' dir='ltr'>hebr.</span> <span class='ocrx_word' id='word_1_234' title='bbox 810 3205 951 3270; x_wconf 89' lang='lat' dir='ltr'><em>Domine</em></span> <span class='ocrx_word' id='word_1_235' title='bbox 973 3205 1103 3270; x_wconf 89' lang='lat' dir='ltr'><em>salvum</em></span> <span class='ocrx_word' id='word_1_236' title='bbox 1121 3204 1185 3285; x_wconf 89' lang='lat' dir='ltr'><em>sac</em></span> <span class='ocrx_word' id='word_1_237' title='bbox 1208 3221 1322 3286; x_wconf 90' lang='lat' dir='ltr'><em>regem,</em></span> <span class='ocrx_word' id='word_1_238' title='bbox 1343 3196 1403 3281; x_wconf 86' lang='lat' dir='ltr'><em>qni</em></span> <span class='ocrx_word' id='word_1_239' title='bbox 1424 3193 1576 3260; x_wconf 74' lang='lat' dir='ltr'><em>maudut</em></span> <span class='ocrx_word' id='word_1_240' title='bbox 1599 3211 1655 3256; x_wconf 88' lang='lat' dir='ltr'><em>uos</em></span> <span class='ocrx_word' id='word_1_241' title='bbox 1681 3190 1716 3254; x_wconf 90' lang='lat' dir='ltr'><em>in</em></span> <span class='ocrx_word' id='word_1_242' title='bbox 1737 3209 1815 3272; x_wconf 89' lang='lat' dir='ltr'><em>qua·</em></span> 
     </span>
     <span class='ocr_line' id='line_1_26' title="bbox 462 3291 1020 3376; baseline 0.002 -20"><span class='ocrx_word' id='word_1_243' title='bbox 462 3291 656 3376; x_wconf 82' lang='lat' dir='ltr'><em>cumquedie</em></span> <span class='ocrx_word' id='word_1_244' title='bbox 667 3292 925 3358; x_wconf 86' lang='lat' dir='ltr'><em>invocaverimus</em></span> <span class='ocrx_word' id='word_1_245' title='bbox 938 3315 1020 3358; x_wconf 91' lang='lat' dir='ltr'><em>eum.</em></span> 
     </span>
    </p>
   </div>
   <div class='ocr_carea' id='block_1_13' title="bbox 507 3437 1170 3523">
    <p class='ocr_par' dir='ltr' id='par_1_13' title="bbox 507 3437 1170 3523">
     <span class='ocr_line' id='line_1_27' title="bbox 507 3437 1170 3523; baseline 0 -21"><span class='ocrx_word' id='word_1_246' title='bbox 507 3437 576 3502; x_wconf 95' lang='lat' dir='ltr'><em>XX</em></span> <span class='ocrx_word' id='word_1_247' title='bbox 626 3455 661 3520; x_wconf 87' lang='lat'><em>13</em></span> <span class='ocrx_word' id='word_1_248' title='bbox 687 3438 893 3523; x_wconf 86' lang='lat' dir='ltr'><em>inreliquiis]</em></span> <span class='ocrx_word' id='word_1_249' title='bbox 910 3439 999 3503; x_wconf 86' lang='lat' dir='ltr'>hebr.</span> <span class='ocrx_word' id='word_1_250' title='bbox 1013 3437 1047 3502; x_wconf 89' lang='lat' dir='ltr'><em>iu</em></span> <span class='ocrx_word' id='word_1_251' title='bbox 1072 3437 1170 3502; x_wconf 86' lang='lat' dir='ltr'><em>bonis.</em></span> 
     </span>
    </p>
   </div>
   <div class='ocr_carea' id='block_1_14' title="bbox 462 3569 1821 4107">
    <p class='ocr_par' dir='ltr' id='par_1_14' title="bbox 462 3569 1821 4107">
     <span class='ocr_line' id='line_1_28' title="bbox 507 3569 1821 3675; baseline -0.012 -25"><span class='ocrx_word' id='word_1_252' title='bbox 507 3585 594 3650; x_wconf 93' lang='lat' dir='ltr'><em>XXI</em></span> <span class='ocrx_word' id='word_1_253' title='bbox 646 3595 732 3668; x_wconf 92' lang='lat' dir='ltr'><em>1pro</em></span> <span class='ocrx_word' id='word_1_254' title='bbox 748 3584 971 3666; x_wconf 82' lang='lat' dir='ltr'><em>adsumptione</em></span> <span class='ocrx_word' id='word_1_255' title='bbox 986 3583 1162 3668; x_wconf 87' lang='lat' dir='ltr'><em>matutina]</em></span> <span class='ocrx_word' id='word_1_256' title='bbox 1181 3582 1270 3646; x_wconf 90' lang='lat' dir='ltr'>hebr.</span> <span class='ocrx_word' id='word_1_257' title='bbox 1278 3592 1341 3663; x_wconf 89' lang='lat' dir='ltr'><em>pro</em></span> <span class='ocrx_word' id='word_1_258' title='bbox 1371 3597 1460 3642; x_wconf 88' lang='lat' dir='ltr'><em>cervo</em></span> <span class='ocrx_word' id='word_1_259' title='bbox 1477 3575 1646 3639; x_wconf 89' lang='lat' dir='ltr'><em>matutino.</em></span> <span class='ocrx_word' id='word_1_260' title='bbox 1672 3661 1679 3675; x_wconf 39' lang='grc' dir='ltr'>Ι</span> <span class='ocrx_word' id='word_1_261' title='bbox 1773 3569 1821 3634; x_wconf 90' lang='lat' dir='ltr'><em>in·</em></span> 
     </span>
     <span class='ocr_line' id='line_1_29' title="bbox 462 3658 1821 3762; baseline -0.014 -23"><span class='ocrx_word' id='word_1_262' title='bbox 462 3674 554 3739; x_wconf 86' lang='lat' dir='ltr'><em>tende</em></span> <span class='ocrx_word' id='word_1_263' title='bbox 565 3671 665 3755; x_wconf 82' lang='lat' dir='ltr'><em>milei]</em></span> <span class='ocrx_word' id='word_1_264' title='bbox 678 3693 742 3736; x_wconf 89' lang='lat' dir='ltr'><em>om.</em></span> <span class='ocrx_word' id='word_1_265' title='bbox 758 3673 848 3737; x_wconf 89' lang='lat' dir='ltr'>hebr.</span> <span class='ocrx_word' id='word_1_266' title='bbox 959 3687 977 3735; x_wconf 89' lang='lat'><strong>2</strong></span> <span class='ocrx_word' id='word_1_267' title='bbox 994 3671 1085 3756; x_wconf 88' lang='lat' dir='ltr'><em>louge</em></span> <span class='ocrx_word' id='word_1_268' title='bbox 1100 3694 1128 3735; x_wconf 89' lang='lat' dir='ltr'><em>a.</em></span> <span class='ocrx_word' id='word_1_269' title='bbox 1138 3693 1161 3734; x_wconf 89' lang='lat' dir='ltr'><em>s.</em></span> <span class='ocrx_word' id='word_1_270' title='bbox 1176 3689 1218 3734; x_wconf 89' lang='lat' dir='ltr'><em>m.</em></span> <span class='ocrx_word' id='word_1_271' title='bbox 1228 3689 1257 3732; x_wconf 93' lang='lat' dir='ltr'><em>v.</em></span> <span class='ocrx_word' id='word_1_272' title='bbox 1270 3668 1301 3733; x_wconf 87' lang='lat' dir='ltr'>d.</span> <span class='ocrx_word' id='word_1_273' title='bbox 1313 3663 1472 3749; x_wconf 89' lang='lat' dir='ltr'><em>mearum]</em></span> <span class='ocrx_word' id='word_1_274' title='bbox 1484 3677 1559 3727; x_wconf 82' lang='lat' dir='ltr'><em>Lxx</em></span> <span class='ocrx_word' id='word_1_275' title='bbox 1568 3683 1577 3742; x_wconf 92' lang='lat'>;</span> <span class='ocrx_word' id='word_1_276' title='bbox 1589 3658 1715 3744; x_wconf 77' lang='lat' dir='ltr'><em>Aquila</em></span> <span class='ocrx_word' id='word_1_277' title='bbox 1730 3659 1821 3762; x_wconf 77' lang='lat' dir='ltr'><em>louge</em></span> 
     </span>
     <span class='ocr_line' id='line_1_30' title="bbox 462 3751 1819 3851; baseline -0.014 -25"><span class='ocrx_word' id='word_1_278' title='bbox 462 3783 484 3825; x_wconf 88' lang='lat' dir='ltr'><em>a</em></span> <span class='ocrx_word' id='word_1_279' title='bbox 498 3763 604 3826; x_wconf 90' lang='lat' dir='ltr'><em>salute</em></span> <span class='ocrx_word' id='word_1_280' title='bbox 614 3781 685 3825; x_wconf 91' lang='lat' dir='ltr'><em>mea</em></span> <span class='ocrx_word' id='word_1_281' title='bbox 697 3758 797 3823; x_wconf 86' lang='lat' dir='ltr'><em>verba</em></span> <span class='ocrx_word' id='word_1_282' title='bbox 807 3761 953 3844; x_wconf 83' lang='lat' dir='ltr'><em>gemitus</em></span> <span class='ocrx_word' id='word_1_283' title='bbox 967 3761 1051 3836; x_wconf 89' lang='lat' dir='ltr'><em>mei;</em></span> <span class='ocrx_word' id='word_1_284' title='bbox 1069 3759 1197 3842; x_wconf 89' lang='lat' dir='ltr'><em>Symm.</em></span> <span class='ocrx_word' id='word_1_285' title='bbox 1209 3756 1307 3821; x_wconf 85' lang='lat' dir='ltr'><em>verba</em></span> <span class='ocrx_word' id='word_1_286' title='bbox 1323 3751 1509 3837; x_wconf 86' lang='lat' dir='ltr'><em>mugituum</em></span> <span class='ocrx_word' id='word_1_287' title='bbox 1523 3769 1685 3851; x_wconf 60' lang='lat' dir='ltr'><em>meorum·</em></span> <span class='ocrx_word' id='word_1_288' title='bbox 1701 3756 1819 3847; x_wconf 65' lang='lat' dir='ltr'><em>quinta</em></span> 
     </span>
     <span class='ocr_line' id='line_1_31' title="bbox 463 3833 1820 3926; baseline -0.015 -12"><span class='ocrx_word' id='word_1_289' title='bbox 463 3859 496 3914; x_wconf 90' lang='lat' dir='ltr'><em>et</em></span> <span class='ocrx_word' id='word_1_290' title='bbox 512 3860 610 3914; x_wconf 82' lang='lat' dir='ltr'><em>sexta</em></span> <span class='ocrx_word' id='word_1_291' title='bbox 625 3849 703 3912; x_wconf 89' lang='lat' dir='ltr'><em>edit.</em></span> <span class='ocrx_word' id='word_1_292' title='bbox 719 3848 816 3911; x_wconf 87' lang='lat' dir='ltr'><em>verbo</em></span> <span class='ocrx_word' id='word_1_293' title='bbox 830 3846 982 3911; x_wconf 88' lang='lat' dir='ltr'><em>clamoris</em></span> <span class='ocrx_word' id='word_1_294' title='bbox 992 3847 1061 3910; x_wconf 91' lang='lat' dir='ltr'><em>mei.</em></span> <span class='ocrx_word' id='word_1_295' title='bbox 1196 3862 1212 3926; x_wconf 89' lang='lat'>3</span> <span class='ocrx_word' id='word_1_296' title='bbox 1236 3854 1268 3907; x_wconf 89' lang='lat' dir='ltr'><em>et</em></span> <span class='ocrx_word' id='word_1_297' title='bbox 1281 3852 1365 3907; x_wconf 88' lang='lat' dir='ltr'><em>nocte</em></span> <span class='ocrx_word' id='word_1_298' title='bbox 1376 3865 1400 3906; x_wconf 87' lang='lat' dir='ltr'><em>c.</em></span> <span class='ocrx_word' id='word_1_299' title='bbox 1417 3863 1446 3905; x_wconf 95' lang='lat' dir='ltr'><em>n.</em></span> <span class='ocrx_word' id='word_1_300' title='bbox 1473 3861 1502 3903; x_wconf 89' lang='lat' dir='ltr'><em>a.</em></span> <span class='ocrx_word' id='word_1_301' title='bbox 1527 3860 1547 3902; x_wconf 85' lang='lat' dir='ltr'><em>i.</em></span> <span class='ocrx_word' id='word_1_302' title='bbox 1572 3835 1673 3919; x_wconf 84' lang='lat' dir='ltr'><em>rnilrc]</em></span> <span class='ocrx_word' id='word_1_303' title='bbox 1694 3833 1820 3916; x_wconf 77' lang='lat' dir='ltr'><em>Aquila</em></span> 
     </span>
     <span class='ocr_line' id='line_1_32' title="bbox 463 3920 1817 4016; baseline -0.015 -15"><span class='ocrx_word' id='word_1_304' title='bbox 463 3938 552 4003; x_wconf 90' lang='lat' dir='ltr'>hebr.</span> <span class='ocrx_word' id='word_1_305' title='bbox 564 3947 596 4001; x_wconf 89' lang='lat' dir='ltr'><em>et</em></span> <span class='ocrx_word' id='word_1_306' title='bbox 606 3946 699 4013; x_wconf 88' lang='lat' dir='ltr'><em>nocte,</em></span> <span class='ocrx_word' id='word_1_307' title='bbox 710 3945 812 4000; x_wconf 87' lang='lat' dir='ltr'><em>etnou</em></span> <span class='ocrx_word' id='word_1_308' title='bbox 824 3932 947 3999; x_wconf 77' lang='lat' dir='ltr'><em>tacebis</em></span> <span class='ocrx_word' id='word_1_309' title='bbox 1083 3951 1120 4016; x_wconf 89' lang='lat'><em>13</em></span> <span class='ocrx_word' id='word_1_310' title='bbox 1131 3930 1285 4016; x_wconf 82' lang='lat' dir='ltr'><em>pingues]</em></span> <span class='ocrx_word' id='word_1_311' title='bbox 1301 3930 1430 4013; x_wconf 89' lang='lat' dir='ltr'><em>Symm.</em></span> <span class='ocrx_word' id='word_1_312' title='bbox 1452 3925 1561 3990; x_wconf 88' lang='lat' dir='ltr'><em>altiles</em></span> <span class='ocrx_word' id='word_1_313' title='bbox 1571 3947 1587 4000; x_wconf 89' lang='lat'><em>;</em></span> <span class='ocrx_word' id='word_1_314' title='bbox 1610 3924 1700 3987; x_wconf 89' lang='lat' dir='ltr'>hebr.</span> <span class='ocrx_word' id='word_1_315' title='bbox 1717 3920 1817 3985; x_wconf 86' lang='lat' dir='ltr'><em>basan</em></span> 
     </span>
     <span class='ocr_line' id='line_1_33' title="bbox 465 4013 1816 4107; baseline -0.013 -20"><span class='ocrx_word' id='word_1_316' title='bbox 465 4026 483 4090; x_wconf 90' lang='lat' dir='ltr'><em>i.</em></span> <span class='ocrx_word' id='word_1_317' title='bbox 498 4046 525 4090; x_wconf 88' lang='lat' dir='ltr'><em>e.</em></span> <span class='ocrx_word' id='word_1_318' title='bbox 542 4023 736 4107; x_wconf 89' lang='lat' dir='ltr'><em>ignominia.</em></span> <span class='ocrx_word' id='word_1_319' title='bbox 871 4037 907 4102; x_wconf 89' lang='lat'><em>17</em></span> <span class='ocrx_word' id='word_1_320' title='bbox 930 4020 1037 4104; x_wconf 88' lang='lat' dir='ltr'><em>canes]</em></span> <span class='ocrx_word' id='word_1_321' title='bbox 1053 4022 1143 4086; x_wconf 88' lang='lat' dir='ltr'>hebr.</span> <span class='ocrx_word' id='word_1_322' title='bbox 1157 4020 1284 4084; x_wconf 85' lang='lat' dir='ltr'><em>calabiu</em></span> <span class='ocrx_word' id='word_1_323' title='bbox 1295 4042 1309 4095; x_wconf 90' lang='lat'><em>,·</em></span> <span class='ocrx_word' id='word_1_324' title='bbox 1324 4017 1449 4101; x_wconf 88' lang='lat' dir='ltr'><em>Aquila</em></span> <span class='ocrx_word' id='word_1_325' title='bbox 1466 4013 1630 4078; x_wconf 89' lang='lat' dir='ltr'>Theodot.</span> <span class='ocrx_word' id='word_1_326' title='bbox 1643 4017 1816 4073; x_wconf 88' lang='lat' dir='ltr'><em>venatores.</em></span> 
     </span>
    </p>
   </div>
   <div class='ocr_carea' id='block_1_15' title="bbox 470 4148 1824 4332">
    <p class='ocr_par' dir='ltr' id='par_1_15' title="bbox 470 4148 1824 4332">
     <span class='ocr_line' id='line_1_34' title="bbox 508 4148 1824 4244; baseline -0.016 -15"><span class='ocrx_word' id='word_1_327' title='bbox 508 4163 634 4229; x_wconf 93' lang='lat' dir='ltr'>XXIII</span> <span class='ocrx_word' id='word_1_328' title='bbox 682 4163 816 4243; x_wconf 88' lang='lat' dir='ltr'><em>7lcvate</em></span> <span class='ocrx_word' id='word_1_329' title='bbox 823 4172 935 4244; x_wconf 88' lang='lat' dir='ltr'><em>partas</em></span> <span class='ocrx_word' id='word_1_330' title='bbox 948 4161 1108 4243; x_wconf 90' lang='lat' dir='ltr'><em>principes</em></span> <span class='ocrx_word' id='word_1_331' title='bbox 1118 4159 1221 4223; x_wconf 90' lang='lat' dir='ltr'><em>vestri</em></span> <span class='ocrx_word' id='word_1_332' title='bbox 1224 4157 1237 4241; x_wconf 93' lang='lat'><em>]</em></span> <span class='ocrx_word' id='word_1_333' title='bbox 1248 4157 1336 4221; x_wconf 88' lang='lat' dir='ltr'>hebr.</span> <span class='ocrx_word' id='word_1_334' title='bbox 1348 4156 1451 4220; x_wconf 91' lang='lat' dir='ltr'><em>levate</em></span> <span class='ocrx_word' id='word_1_335' title='bbox 1452 4159 1569 4236; x_wconf 88' lang='lat' dir='ltr'><em>portae</em></span> <span class='ocrx_word' id='word_1_336' title='bbox 1587 4148 1695 4231; x_wconf 88' lang='lat' dir='ltr'><em>capita</em></span> <span class='ocrx_word' id='word_1_337' title='bbox 1706 4155 1824 4210; x_wconf 89' lang='lat' dir='ltr'><em>vestra.</em></span> 
     </span>
     <span class='ocr_line' id='line_1_35' title="bbox 470 4245 1326 4332; baseline -0.011 -13"><span class='ocrx_word' id='word_1_338' title='bbox 470 4271 508 4319; x_wconf 90' lang='lat'><em>10</em></span> <span class='ocrx_word' id='word_1_339' title='bbox 529 4252 694 4316; x_wconf 87' lang='lat' dir='ltr'><em>Dominus</em></span> <span class='ocrx_word' id='word_1_340' title='bbox 705 4248 882 4332; x_wconf 89' lang='lat' dir='ltr'><em>virtutum]</em></span> <span class='ocrx_word' id='word_1_341' title='bbox 898 4249 988 4313; x_wconf 90' lang='lat' dir='ltr'>hebr.</span> <span class='ocrx_word' id='word_1_342' title='bbox 1003 4247 1169 4311; x_wconf 87' lang='lat' dir='ltr'><em>Dominus</em></span> <span class='ocrx_word' id='word_1_343' title='bbox 1183 4245 1326 4311; x_wconf 78' lang='lat' dir='ltr'><em>sabaoth.</em></span> 
     </span>
    </p>
   </div>
   <div class='ocr_carea' id='block_1_16' title="bbox 511 4365 1348 4737">
    <p class='ocr_par' dir='ltr' id='par_1_16' title="bbox 511 4365 1348 4737">
     <span class='ocr_line' id='line_1_36' title="bbox 511 4365 1348 4472; baseline -0.012 -15"><span class='ocrx_word' id='word_1_344' title='bbox 511 4391 632 4456; x_wconf 94' lang='lat' dir='ltr'>XXVI</span> <span class='ocrx_word' id='word_1_345' title='bbox 719 4408 731 4453; x_wconf 91' lang='lat'>1</span> <span class='ocrx_word' id='word_1_346' title='bbox 758 4398 833 4454; x_wconf 88' lang='lat' dir='ltr'><em>aute</em></span> <span class='ocrx_word' id='word_1_347' title='bbox 847 4409 946 4472; x_wconf 84' lang='lat' dir='ltr'><em>quam</em></span> <span class='ocrx_word' id='word_1_348' title='bbox 962 4365 1164 4470; x_wconf 79' lang='lat' dir='ltr'><em>urgueretur</em></span> <span class='ocrx_word' id='word_1_349' title='bbox 1176 4405 1241 4450; x_wconf 89' lang='lat' dir='ltr'><em>om.</em></span> <span class='ocrx_word' id='word_1_350' title='bbox 1256 4382 1348 4447; x_wconf 87' lang='lat' dir='ltr'>hebr.</span> 
     </span>
     <span class='ocr_line' id='line_1_37' title="bbox 512 4526 1108 4610; baseline -0.013 -14"><span class='ocrx_word' id='word_1_351' title='bbox 512 4529 652 4596; x_wconf 93' lang='lat' dir='ltr'>XXVII</span> <span class='ocrx_word' id='word_1_352' title='bbox 722 4544 742 4610; x_wconf 94' lang='lat'><em>7</em></span> <span class='ocrx_word' id='word_1_353' title='bbox 764 4526 851 4610; x_wconf 87' lang='lat' dir='ltr'><em>cara]</em></span> <span class='ocrx_word' id='word_1_354' title='bbox 865 4526 1032 4591; x_wconf 82' lang='lat' dir='ltr'>Theodot.</span> <span class='ocrx_word' id='word_1_355' title='bbox 1049 4545 1108 4588; x_wconf 90' lang='lat' dir='ltr'><em>cor.</em></span> 
     </span>
     <span class='ocr_line' id='line_1_38' title="bbox 514 4659 1205 4737; baseline -0.019 -1"><span class='ocrx_word' id='word_1_356' title='bbox 514 4669 674 4737; x_wconf 91' lang='lat' dir='ltr'>XXVIII</span> <span class='ocrx_word' id='word_1_357' title='bbox 721 4669 743 4732; x_wconf 91' lang='lat'><em>6</em></span> <span class='ocrx_word' id='word_1_358' title='bbox 765 4666 854 4731; x_wconf 92' lang='lat' dir='ltr'>hebr.</span> <span class='ocrx_word' id='word_1_359' title='bbox 870 4675 902 4729; x_wconf 89' lang='lat' dir='ltr'><em>et</em></span> <span class='ocrx_word' id='word_1_360' title='bbox 916 4663 1041 4728; x_wconf 87' lang='lat' dir='ltr'><em>vitulus</em></span> <span class='ocrx_word' id='word_1_361' title='bbox 1049 4659 1182 4726; x_wconf 87' lang='lat' dir='ltr'><em>Libani.</em></span> <span class='ocrx_word' id='word_1_362' title='bbox 1202 4683 1205 4694; x_wconf 83' lang='grc'><strong><em>’</em></strong></span> 
     </span>
    </p>
   </div>
   <div class='ocr_carea' id='block_1_17' title="bbox 0 0 2100 5492">
    <p class='ocr_par' dir='ltr' id='par_1_17' title="bbox 0 0 2100 5492">
     <span class='ocr_line' id='line_1_39' title="bbox 0 0 2100 5492; baseline 0 0"><span class='ocrx_word' id='word_1_363' title='bbox 0 0 2100 5492; x_wconf 95' lang='lat' dir='ltr'><em> </em></span> 
     </span>
    </p>
   </div>
  </div>
 </body>
</html>
