4202 5492
471 428 548 486 110
846 431 874 490 S.
899 430 1154 492 HIERONYMI
1178 431 1442 494 PRESBYTERI

466 645 532 710 tia:
547 647 728 712 ‘Senectus
744 647 816 730 ipsa
833 648 967 712 morbus
984 657 1033 713 est
1046 655 1060 711 ’.
1078 648 1125 711 Et
1135 647 1277 730 amplius
1288 649 1818 738 eorrrmlaboretdolor.Quicquid

467 749 540 836 plus
555 750 664 829 inerit,
678 771 745 814 non
762 761 814 815 est
832 754 909 829 vita,
925 753 983 817 sed
1001 752 1106 818 dolor.

465 885 467 890 ·
512 854 587 920 Hoc
604 855 735 918 interim
753 855 902 920 diximus
913 856 1094 920 secundum
1109 856 1298 921 historiam:
1315 867 1460 922 ceterum
1474 859 1624 925 dicamus
1637 865 1818 928 secundum

466 978 651 1042 anagogen.
670 961 713 1025 Et
740 962 849 1024 omnis
875 961 1008 1043 quidem
1026 960 1174 1044 psalmus
1201 963 1318 1044 recipit
1341 962 1563 1046 tropologiam
1580 987 1588 1044 ;
1607 976 1641 1031 et
1668 977 1819 1051 poteram

467 1082 554 1126 nunc
587 1084 645 1145 per
673 1065 824 1148 singulos
852 1064 1030 1129 versiculos
1060 1085 1197 1142 currere,
1224 1073 1257 1128 et
1292 1067 1474 1146 spiritalem
1501 1068 1761 1153 intellegentiam
1787 1075 1818 1136 in
1859 1091 1872 1146 5

466 1168 604 1249 singulis
621 1171 751 1234 dicere:
768 1171 825 1233 sed
842 1170 923 1233 hora
940 1169 1157 1232 excludimur.
1177 1171 1270 1233 Licet
1288 1189 1354 1233 uno
1378 1171 1539 1236 versiculo
1563 1175 1658 1257 quasi
1685 1188 1819 1258 gustum

466 1271 560 1335 vobis
576 1274 621 1337 do
636 1274 793 1357 spiritalis
809 1274 1065 1357 intellegentiae,
1082 1286 1117 1338 ut
1144 1275 1300 1357 quicquid
1318 1274 1371 1338 hic
1400 1286 1543 1353 tacuero,
1559 1279 1682 1360 putetis
1698 1279 1751 1344 hic
1772 1282 1819 1344 di-

467 1384 557 1438 ctum
568 1397 649 1442 esse.
664 1377 747 1443 Dies
760 1399 922 1442 annorum
935 1388 1117 1442 nostrorum
1131 1377 1164 1441 iu
1182 1378 1262 1459 ipsis
1272 1379 1479 1460 septuaginta
1493 1381 1588 1446 areni.
1598 1380 1820 1465 Septuaginta

467 1479 545 1541 anni
556 1490 683 1562 septem
701 1482 843 1546 decades
860 1491 946 1560 sunt,
962 1494 994 1546 et
1012 1483 1182 1564 octoginta
1199 1482 1365 1545 anniocto
1380 1484 1522 1548 decades
1538 1495 1625 1550 sunt.
1643 1486 1731 1552 Vide
1741 1507 1820 1570 ergo

467 1585 637 1665 quomodo
652 1586 816 1667 septimus
826 1598 859 1651 et
869 1599 1007 1651 octavus
1020 1607 1175 1650 numerus
1188 1586 1404 1669 praedicatur.
1423 1588 1468 1652 Et
1478 1590 1649 1670 quomodo
1661 1591 1820 1670 diximus,
1843 1615 1874 1651 ιο

468 1689 520 1751 Tu
538 1687 700 1770 refugium
715 1688 820 1754 iactus
832 1712 868 1754 es
885 1690 981 1755 nobis
999 1692 1030 1755 in
1048 1691 1262 1773 generatione
1278 1679 1311 1755 et
1328 1694 1551 1774 generatione,
1567 1705 1601 1758 et
1614 1695 1646 1758 in
1659 1705 1771 1760 vetere
1785 1707 1818 1760 et

469 1793 500 1856 in
519 1813 606 1857 novo
623 1803 846 1859 testamento:
870 1806 1046 1878 propterea
1063 1805 1198 1858 nuncet
1216 1795 1395 1878 septimum
1412 1807 1445 1860 et
1469 1805 1625 1862 octavum
1643 1819 1816 1863 numerum

469 1898 570 1980 ponit.
585 1899 659 1962 Hoc
672 1899 753 1963 dicit
770 1910 802 1963 et
816 1900 848 1963 in
862 1899 1063 1964 Ecclesiaste
1076 1924 1082 1964 :
1093 1905 1100 1932 ⁸
1112 1901 1166 1964 Da
1184 1909 1310 1982 partem
1325 1910 1502 1983 septem,et
1518 1902 1562 1965 da
1571 1911 1700 1984 partem
1713 1913 1790 1967 octo
1802 1902 1816 1968 ².

471 2002 649 2084 Propterea
664 2013 697 2067 et
712 2003 902 2086 quindecim
925 2011 1004 2066 sunt
1020 2003 1183 2085 graduum
1202 2003 1330 2086 psalmi,
1344 2003 1408 2067 hoc
1432 2015 1482 2069 est
1505 2016 1634 2088 septem
1656 2016 1690 2070 et
1716 2016 1817 2070 octo:

469 2107 524 2186 qui
541 2106 730 2188 quindecim
748 2109 871 2190 pariter
886 2127 947 2170 nos
959 2107 1086 2171 ducunt
1102 2108 1144 2170 ad
1162 2126 1264 2189 regna
1275 2106 1451 2173 caelorum.
1469 2108 1625 2192 Denique
1640 2119 1816 2193 postquam
1841 2136 1870 2189 ¹5

469 2211 630 2293 septimus
655 2213 818 2294 graduum
847 2211 994 2293 psalmus
1018 2210 1172 2293 expletus
1198 2219 1257 2288 est,
1278 2211 1357 2294 quid
1384 2211 1504 2276 dicitur
1521 2213 1552 2275 in
1570 2212 1732 2296 scriptura
1748 2213 1818 2296 ipse

469 2315 639 2398 psalmus?
655 2322 663 2348 ‘
677 2315 835 2393 Psalmus,
852 2314 968 2398 inquit,
994 2314 1201 2380 Salomonis'
1220 2315 1276 2398 qai
1296 2326 1492 2380 extruxerat
1510 2326 1653 2382 veterem
1671 2317 1817 2383 domum.

470 2417 514 2482 Et
525 2419 603 2502 quid
629 2421 734 2484 dicit?
749 2423 756 2450 ‘
771 2420 843 2482 Nisi
861 2419 1027 2482 Dominus
1051 2418 1273 2484 aedificaverit
1294 2420 1442 2496 domum,
1458 2421 1491 2484 in
1508 2441 1631 2486 vanum
1649 2422 1816 2486 laborave-

466 2533 543 2587 runt
560 2525 615 2605 qui
632 2521 889 2587 aedificaverunt
905 2543 978 2586 eam
991 2523 1007 2586 ¹.
1025 2522 1114 2605 Quid
1131 2543 1212 2605 ergo
1228 2523 1308 2586 dicit
1325 2523 1395 2604 ipse
1412 2522 1642 2608 Salomon,qui
1660 2526 1816 2608 praescri·

467 2629 557 2692 bitur
573 2629 605 2692 in
623 2629 696 2711 ipso
712 2629 836 2693 titulo?
863 2629 939 2710 Ego
963 2628 1134 2692 aedificavi
1151 2628 1313 2710 templum
1330 2629 1411 2692 :sed
1429 2629 1489 2692 nisi
1506 2639 1644 2696 octavus
1661 2649 1815 2694 numerus
1836 2650 1869 2687 20

465 2732 697 2811 aedificaverit,
713 2735 745 2797 in
773 2752 895 2798 vanum
919 2741 970 2796 est
994 2732 1113 2796 domus
1138 2731 1321 2796 aedificata.
1345 2732 1504 2814 Legimus
1524 2745 1556 2798 et
1583 2735 1614 2798 in
1644 2734 1815 2816 evangelio

465 2839 647 2902 secundum
667 2837 877 2901 Matthaeum
893 2859 900 2900 :
918 2837 1012 2900 Beati
1039 2856 1209 2918 pauperes,
1233 2836 1323 2912 beati
1350 2837 1455 2914 mites,
1471 2836 1560 2899 beati
1586 2837 1767 2901 esurientes
1781 2846 1815 2900 et

465 2943 658 3020 sitientes,et
668 2950 820 3019 cetera,et
830 2951 907 3007 sunt
919 2952 996 3006 octo
1006 2942 1333 3024 beatitrrdines.Ergo
1346 2943 1511 3006 Dominus
1523 2952 1634 3006 noster
1645 2942 1814 3005 octonario

466 3065 604 3108 numero
619 3045 780 3109 conclusit
796 3046 1015 3128 evangelium.
1032 3045 1187 3128 Denique
1203 3065 1367 3128 nusquam
1391 3045 1576 3111 invenimus
1602 3057 1679 3112 octo
1695 3047 1816 3128 pariter

465 3151 688 3214 beatitudines
705 3150 766 3213 nisi
784 3151 816 3213 in
833 3150 1016 3231 evangelia.
1033 3148 1216 3213 Octouario
1234 3169 1380 3227 numero,
1397 3149 1460 3212 hoc
1481 3161 1540 3227 est,
1557 3152 1590 3213 in
1606 3151 1660 3214 die
1676 3170 1815 3213 resurre·
1835 3171 1866 3223 ²5

464 3254 592 3318 ctionis.
603 3255 683 3318 Dies
700 3275 860 3318 ceterorum
878 3263 1058 3316 rrastroercru
1070 3253 1103 3316 iu
1121 3253 1199 3334 ipses
1209 3253 1415 3336 septuaginta
1426 3254 1630 3318 antriVultis
1641 3255 1813 3318 ostendam

464 3361 557 3424 vobis
574 3361 716 3437 interim,
732 3359 894 3441 septimus
910 3368 944 3423 et
959 3369 1096 3422 octavus
1118 3379 1274 3423 numerus
1290 3361 1463 3423 continent
1475 3359 1615 3441 plurima
1632 3377 1815 3422 sacramen·

494 3554 640 3618 spaterm]
650 3560 793 3617 poteramus
804 3553 836 3604 G.
937 3555 953 3602 6
965 3555 1035 3603 Licet
1046 3569 1095 3603 uero
1106 3555 1237 3620 versiculo]
1249 3553 1269 3604 C
1273 3555 1311 3605 PS
1323 3573 1329 3613 ς
1348 3555 1404 3604 lieet
1414 3570 1496 3604 erarem
1513 3555 1663 3604 versiculum
1676 3554 1739 3614 BG;
1763 3554 1817 3605 Ueia

460 3644 544 3686 tarrrerr
563 3639 684 3687 versiculo
702 3635 727 3704 β.
829 3637 896 3698 7l1r'c
912 3640 1019 3703 tacuero]
1039 3639 1056 3687 S
1077 3655 1127 3686 orn.
1140 3638 1188 3687 hic.
1293 3650 1321 3701 13
1334 3640 1362 3686 iu
1376 3637 1530 3701 Ecclesiaste]
1551 3639 1580 3687 iu
1597 3639 1749 3688 ecclesiasten
1761 3639 1814 3688 BG.

464 3733 494 3781 14
504 3720 658 3784 preindecim]
677 3720 819 3785 quindieem
832 3721 864 3770 G.
968 3731 996 3784 15
1008 3721 1067 3785 qui]
1087 3723 1122 3780 ὃς
1142 3736 1192 3769 0111.
1209 3718 1282 3784 pAG.
1387 3721 1416 3770 16
1427 3721 1456 3768 in
1473 3721 1608 3784 scriptura]
1629 3721 1779 3770 imen'br‘tur
1788 3721 1814 3770 S.

461 3803 510 3866 ipse
516 3801 642 3866 psalmus]
653 3803 733 3865 ipsius
741 3803 836 3866 psalmi
847 3799 885 3868 BC
898 3819 953 3867 sup.
967 3802 1010 3852 lin.
1108 3813 1142 3864 17,
1147 3802 1243 3866 inquit]
1253 3803 1273 3852 C
1286 3801 1345 3852 atld.
1361 3808 1495 3853 XXanus.
1582 3803 1731 3865 Salorrronis]
1742 3803 1783 3851 sal
1791 3804 1817 3862 (a

461 3903 491 3934 ex
503 3887 609 3946 electanis
620 3887 650 3936 C.
756 3885 784 3934 18
795 3884 982 3945 laboraverunt]
995 3885 1108 3933 laluraut
1120 3885 1152 3934 G.
1257 3897 1285 3946 19
1296 3884 1502 3950 aedificaverunt]
1521 3883 1653 3948 aedificant
1665 3881 1709 3950 βΗ
1723 3900 1730 3942 ;
1749 3882 1816 3947 edifi-

460 3977 569 4019 carerent
581 3970 630 4018 BP.
732 3980 762 4031 23
774 3968 898 4016 octonario
910 3966 1024 4027 nutriero]
1037 3964 1072 4032 βὸ
1083 3983 1090 4025 ;
1102 3967 1254 4029 octogenario
1265 3981 1369 4016 necarere
1380 3967 1457 4026 ΑΒΕ,
1471 3967 1587 4015 Pmutnt.
1599 3965 1624 4013 in
1636 3965 1816 4030 octogenarium

460 4069 595 4103 numerum
605 4070 613 4112 ;
624 4051 828 4114 octuagiuarium
839 4065 975 4098 meruerunt
988 4049 1019 4098 G.
1109 4047 1238 4108 conclusit]
1252 4045 1334 4114 ,sPSG
1346 4067 1353 4108 ;
1365 4049 1470 4097 exclusit
1481 4048 1558 4098 ABC.
1650 4047 1815 4111 maugelium]

462 4134 500 4203 BC
511 4153 519 4194 3
531 4135 660 4198 euarrgelia
672 4134 712 4192 Α;
730 4132 855 4194 euangelii
867 4132 915 4180 BH
928 4150 934 4190 ;
956 4132 984 4180 iu
996 4131 1152 4192 evangelium
1166 4129 1201 4188 S;
1223 4129 1251 4176 iu
1262 4131 1388 4192 evergetis
1399 4130 1453 4179 GP.
1555 4142 1569 4177 2
1573 4140 1586 4193 5
1607 4130 1748 4192 Octanaria]
1767 4137 1815 4177 ato·

460 4219 533 4267 narie
546 4219 582 4277 P;
595 4219 623 4266 in
635 4217 758 4266 octonaria
771 4216 788 4265 S
800 4233 807 4274 ;
820 4214 970 4277 octogenaria
983 4213 1011 4270 B,
1027 4211 1086 4274 Cge
1098 4211 1156 4260 add.
1170 4227 1224 4274 sup.
1240 4210 1293 4270 lin;
1310 4212 1513 4274 octuagirrariuru
1525 4211 1557 4261 G.
1658 4222 1689 4273 27
1702 4210 1816 4272 interim]

459 4301 521 4364 quia
532 4299 635 4348 iuterim
648 4299 665 4348 S
676 4314 683 4356 ς
696 4297 799 4346 interim
811 4295 878 4360 quad
889 4293 913 4362 β,
928 4295 948 4344 C
961 4294 1019 4342 add.
1034 4293 1100 4357 quael
1109 4309 1163 4357 sup.
1179 4292 1221 4342 lin.

501 4469 526 4524 8.
559 4467 750 4542 Septuaginta
772 4463 849 4521 anui
869 4468 970 4538 septem
1001 4460 1114 4519 decades
1209 4479 1250 4535 ¹3·
1268 4458 1336 4541 octo]
1354 4461 1434 4519 Eccl.
1455 4480 1499 4532 11,
1516 4480 1541 4520 2.

459 4554 529 4606 sunt
543 4543 603 4625 etc]
626 4547 671 4606 Ci.
690 4566 735 4619 ep.
758 4565 820 4618 140,
839 4564 864 4602 n.
888 4563 921 4618 13
940 4545 1037 4602 ‘Sunt
1060 4541 1112 4618 qui
1210 4559 1252 4615 ¹7·
1270 4538 1444 4621 Seleucenis]
1461 4544 1506 4600 Ps.
1529 4544 1591 4612 126,
1612 4561 1636 4601 1.

461 4629 549 4688 istum
566 4629 665 4687 locum
682 4626 839 4704 allegorice
862 4625 1090 4700 interpretantes
1106 4625 1112 4650 ’
1207 4643 1251 4681 22.
1268 4625 1419 4682 secuudum
1435 4619 1635 4704 Matthaeum]
1651 4641 1678 4700 5,
1695 4643 1712 4700 3
1727 4642 1791 4700 sqq.

459 4723 515 4772 ele.
