4160 5500
814 423 1066 486 PRAEFATIO.
1605 443 1623 483 v

269 583 332 680 qui
351 583 447 657 circa
465 579 577 654 fmem
593 581 799 656 .Tractatus
817 579 865 652 de
887 581 944 653 Pe.
966 601 1027 665 κν,
1048 606 1083 677 p.
1106 605 1164 673 3¹·
1185 605 1252 654 sua
1279 605 1321 656 se
1347 601 1443 655 voce
1471 580 1620 652 huncio

270 700 423 774 modum
441 699 591 797 prodit:

471 867 649 928 Notandum
663 884 796 945 quoque,
811 868 896 944 quod
912 869 942 926 in
958 866 1016 928 hoc
1032 869 1100 927 loco
1111 865 1164 928 ubi
1177 887 1234 928 nos
1249 867 1376 944 legimus
1390 867 1570 944 Adimplebis
1581 886 1626 925 me

430 967 553 1036 laetitia,
569 965 765 1025 Theodotion
780 965 889 1027 dixerit
905 967 1015 1043 Septem
1037 967 1168 1025 loetitiae
1181 985 1210 1026 et
1230 968 1303 1027 Cum
1318 969 1403 1027 vultu
1417 975 1467 1025 tao
1479 967 1625 1024 delectatio

431 1067 463 1125 in
476 1065 597 1124 dextera
610 1073 673 1124 tua.
697 1066 807 1125 Victori
820 1088 829 1140 ς
849 1077 878 1125 et
893 1064 1004 1142 Aquila
1020 1077 1049 1126 et
1074 1065 1273 1142 Symmachus
1294 1066 1509 1126 transtulerunt
1527 1066 1624 1124 Pleni-

431 1165 501 1224 tado
514 1164 697 1223 laetitiarum
711 1183 774 1223 cum
787 1164 867 1240 satie
881 1172 943 1234 tua,
960 1165 1006 1224 vel
1020 1164 1213 1242 apadsaciem
1228 1171 1320 1237 tuam,
1342 1177 1372 1224 et
1386 1164 1509 1242 reliqua.
1527 1164 1625 1238 Quae·

431 1262 504 1323 ritur
526 1281 598 1340 ergo
620 1280 714 1340 quare
735 1261 931 1323 Theodotion
956 1274 1073 1340 septem
1095 1281 1149 1341 pro
1174 1260 1362 1340 plenitudine
1386 1259 1517 1322 dixerit?
1531 1261 1624 1336 Quod

432 1359 557 1439 quidem
581 1358 667 1421 tacile
690 1359 773 1433 sciet,
789 1359 841 1438 qui
863 1361 1010 1422 hebraeae
1025 1359 1145 1438 linguae
1158 1359 1257 1420 saltim
1273 1379 1396 1439 parvam
1415 1360 1555 1422 notitiam
1577 1360 1627 1420 ha-

432 1456 536 1521 buerit.
554 1459 634 1520 Saba
648 1459 732 1520 enim
747 1460 881 1533 verbum,
897 1475 941 1518 oc
955 1477 990 1519 ru
1005 1474 1100 1519 trano
1122 1474 1254 1529 Quoous
1274 1475 1511 1520 assumentum
1527 1475 1627 1528 Quaa-

432 1574 578 1620 smouusr
593 1574 742 1633 uiximus,
757 1569 888 1636 quatuor
902 1577 948 1620 rea
962 1557 1129 1636 significat:
1152 1557 1373 1637 plenitudinem
1395 1568 1425 1620 et
1446 1557 1624 1632 satietatem,

433 1657 635 1722 iuramentum
650 1668 681 1720 et
695 1669 824 1736 septem.

350 1889 438 1952 Quid
457 1889 569 1940 adhuc
585 1889 689 1940 studit
709 1889 760 1940 hls
777 1889 977 1941 tractatibus
995 1900 1014 1939 a
1034 1889 1114 1940 vlrla
1132 1890 1287 1941 lltteratts
1304 1888 1546 1940 adhibendum.

328 2058 404 2134 111.
427 2057 533 2156 Ergo
561 2057 650 2132 inde
676 2058 845 2155 capiatur
872 2057 1103 2154 principium,
1146 2075 1186 2132 ut
1213 2057 1420 2156 seligantur
1443 2072 1625 2132 tractatus

272 2176 410 2270 talibus
420 2178 636 2252 auctoribus
649 2177 892 2276 comprobati,
900 2203 946 2252 ex
956 2177 1092 2275 quibus
1110 2177 1248 2252 deinde
1259 2196 1507 2274 excerpantur
1519 2194 1625 2251 nota·

272 2295 360 2370 bilia
379 2321 560 2396 quaeque,
569 2298 732 2373 maxime
746 2298 931 2372 dictiones
945 2296 1163 2396 peculiares,
1171 2298 1306 2395 quibus
1322 2296 1624 2395 frequentissime

276 2415 393 2489 utitur
410 2434 545 2490 orator.
561 2415 670 2512 Quae
685 2417 837 2514 quidem
856 2417 954 2492 ultro
972 2443 1013 2506 se
1032 2417 1083 2491 ita
1101 2416 1288 2515 ingerunt,
1303 2432 1342 2490 ut
1358 2414 1458 2490 nullo
1472 2415 1625 2515 negotio

275 2532 544 2609 vocabulorum
563 2536 678 2612 index
692 2535 825 2611 confici
840 2536 968 2635 possit,
984 2561 1060 2636 quo
1079 2533 1182 2634 lydio
1199 2536 1306 2634 quasi
1324 2536 1489 2633 quodam
1501 2533 1626 2631 lapide

276 2651 403 2726 statim
421 2674 649 2753 agnoscatur
666 2656 846 2753 quidquid
865 2681 1042 2754 umquam
1061 2681 1109 2730 ex
1126 2653 1352 2752 Hieronymi
1372 2653 1629 2729 concionantis

277 2795 343 2846 ore
361 2771 509 2868 prodiit.
532 2771 647 2848 Hunc
672 2773 838 2849 laborem
856 2801 879 2849 a
897 2801 957 2848 me
975 2790 1193 2872 susceptum
1215 2772 1435 2872 diligentius
1449 2797 1625 2847 exercen-

276 2888 365 2964 dum
385 2889 465 2964 aliis
487 2891 667 2991 relinquo,
688 2893 856 2990 satisque
884 2892 1035 2968 habebo
1065 2891 1245 2968 nonnulla
1273 2916 1322 2966 ex
1350 2892 1394 2965 iis
1423 2890 1628 2986 specimina

277 3009 440 3106 exempli
459 3037 570 3086 causa
587 3013 756 3110 prolerre
773 3039 781 3085 :

480 3179 592 3244 Videte
605 3180 679 3258 quid
693 3179 777 3243 dicat
838 3183 911 3242 Hoc
925 3181 1064 3258 estquod
1079 3179 1154 3242 dicit
1221 3181 1315 3256 Quod
1330 3179 1449 3255 dicitur,
1464 3182 1524 3243 hoc
1532 3190 1578 3243 est

441 3277 531 3340 Dicat
545 3277 654 3358 aliquis
727 3281 800 3340 Hoc
815 3291 911 3340 totum
926 3298 1019 3358 quare
1041 3279 1103 3340 dixi
1115 3282 1128 3340 t
1194 3279 1339 3340 Dicamus
1360 3293 1391 3341 et
1405 3279 1490 3341 aliter
1558 3277 1633 3339 Sim-

440 3375 557 3453 pliciter
570 3377 756 3456 interpretari
825 3381 903 3438 Rem
919 3377 989 3440 dico
1004 3397 1113 3440 novam
1184 3380 1262 3439 Rem
1279 3399 1387 3440 novam
1403 3379 1492 3440 video
1561 3379 1633 3438 Hoc

441 3473 559 3536 interim
572 3478 743 3537 secundum
757 3475 915 3538 historiam
979 3477 1155 3538 Secundum
1166 3477 1296 3538 litteram
1312 3489 1390 3538 stare
1405 3495 1466 3536 oon
1481 3487 1582 3554 potest

441 3575 538 3634 Multa
553 3585 623 3636 sunt
637 3592 716 3652 quae
730 3575 879 3648 dicantur,
895 3575 950 3653 sed
965 3575 1039 3635 hora
1053 3574 1241 3636 excludimur
1305 3574 1376 3634 Vim
1391 3576 1490 3634 lacere
1510 3573 1634 3649 scriptu-

440 3690 539 3732 rae
558 3672 748 3735 Necessitate
763 3693 835 3751 ergo
853 3673 1064 3751 compellimur
1133 3675 1213 3751 Ergo
1228 3691 1333 3733 sensus
1355 3671 1410 3732 iste
1431 3682 1476 3732 est
1553 3671 1635 3732 Dixi·

442 3789 507 3830 mus
522 3771 607 3832 de
625 3771 762 3832 dicamus
776 3772 815 3835 de
874 3770 937 3833 Ubi
952 3784 1021 3832 sunt
1033 3771 1085 3849 qui
1097 3769 1202 3832 dicunt
1214 3771 1307 3832 ...ΡΟ
1322 3769 1346 3831 si
1361 3779 1391 3830 et
1406 3789 1463 3830 nos
1525 3771 1635 3831 Secun-

441 3869 514 3930 dum
540 3868 777 3948 intellegentiam
800 3868 962 3948 spiritalem
1033 3870 1082 3930 Ad
1096 3867 1213 3946 reliqua
1227 3867 1456 3930 festinatoratio
1524 3870 1635 3930 Secun-

441 3967 514 4026 dum
526 3967 697 4028 habraicam
710 3967 865 4028 veritatem
928 3969 1113 4046 Frequenter
1127 3966 1187 4027 dixi
1250 3968 1357 4044 Usque
1372 3966 1464 4028 hodie
1527 3966 1636 4028 Videte

442 4068 615 4142 mysterium
684 4065 794 4128 Videte
809 4065 1040 4146 significantiam
1109 4066 1219 4128 Videte
1232 4065 1587 4126 nominumsacramenta

441 4165 551 4224 Videte
565 4164 756 4226 clementiam
767 4165 931 4242 prophetae
991 4164 1101 4226 Videte
1112 4165 1362 4242 consequentiam
1375 4163 1587 4241 scripturarum

444 4264 509 4340 Ego
523 4263 697 4341 simpliciter
711 4263 782 4323 dico
850 4263 949 4323 Vultis
963 4263 1039 4323 scire
1064 4265 1121 4323 ...t
1136 4265 1203 4340 Ego
1225 4275 1299 4340 puto
1368 4262 1525 4339 Simulque
1539 4263 1636 4322 consi-

443 4362 545 4422 derate
559 4360 633 4437 quid
648 4361 730 4422 dicat
800 4363 871 4421 Non
895 4371 941 4422 est
965 4359 1050 4422 istius
1075 4360 1218 4437 temporis
1295 4361 1381 4421 Nihil
1395 4357 1438 4419 sic
1454 4361 1523 4421 Deo
1538 4362 1637 4439 placet

443 4461 649 4537 quomodo
669 4462 706 4520 lu
729 4459 852 4538 singulis
876 4459 1029 4520 versiculis
1043 4458 1194 4521 immorari
1264 4461 1345 4522 Rem
1364 4457 1468 4519 videor
1481 4457 1635 4519 difficilem

443 4557 544 4618 dicere
625 4559 844 4636 Respondeant
870 4576 952 4616 nunc
1042 4559 1114 4618 Non
1138 4575 1201 4634 quo
1283 4558 1336 4616 sed
1358 4575 1420 4633 quo
1500 4556 1637 4617 Prudens

443 4655 538 4718 lector
596 4654 717 4718 auditor
781 4653 915 4716 Breviter
929 4654 1172 4734 perstringere
1188 4655 1326 4732 Longum
1338 4665 1384 4714 est
1396 4673 1477 4713 nunc
1486 4653 1586 4714 dicere
