4202 5492
608 415 862 478 nancradus
886 416 943 474 os
965 416 1134 476 assumo
1157 417 1333 475 Lxxxrn.
1595 397 1648 502 87

340 631 449 711 Quam
464 632 580 696 dilecta
592 632 798 697 tabernacula
813 641 871 696 tua
887 632 1028 696 Domine
1042 631 1212 696 virtutum.
1226 631 1296 696 Alii
1316 633 1506 698 desiderant
1521 654 1650 716 posses-

293 737 413 816 siones,
427 736 621 808 aliisaeculi
648 735 742 801 istius
767 737 909 814 divitias,
924 737 980 800 alii
1006 756 1121 820 parere
1138 737 1170 800 ln
1188 737 1282 800 istius
1298 737 1420 801 saeculi
1437 737 1593 817 ecclesiis,
1616 751 1649 806 et

293 841 433 924 gloriam
450 839 596 924 aliquam
614 840 735 906 habere
751 843 839 925 apud
864 841 1037 906 homines:
1061 841 1141 905 milri
1164 841 1227 905 hoc
1248 841 1356 905 solum
1373 842 1574 907 desiderium
1591 855 1651 921 est,

294 945 406 1010 videre
421 955 556 1011 aeterna
572 945 787 1011 tabernacula
811 957 878 1010 tua.
905 945 967 1010 Illa
994 946 1074 1010 mihi
1102 946 1224 1010 dilecta
1250 956 1327 1010 sunt
1345 945 1569 1024 tabernacula,
1594 947 1648 1011 ubi

262 1065 276 1118 s
293 1050 526 1133 congregratio
541 1051 702 1114 virtutum
717 1059 778 1127 est,
793 1069 860 1114 non
877 1050 1041 1115 vitiorum.
1061 1049 1258 1132 concupiscit
1271 1059 1302 1113 et
1322 1048 1429 1130 deficit
1441 1047 1557 1113 anima
1579 1070 1650 1112 mea

294 1152 328 1215 in
353 1152 445 1216 atria
467 1151 616 1217 Domini.
634 1153 711 1218 Hoc
738 1165 788 1216 est
816 1153 923 1218 solum
951 1153 1162 1231 desiderium,
1178 1153 1231 1216 hic
1255 1153 1344 1216 solus
1369 1174 1464 1217 amor
1489 1173 1594 1231 meus,
1612 1165 1649 1218 ut

294 1257 425 1321 videam
453 1255 537 1321 atria
553 1266 619 1322 tua.
636 1257 758 1322 Videte
774 1257 934 1322 ordinem.
953 1256 1099 1321 Primum
1117 1257 1284 1321 desiderat
1299 1259 1523 1337 tabernacula,
1540 1260 1648 1324 taber-

294 1361 413 1426 nacula
428 1381 514 1444 quae
530 1382 596 1426 non
623 1362 749 1426 habent
772 1360 1038 1438 fundamentum,
1053 1361 1267 1426 tabernacula
1282 1383 1369 1444 quae
1385 1364 1453 1428 cito
1469 1373 1648 1428 mutantur.

293 1463 561 1530 Tabernaculum
577 1465 665 1530 enim
677 1485 809 1547 semper
825 1473 1020 1543 mutatur,et
1035 1465 1099 1528 huc
1116 1465 1259 1548 illucque
1276 1465 1480 1534 transfertur.
1491 1466 1647 1533 Ceterum

248 1587 277 1624 ιο
292 1569 376 1632 atria
392 1589 459 1634 non
475 1579 554 1634 sunt
569 1569 705 1652 quidem
726 1570 856 1646 domus,
871 1569 929 1632 sed
958 1578 1070 1633 tamen
1098 1567 1224 1634 habent
1240 1569 1352 1654 aliqua
1369 1570 1599 1648 fundamenta,
1613 1583 1647 1634 et

291 1673 334 1737 de
348 1673 435 1738 atrio
450 1673 614 1738 intramus
630 1674 663 1736 in
679 1675 826 1738 domum.
841 1673 910 1737 lste
926 1693 1006 1756 ergo
1023 1673 1166 1755 primum
1183 1674 1398 1738 tabernacula
1413 1675 1591 1753 desiderat,
1613 1683 1648 1739 et

292 1786 408 1859 postea
424 1775 536 1842 deficit
563 1787 597 1842 et
623 1797 737 1842 amore
764 1776 905 1842 tabescit
932 1788 968 1842 ut
985 1778 1097 1842 videat
1120 1777 1205 1843 atria
1223 1789 1371 1843 :etcum
1389 1778 1535 1844 fueritin
1553 1779 1648 1855 atrio,

292 1892 371 1945 tunc
385 1882 466 1946 dicit
481 1905 489 1945 :
504 1881 618 1946 ‘Beati
634 1884 690 1964 qui
707 1880 861 1947 habitant
878 1882 910 1944 in
927 1882 1031 1945 domo
1046 1892 1104 1945 tua
1114 1881 1130 1947 '.

337 1985 402 2051 Cor
416 2005 521 2050 nreum
535 1995 566 2048 et
579 2005 653 2049 caro
668 2007 739 2050 mea
754 1985 913 2050 exultavit
929 1985 963 2048 in
979 1985 1088 2049 Deum
1103 1986 1226 2051 vivum.
1254 1984 1397 2050 Difficile
1414 1995 1474 2064 est,
1489 1997 1526 2052 ut
1545 1996 1578 2051 ct
1594 2007 1650 2064 cor
1669 2007 1672 2018 ·

249 2109 257 2146 ι
263 2107 276 2161 5
292 2097 325 2152 et
341 2109 419 2152 caro
437 2088 577 2152 alicuius
593 2089 626 2151 in
643 2108 822 2154 commune
838 2089 1059 2152 consentiant.
1077 2087 1113 2154 Si
1141 2091 1229 2153 enim
1256 2093 1439 2155 secundum
1457 2091 1648 2174 apostolum

293 2193 427 2276 spiritus
454 2203 583 2276 pugnat
609 2203 725 2258 contra
748 2212 882 2258 carnem
906 2201 939 2257 et
963 2212 1042 2257 caro
1066 2203 1184 2258 contra
1209 2194 1373 2276 spiritum,
1397 2195 1570 2278 quomodo
1594 2194 1649 2259 hic

292 2297 393 2362 dicit:
410 2297 477 2362 Cor
499 2315 609 2360 meum
628 2306 661 2360 et
678 2317 754 2360 caro
771 2316 845 2360 mea
860 2296 1052 2360 exultavit?
1072 2297 1147 2360 Hoc
1165 2318 1231 2362 non
1245 2307 1356 2381 potest
1372 2299 1491 2376 dicere,
1508 2299 1570 2362 nisi
1594 2297 1649 2363 ille

292 2402 348 2484 qui
364 2403 398 2465 in
413 2421 529 2466 amore
545 2401 609 2464 Dei
626 2410 698 2464 tota
714 2409 826 2464 mente
843 2400 931 2464 fixus
952 2409 1011 2464 est.
1035 2397 1100 2464 Cor
1124 2422 1231 2466 meum
1254 2412 1374 2466 cicaro
1389 2423 1468 2466 inea.
1488 2402 1574 2466 lllud
1598 2415 1648 2466 est

291 2506 380 2588 quod
397 2505 480 2571 dicit
495 2513 529 2570 et
543 2505 577 2568 in
599 2504 665 2568 alio
681 2502 775 2569 loco:
799 2503 930 2568 ‘Sitivit
947 2505 983 2568 in
1007 2513 1040 2569 te
1065 2506 1177 2568 anima
1194 2526 1277 2582 mea,
1294 2526 1394 2588 quam
1423 2505 1649 2589 multipliciter

177 2589 187 2602 ⁶
246 2633 277 2670 20
293 2611 352 2675 tibi
368 2631 447 2675 caro
463 2629 539 2674 mea
550 2609 566 2674 '.
582 2609 629 2673 Et
643 2629 717 2672 caro
733 2629 813 2674 mea.
835 2609 906 2672 Ista
927 2619 978 2673 est
1000 2629 1078 2673 caro
1094 2629 1181 2692 quae
1201 2609 1368 2674 desiderat
1386 2611 1581 2688 Dominum,
1605 2611 1649 2674 de

291 2735 358 2802 qua
374 2713 406 2778 in
424 2713 492 2778 alio
503 2713 578 2778 loco
592 2713 731 2777 dicitur:
746 2713 812 2776 ‘Et
829 2712 956 2777 videbit
971 2713 1081 2778 omnis
1096 2733 1174 2776 caro
1189 2713 1334 2778 salutare
1352 2714 1415 2776 Dei
1430 2713 1445 2778 '.
1459 2714 1519 2776 Illa
1535 2725 1647 2778 autem
1724 2762 1730 2776 .

292 2838 378 2896 caro,
393 2819 435 2882 de
451 2839 518 2902 qua
533 2817 655 2882 dicitur
669 2816 809 2882 ‘Omnis
825 2837 902 2881 caro
919 2817 1051 2880 faenum
1066 2817 1081 2893 ',
1098 2839 1164 2881 non
1182 2818 1350 2882 desiderat
1367 2817 1560 2880 Dominum.
1587 2815 1651 2880 Cor

293 2943 399 2986 meum
413 2932 446 2986 ct
458 2943 534 2986 caro
549 2943 628 2986 mea.
644 2921 733 2984 Vide
750 2920 829 2984 mihi
857 2921 1001 3004 aliquem
1032 2921 1266 2998 abstinentem,
1284 2921 1342 3004 qui
1370 2930 1510 2984 mortem
1539 2921 1647 2984 carnis

292 3047 372 3092 suae
387 3027 514 3092 lucrum
532 3036 628 3110 putat
644 3026 777 3090 animae
789 3045 876 3090 suae.
886 3025 962 3089 Hoc
973 3035 1086 3090 autem
1104 3026 1212 3090 carnis
1223 3035 1300 3090 suut
1316 3025 1438 3088 ieiunia
1453 3033 1487 3088 et
1499 3025 1646 3088 iniuriae.

246 3156 275 3208 ²5
293 3129 449 3214 Denique
474 3141 508 3194 et
534 3119 706 3213 apostolus
722 3130 802 3213 quid
819 3129 926 3194 dicit?
941 3129 1070 3214 ‘Quem
1095 3131 1218 3195 tradidi
1245 3141 1384 3196 satanae
1414 3131 1447 3194 in
1476 3130 1646 3195 interitum

292 3234 409 3312 carnis,
425 3243 462 3298 ut
486 3232 621 3316 spiritus
644 3234 755 3298 salvus
782 3232 866 3298 fiat'.
884 3232 957 3296 Nisi
974 3255 1051 3300 caro
1068 3245 1200 3298 mortua
1216 3233 1322 3311 luerit,
1338 3233 1473 3316 spiritus
1490 3231 1647 3298 vivificari

292 3358 358 3403 non
376 3348 496 3421 potest.
513 3338 693 3421 Propterea
709 3336 789 3401 dicit
805 3345 838 3400 ct
854 3335 1048 3420 apostolus:
1064 3341 1071 3369 ‘
1085 3337 1231 3421 Quando
1251 3336 1408 3424 ¹infirmor,
1433 3348 1513 3400 tunc
1534 3335 1651 3400 sortior

292 3463 366 3508 sum
379 3442 395 3507 '.
412 3442 608 3507 Consideret
630 3461 665 3505 se
690 3442 926 3524 unusquisque,
942 3442 1078 3523 quando
1093 3443 1217 3505 ieiunio
1239 3442 1345 3506 lassus
1361 3450 1412 3504 est
1436 3451 1470 3504 et
1491 3439 1650 3517 delectus,

292 3547 464 3632 quomodo
479 3546 592 3611 anima
608 3546 728 3628 vigeat,
744 3545 916 3628 quomodo
926 3545 1006 3609 nihil
1019 3546 1109 3610 aliod
1125 3566 1217 3609 mens
1228 3546 1290 3609 nisi
1307 3546 1349 3609 de
1361 3544 1436 3608 Deo
1452 3543 1649 3622 consideret,

244 3679 277 3732 ³⁰
292 3650 464 3734 quomodo
479 3668 612 3732 semper
627 3648 737 3712 dicat:
755 3647 865 3730 Quam
881 3647 1004 3713 dilecta
1021 3648 1235 3714 tabernacula
1252 3657 1309 3712 tua
1321 3647 1468 3712 Domine
1480 3648 1649 3713 virtutum.

324 3853 513 3916 odcnlierium]
525 3853 568 3904 SG
580 3853 639 3903 add.
654 3868 744 3902 nuum.
846 3851 896 3912 hic]
908 3851 951 3900 iric
962 3852 992 3902 C.
1093 3864 1118 3902 ιι
1132 3852 1162 3901 de
1173 3853 1248 3914 atrio]
1262 3851 1277 3920 β
1288 3871 1295 3913 ;
1306 3853 1335 3904 de
1346 3854 1415 3903 otn'a
1427 3853 1453 3903 11
1465 3869 1472 3913 3
1486 3853 1515 3903 de
1526 3854 1603 3903 atriis
1615 3853 1646 3904 C.

295 3947 324 3998 14
334 3935 472 3998 enudavit]
484 3935 527 3986 SG
539 3953 546 3992 ς
556 3936 737 3984 exultaverunt
747 3933 844 4002 Acuti.
916 3944 943 3995 17
954 3933 1090 3995 exultavit]
1100 3932 1209 4002 ASGPp
1219 3953 1226 3993 ;
1238 3936 1419 3984 exultaverunt
1430 3936 1459 3986 C.
1531 3935 1649 4000 18fi1ur]

291 4018 388 4084 desim
399 4019 425 4069 S.
495 4030 595 4066 aocaro
607 4018 670 4078 ntea]
687 4025 743 4082 post
754 4017 803 4066 tibi
813 4033 863 4066 orn.
878 4015 931 4066 SG.
998 4021 1089 4064 cicaro
1101 4011 1164 4073 mea]
1177 4016 1219 4067 SG
1231 4033 1302 4076 ;om.
1318 4015 1355 4084 βΡ
1367 4036 1374 4077 ;
1390 4017 1501 4082 Crepet.
1516 4032 1649 4066 cormeum

291 4107 454 4150 etcmmea.
548 4097 656 4160 24Hor]
666 4099 725 4147 hoec
737 4097 761 4166 β
849 4108 880 4159 27
884 4097 991 4162 sentior]
994 4098 1076 4162 sorte}
1087 4097 1141 4147 AC.
1232 4112 1264 4162 29
1275 4098 1459 4160 irrerrsJGadd.
1473 4101 1536 4148 eius.
1621 4099 1650 4147 de

293 4183 357 4245 Deo]
369 4181 408 4250 βΡ
418 4199 473 4248 sup.
487 4182 531 4232 lin.
546 4181 564 4233 S
576 4201 583 4240 ς
595 4182 679 4230 Deum
691 4182 747 4242 CG‚
762 4182 781 4230 P
796 4194 805 4230 1
821 4197 844 4230 m
855 4199 863 4242 ;
873 4181 1004 4230 diutinum
1016 4181 1048 4232 Α.

338 4369 383 4423 ¹4·
399 4346 586 4429 Dr'fficr'lecst]
598 4348 882 4426 Commentariolp.
897 4351 944 4422 64,
1039 4369 1084 4410 21.
1101 4347 1179 4431 Dei]
1195 4353 1268 4410 Luc.
1285 4371 1312 4429 3,
1329 4354 1355 4411 6.

294 4432 312 4490 1.
332 4451 363 4490 11
384 4437 391 4462 ⁴
408 4431 536 4492 Difficile
551 4445 604 4504 est,
620 4441 652 4490 ut
666 4449 736 4491 caro
759 4433 857 4490 Deum
875 4433 946 4508 pari·
1076 4429 1216 4512 jacnum]
1232 4435 1271 4492 Is.
1287 4453 1335 4507 40,
1351 4435 1378 4492 6.

294 4525 338 4572 ter
351 4532 420 4572 curn
435 4513 527 4573 corde
541 4512 689 4573 desideret
701 4515 716 4572 '.
1040 4515 1157 4590 adflat
1188 4515 1288 4576 1Cor.
1306 4531 1332 4590 5,
1350 4533 1376 4590 5.

339 4597 383 4654 16.
398 4589 658 4674 contraspr'rilum]
674 4595 739 4656 Gal.
757 4611 784 4672 5,
804 4613 848 4670 ¹7·
1040 4599 1085 4654 28.
1101 4615 1164 4654 sum
1195 4616 1210 4654 a
1228 4596 1295 4656 Cor.
1316 4614 1361 4669 12,
1380 4614 1424 4653 ro.

339 4695 384 4736 ao.
401 4671 475 4756 mea]
491 4677 538 4736 Ps.
556 4677 604 4749 62,
621 4696 647 4736 a.
