4112 5496
433 354 465 461 ii
963 392 1252 460 rnnarnrro.

433 621 527 726 sito
553 621 759 725 viveret:
780 619 866 757 qui
883 620 1408 760 Hierosolymitanum
1427 622 1590 728 solum
1603 663 1787 759 rusque

438 761 807 867 Bethlemicum
871 761 1098 900 praesepi
1167 764 1446 869 Dominico
1512 765 1787 870 delectatus

433 904 699 1009 incoleret:
744 904 829 1040 qui
861 946 933 1026 ea,
961 946 1091 1041 quae
1135 947 1197 1010 ex
1239 905 1473 1012 hebraica
1508 906 1788 1012 eruditione

434 1066 697 1183 promeret,
731 1044 1054 1183 Hieronymo
1085 1046 1324 1182 proferret
1353 1047 1543 1184 ubique
1567 1047 1782 1186 gemina.

436 1187 531 1294 Sin
582 1209 749 1292 autem
799 1228 950 1325 saepe
989 1187 1268 1326 allegorica,
1314 1211 1362 1295 et
1411 1187 1507 1294 alia
1545 1230 1674 1325 quae
1722 1187 1787 1293 ab

440 1327 746 1465 Hieronymi
797 1328 1161 1434 consuetudine
1211 1371 1268 1433 ac
1318 1370 1470 1435 sensu
1519 1329 1788 1462 abhorrere

432 1470 750 1575 viderentur:
780 1469 901 1575 nihil
926 1468 1104 1574 mirum
1126 1511 1243 1574 cum
1272 1471 1320 1575 in
1350 1470 1458 1608 ipsa
1484 1470 1788 1609 praefatione

433 1633 651 1734 testetur,
697 1653 727 1716 a
767 1653 820 1717 se
864 1611 1071 1748 quidem
1099 1611 1225 1717 tradi
1269 1612 1430 1750 magis
1474 1611 1790 1750 Origeniana

434 1794 586 1890 quam
623 1793 713 1858 sua
736 1795 744 1857 :
771 1754 909 1889 quod
952 1775 999 1857 et
1043 1753 1209 1889 ipsum
1252 1753 1605 1892 Hieronymus
1638 1795 1789 1890 saepe

434 1894 615 2015 fecerit,
645 1935 707 1999 ne
733 1893 939 2030 quidem
960 1893 1221 1999 admonito
1240 1894 1437 2016 lectore.
1466 1894 1611 2034 Quin
1640 1895 1787 2000 etiam

436 2036 485 2141 in
525 2034 775 2172 psalmum
804 2076 924 2193 xcnr
953 2035 1195 2172 longam
1184 2058 1257 2140 rnt
1260 2059 1454 2172 erpreta
1425 2060 1645 2142 ationem
1673 2037 1789 2142 rese-

436 2218 615 2298 remus,
668 2218 842 2334 quarn
867 2176 974 2312 ipse
1017 2176 1344 2315 Augustinus
1384 2221 1447 2283 ex
1486 2177 1789 2314 Hieronymi

436 2359 670 2423 commen
676 2341 811 2423 tarns
832 2317 881 2422 in
915 2317 1146 2423 Psalmos
1166 2341 1338 2455 sumpt
1340 2360 1422 2423 am
1441 2360 1551 2425 esse
1568 2341 1788 2440 testetur,

438 2483 540 2566 tarn
576 2457 779 2595 reliquis
820 2458 1050 2580 similem,
1091 2483 1144 2563 ut
1127 2459 1302 2564 tnihil
1339 2501 1502 2596 supra
1539 2460 1713 2566 Refert
1695 2481 1791 2564 tet

439 2599 716 2738 Gregorius
767 2641 828 2705 ex
880 2642 940 2705 eo
986 2642 1219 2706 commen
1224 2599 1347 2707 tario
1397 2602 1646 2738 quaedam
1696 2600 1792 2706 sub

445 2741 751 2878 Hieronymi
780 2742 996 2847 nomine.
1025 2741 1204 2881 Quin
1193 2782 1301 2878 ipse
1331 2741 1682 2880 Hieronymus
1709 2781 1792 2846 eas

439 2883 872 3020 interpretationes
898 2925 1000 2989 ase
1027 2924 1077 2987 rn
1104 2882 1335 2988 Psalmos
1352 2882 1511 2989 editas
1533 2905 1790 3004 memorat,

439 3067 568 3162 quae
595 3065 645 3128 rn
674 3023 770 3129 hoc
792 3025 919 3129 libro
945 3023 1194 3161 reperiant
1197 3065 1266 3129 ur.
1303 3024 1408 3129 His
1425 3024 1541 3129 victi
1530 3024 1791 3182 fatentur,

441 3167 535 3270 hos
578 3166 966 3323 commentarios
1005 3208 1066 3271 ex
1089 3165 1426 3302 Hieronymo
1472 3165 1792 3303 potissimum

441 3349 552 3412 esse
577 3307 892 3412 consarcinat
895 3349 980 3428 os;
1009 3291 1147 3444 quod
1175 3307 1322 3411 nobis
1349 3307 1582 3412 Sufficit'

519 3449 669 3553 Haec
697 3448 807 3553 ille:
835 3490 986 3586 quem
1018 3489 1079 3552 ne
1105 3447 1229 3552 sorte
1255 3447 1548 3553 inflammat
1516 3471 1651 3553 rtone
1677 3488 1794 3584 qua·

441 3590 559 3695 dam
586 3589 756 3712 animi,
796 3591 934 3727 quod
970 3589 1175 3727 quidem
1218 3588 1354 3694 haud
1381 3630 1490 3694 raro
1529 3589 1587 3695 iis
1614 3588 1795 3695 accidit

441 3773 526 3868 qur
517 3731 767 3869 't'elegan
758 3772 858 3838 rore
893 3731 1093 3836 dicendi
1122 3729 1275 3834 modo
1301 3730 1625 3852 delectantur,
1653 3732 1795 3837 dece-

443 3898 585 4028 ptum
614 3915 723 3978 esse
744 3872 1012 3995 existimes
1032 3870 1210 3978 entibi
1232 3871 1385 3976 aliurn
1407 3876 1586 3978 etstem
1610 3872 1795 4010 produ-

444 4055 518 4136 co,
547 4055 596 4117 rn
624 4055 776 4150 quem
805 4013 941 4118 nulla
970 4015 1115 4120 cadat
1147 4012 1497 4118 huiuscemodi
1538 4053 1796 4150 susprcro:

449 4155 784 4261 Dominicum
832 4143 1140 4260 Vallarsium
1181 4153 1310 4274 dico
1352 4154 1796 4309 diligentissimum

451 4296 880 4434 Hieronymiani
870 4297 1057 4435 ingenit
1047 4295 1296 4434 indagat
1299 4337 1452 4420 orem,
1480 4321 1620 4433 qurt
1601 4293 1798 4401 tametsi

451 4439 806 4544 Breviarium‘
840 4479 1102 4576 perperam
1141 4460 1284 4542 sanct
1287 4479 1317 4541 o
1266 4438 1491 4544 tPat
1436 4461 1494 4543 trr
1526 4437 1798 4573 ascriptum

448 4583 591 4686 esse'
631 4604 1048 4718 aperepronun
1052 4602 1130 4702 re
1100 4578 1340 4685 tilludt
1322 4603 1577 4685 tamena
1529 4579 1596 4684 sat
1578 4591 1744 4686 t‘etur
1772 4620 1799 4683 e

449 4747 681 4860 supposrt
685 4763 845 4827 rorum
874 4763 1084 4828 numero
1124 4722 1427 4827 setuumt
1350 4743 1427 4827 cet
1430 4721 1524 4827 eris
1550 4743 1800 4858 praestan·
