4158 5492
514 409 571 492 68
854 471 858 479 ·
975 434 1129 498 snucrr
1159 433 1414 496 nrnxomrm
1715 429 1875 516 [mmm

525 671 681 730 sensus
703 674 776 758 per
794 647 925 732 verba
944 649 1211 762 distinguat:
1244 650 1359 735 unde
1378 677 1453 733 eos
1473 649 1622 734 beatos
1651 648 1766 752 dicit,
1798 649 1872 760 qui

519 785 730 870 occultam
752 787 805 870 de
827 789 868 870 X
873 788 988 899 pisto
1008 787 1288 899 prophetiam,
1311 799 1353 871 et
1373 788 1466 872 eius
1488 797 1752 870 sacramenta
1765 813 1875 898 quae

520 923 701 1024 latitant,
727 926 867 1037 sagaci
906 938 1047 1011 mente
1078 927 1367 1037 cognoverint.
1394 927 1460 1007 Tu
1479 926 1647 1008 locutus
1664 952 1709 1007 es
1728 924 1774 1006 in
1809 925 1874 1008 vi-

519 1059 637 1144 sione
641 1062 764 1172 filiis
784 1065 885 1150 tuis.
909 1064 1073 1147 Omnes
1095 1063 1245 1173 reliqui
1270 1063 1533 1173 interpretati
1555 1074 1658 1148 sunt
1682 1072 1690 1103 ‘
1712 1063 1873 1145 sanctis

517 1200 606 1284 tuis
627 1201 645 1286 ’.
673 1202 873 1314 Denique
894 1215 1014 1288 sexta
1033 1203 1166 1286 editio
1184 1212 1192 1243 ‘
1210 1203 1440 1314 prophetas
1457 1204 1465 1231 '
1483 1227 1559 1312 pro
1584 1200 1686 1283 filiis
1702 1199 1874 1310 posuit:
1908 1229 1922 1282 s

516 1339 706 1423 ostendit
742 1353 885 1423 autem
911 1340 1027 1423 illam
1050 1340 1331 1451 prophetiam,
1354 1369 1464 1453 quae
1484 1339 1537 1422 ad
1560 1365 1658 1422 eum
1681 1337 1790 1420 lacta
1809 1349 1875 1421 est

517 1505 591 1589 per
610 1478 784 1562 Nathan
807 1477 1072 1588 prophetam.
1096 1479 1321 1561 Exultavi
1338 1480 1516 1563 electum
1531 1478 1584 1560 de
1585 1476 1747 1587 populo
1759 1503 1850 1560 meo
1861 1508 1876 1558 .·

518 1615 665 1698 z'nveni
682 1617 841 1699 David
853 1642 1024 1699 servum
1041 1642 1191 1699 meum.
1211 1616 1306 1700 Sub
1329 1615 1472 1698 David
1495 1615 1669 1699 nomine
1689 1614 1743 1698 de
1766 1614 1874 1726 Xpi-

515 1765 584 1837 sto
606 1753 878 1866 intellegitur.
913 1755 982 1836 Et
1001 1781 1075 1864 ego
1095 1755 1441 1864 primogenitum
1466 1753 1600 1864 posui
1631 1780 1738 1836 euin.
1776 1753 1874 1836 Hoc

516 1892 789 1976 manifestius
810 1893 862 1976 de
885 1891 1053 2003 Xpisto.
1081 1892 1147 1973 Et
1165 1893 1283 1974 sedes
1302 1894 1395 1974 eius
1413 1892 1529 1975 sicut
1546 1891 1613 1973 sol
1627 1917 1772 1974 coram
1793 1917 1869 1974 me.
1894 1923 1922 1960 10

516 2030 822 2137 Quaerendum
858 2030 1079 2143 quomodo
1113 2056 1212 2113 cum
1245 2031 1336 2114 sole
1370 2043 1412 2113 et
1452 2029 1554 2112 luna
1589 2039 1741 2112 tronus
1781 2029 1873 2112 sive

517 2168 661 2251 David
677 2169 768 2252 sive
788 2169 931 2281 Xpisti
951 2182 1213 2280 permaneat:
1235 2196 1363 2280 super
1375 2179 1528 2253 neutro
1543 2167 1702 2278 quippe
1722 2193 1871 2252 eorum

517 2307 653 2390 facilis
675 2307 917 2393 intellectus
949 2319 1024 2391 est.
1056 2309 1124 2390 Tu
1143 2335 1242 2391 vero
1270 2307 1511 2418 reppulisti,
1534 2311 1578 2389 et
1606 2306 1874 2415 despexisti:

516 2444 736 2529 distulisti
762 2448 974 2557 Xpistnm
1007 2453 1142 2529 tuum.
1171 2445 1375 2556 Reppulit
1407 2458 1449 2528 et
1476 2444 1671 2555 despexit
1709 2444 1871 2530 Filium

516 2583 652 2683 Pater,
695 2584 871 2695 quando
913 2612 1012 2668 enm
1055 2585 1097 2667 in
1133 2584 1332 2694 passione
1373 2583 1562 2667 deseruit
1606 2583 1918 2695 loquentem:¹s

519 2722 685 2824 ‘Deus
730 2724 851 2806 Deus
887 2751 1020 2824 meuS,
1059 2749 1190 2834 quare
1221 2750 1288 2805 me
1326 2721 1652 2832 dereliquisti?'
1689 2722 1872 2808 Distulit

517 2873 660 2943 autem
697 2888 807 2961 eum,
841 2874 889 2943 ut
922 2887 1050 2971 quern
1087 2862 1222 2944 sancti
1258 2860 1331 2943 illo
1366 2872 1557 2970 tempore
1591 2873 1871 2971 regnaturum

515 2999 736 3107 putabant,
759 3010 981 3109 expectent
1013 3025 1112 3080 eum
1145 2998 1186 3079 in
1209 2998 1279 3080 die
1301 2997 1445 3080 iudicii
1469 2998 1512 3080 in
1534 3024 1614 3080 sua
1649 2997 1872 3083 maiestate

513 3150 755 3220 venturum.
780 3136 903 3234 Fiat,
912 3136 1022 3243 fiat.
1049 3137 1159 3219 Ecce
1179 3148 1220 3219 et
1242 3135 1310 3218 hic
1331 3163 1405 3246 per
1436 3134 1614 3219 verbum
1648 3145 1656 3176 ⁴
1690 3136 1832 3219 Amen
1863 3139 1870 3166 ’

513 3274 665 3357 tertius
686 3274 956 3357 concluditur
977 3273 1092 3356 liber.
1887 3301 1917 3339 20

548 3519 656 3555 rscrrsus
661 3514 689 3570 p.
700 3523 723 3555 v.
737 3505 889 3570 distinguat]
903 3505 992 3564 Enim
1026 3519 1125 3553 sensum
1134 3511 1159 3570 p.
1172 3520 1195 3554 v.
1204 3505 1327 3569 distingat
1334 3503 1363 3554 C.
1442 3503 1699 3565 zoccurranrJCnn13
1732 3507 1826 3553 occulta
1838 3507 1867 3555 E.

512 3602 526 3652 3
550 3589 598 3649 Tu]
618 3605 705 3638 omnes
724 3588 815 3648 codd.;
835 3587 903 3652 quod
923 3585 949 3636 in
963 3589 970 3611 ‘
983 3597 1043 3636 tunc
1055 3585 1061 3607 '
1074 3586 1219 3636 mutandum
1241 3603 1294 3636 esse
1311 3586 1385 3636 facile
1395 3587 1514 3637 conicias.
1616 3587 1868 3648 7Nathar11CAM;

512 3670 625 3719 Narium
640 3671 669 3720 E.
770 3669 1035 3730 Srrreurrr]AM;om.
1051 3669 1104 3720 Ec.
1209 3684 1238 3720 to
1254 3672 1282 3719 rte
1300 3670 1501 3734 XpislrlCndd.
1515 3671 1619 3719 dr'rr'trcr.
1723 3683 1749 3718 rr
1769 3671 1867 3732 tronus]

512 3753 607 3810 ΕΑΜ;
640 3753 704 3801 sedes
722 3753 751 3801 C.
855 3763 883 3815 15
901 3751 968 3812 cerni]
986 3759 1042 3816 post
1060 3751 1198 3816 'quando’
1214 3753 1271 3802 add.
1287 3754 1348 3812 ΑΜ,
1363 3763 1439 3818 alque
1458 3753 1534 3802 etiam
1557 3753 1587 3812 E,
1601 3751 1621 3802 si
1641 3753 1704 3803 bene
1724 3751 1867 3817 perspici03

510 3852 559 3884 om.
575 3836 605 3884 C.
708 3834 737 3884 18
748 3835 816 3895 cnm]
828 3843 884 3898 post
898 3835 1051 3898 ‘expectent
1065 3831 1140 3882 ’add
1156 3835 1232 3884 CAM
1244 3853 1250 3892 ;
1263 3851 1312 3884 orn.
1328 3836 1358 3883 E.

550 4017 576 4076 5.
594 4000 751 4076 prophetas
766 4007 796 4074 p.
804 3997 834 4073 fl
843 3995 954 4078 posuit]
970 4000 998 4058 S.
1018 3998 1162 4075 Hierony·
1213 4007 1268 4064 τοῖς
1280 4001 1361 4064 ὁσίοις
1373 4023 1430 4068 σου,
1444 3999 1461 4061 ἰ.
1478 4021 1502 4061 e
1519 4002 1626 4062 sanctis
1639 4002 1697 4061 tuis
1713 4003 1866 4062 transtule-

510 4101 575 4141 mus
586 4080 624 4140 ad
635 4080 777 4141 Sunniam
791 4083 818 4140 dr
830 4081 976 4139 Fretelam
989 4098 1035 4156 ep.
1053 4082 1118 4152 106,
1131 4099 1159 4140 n.
1213 4090 1289 4152 runt,
1305 4093 1335 4139 et
1350 4079 1412 4139 sola
1427 4094 1509 4142 sexta
1530 4081 1623 4144 editio
1637 4085 1788 4162 prophetis
1808 4085 1866 4142 tuis

510 4181 545 4238 57
561 4186 567 4221 :
584 4167 591 4193 ⁸
610 4165 692 4220 Tum
703 4165 812 4222 locutus
832 4181 860 4222 es
880 4163 913 4221 in
935 4162 1041 4220 adrine
1054 4163 1161 4220 sanctis
1212 4159 1401 4238 interpretata
1426 4176 1479 4234 est,
1506 4183 1626 4224 sensum
1652 4163 1746 4243 magis
1774 4183 1864 4242 quam

506 4246 571 4303 tuis.
591 4247 647 4304 Pro
661 4263 724 4320 quo
739 4243 767 4302 in
783 4263 890 4320 graeco
906 4243 985 4319 filiis
998 4244 1057 4302 tuis
1081 4242 1158 4303 inre·
1210 4243 1332 4302 verbum
1348 4244 1515 4319 exprimens
1528 4267 1536 4322 ;
1550 4256 1580 4306 et
1600 4244 1629 4304 in
1652 4255 1730 4324 Κοινῇ
1749 4256 1862 4306 tantum

506 4325 585 4385 nisse
600 4345 651 4384 vos
667 4325 772 4386 dicitis.
789 4327 848 4385 Sed
864 4326 1019 4385 sciendum
1035 4325 1117 4402 quod
1128 4324 1157 4384 in
1209 4345 1263 4402 pro
1277 4325 1386 4384 sanctis
1393 4325 1475 4401 filim
1491 4325 1603 4402 repperi
1618 4328 1633 4386 '.

505 4407 634 4466 hebraeo
650 4425 825 4468 snasroncrr
839 4407 936 4480 habet,
953 4407 1036 4484 quod
1051 4425 1157 4466 omnes
1255 4409 1296 4465 16.
1310 4405 1515 4489 dereliquistit]
1531 4407 1635 4469 Matth.
1652 4425 1697 4484 27,
1711 4412 1749 4484 46
1764 4419 1821 4470 etc.
