4202 5492
617 427 872 488 TRACTATUS
896 430 952 488 DE
978 431 1144 492 PSALMO
1167 432 1336 490 LXXXVI.
1572 432 1648 512 103

295 639 396 732 μήτηρ
414 640 493 706 Σιὼν
511 642 577 733 ἐρεῖ
589 639 751 735 ἅνθρωπος.
770 649 815 712 Et
831 647 893 712 ltoc
920 661 1096 732 propterea
1112 650 1237 727 dieunt,
1251 649 1411 732 quoniam
1427 651 1584 733 sequitur,
1602 649 1647 713 Et

294 751 396 814 horno
412 761 510 814 natus
532 761 582 816 est
605 753 638 816 in
659 774 720 818 ea:
747 761 883 836 sperant
910 754 1011 818 etiam
1039 754 1084 818 ita
1103 752 1225 817 debere
1241 752 1316 830 dici,
1333 754 1443 818 Mater
1460 753 1541 818 Sion
1558 752 1647 816 dicet

295 853 404 920 bomo.
422 854 591 938 Quoniam
612 855 698 919 filius
715 866 812 921 natus
828 857 957 934 dicitur,
973 865 1149 938 propterea
1166 868 1277 921 errant
1294 857 1326 920 in
1344 857 1459 921 matris
1475 855 1647 920 vocabulo.

296 958 456 1023 Dicamus
473 979 553 1044 ergo
569 961 713 1042 primum
733 962 916 1024 secundum
944 961 1032 1042 quod
1050 959 1152 1042 vulgo
1167 961 1287 1024 dicitur
1302 960 1426 1043 (neque
1442 960 1530 1023 enim
1547 959 1647 1023 debe-

264 1083 277 1138 ς
296 1084 369 1126 mus
393 1073 427 1127 et
452 1063 542 1127 illam
570 1063 878 1145 interpretationem
905 1063 1088 1146 dimittere)
1104 1063 1255 1128 dicamus
1275 1083 1356 1145 ergo
1377 1074 1410 1126 et
1431 1082 1512 1126 nos:
1538 1063 1649 1124 Mater

297 1166 378 1232 Sion
394 1169 482 1233 dicet
498 1167 609 1245 homo,
625 1178 658 1231 et
674 1167 777 1232 horno
799 1179 897 1232 natus
923 1178 973 1232 est
1001 1169 1033 1230 in
1058 1188 1106 1232 ea.
1124 1165 1184 1231 Isti
1201 1177 1277 1232 sunt
1299 1168 1355 1250 qui
1373 1168 1442 1232 nati
1458 1167 1590 1230 lucrant
1614 1166 1646 1230 in

297 1269 443 1350 ecclesia,
469 1272 685 1358 alienigenae,
701 1272 820 1354 Tyrus,
836 1282 870 1336 et
894 1273 1037 1355 populus
1066 1271 1298 1354 Aethiopum:
1322 1270 1376 1335 isti
1404 1280 1482 1335 sunt
1508 1272 1563 1354 qui
1590 1289 1647 1334 na·

296 1387 431 1441 scuntur
444 1377 476 1440 in
493 1376 639 1441 ecclesia.
657 1375 808 1442 Credunt
823 1379 856 1440 in
869 1377 1016 1454 ecclesia,
1028 1388 1061 1441 et
1072 1387 1254 1441 nascuntur
1266 1375 1298 1438 in
1311 1375 1458 1440 ecclesia.
1472 1375 1544 1438 Nisi
1557 1375 1647 1438 enirn

263 1467 266 1474 ’
296 1481 455 1564 baptizati
474 1480 605 1556 suerint,
622 1479 678 1544 filii
708 1480 867 1545 ecclesiae
886 1491 1074 1546 nonerunt.
1094 1481 1152 1545 Isti
1169 1502 1248 1546 vero
1264 1481 1321 1564 qui
1341 1479 1502 1562 baptizati
1519 1489 1596 1544 sunt
1613 1479 1646 1544 in

249 1607 278 1646 ro
295 1585 442 1662 ecclesia,
459 1595 598 1650 matrem
616 1585 788 1668 appellant
803 1585 986 1649 ecclesiam.

339 1689 500 1753 Dicamus
515 1698 550 1753 et
565 1688 748 1752 secuudum
767 1687 954 1752 hebraicam
971 1690 1154 1753 veritatem.
1171 1689 1351 1771 Numquid
1358 1687 1441 1753 Sion
1455 1687 1648 1766 dicetbomo,

293 1802 324 1855 et
336 1791 429 1856 bonta
445 1804 603 1857 natusest
619 1793 653 1855 in
668 1813 705 1856 ea
719 1793 739 1854 Ρ
755 1790 855 1874 Quod
871 1792 962 1868 dicit,
977 1791 1040 1856 hoc
1056 1801 1114 1856 est.
1133 1790 1218 1874 Quis
1235 1793 1358 1876 poterit
1386 1791 1538 1856 nuntiare
1556 1792 1648 1870 Sion,

294 1895 367 1977 quis
382 1894 413 1959 ei
429 1895 550 1978 poterit
578 1895 730 1958 nuntiare
747 1895 930 1974 bominum,
945 1895 1105 1977 quoniam
1122 1895 1226 1960 homo
1244 1906 1397 1960 nascetur
1413 1897 1445 1959 in
1462 1916 1510 1974 ea,
1526 1905 1560 1960 et
1576 1896 1647 1978 ipse

294 1998 398 2062 salvet
414 2005 515 2063 eam?
533 1999 609 2063 Hoc
625 2009 684 2076 est,
700 2000 810 2062 nullus
826 1997 999 2062 hominum
1018 2008 1130 2081 potest
1145 2001 1174 2063 ei
1188 2001 1340 2064 nuntiare
1353 2002 1430 2084 quia
1447 1999 1529 2065 Sion
1541 2001 1645 2064 salve-

246 2127 274 2182 ις
293 2114 347 2168 tur
362 2105 394 2166 in
411 2102 546 2167 homine
561 2103 618 2186 qui
640 2104 672 2166 in
699 2124 738 2166 ea
755 2115 916 2168 nascetur.
939 2103 988 2167 Et
1001 2103 1094 2167 bomo
1110 2114 1207 2168 natus
1221 2114 1270 2167 est
1284 2104 1319 2166 in
1335 2125 1381 2168 en.
1410 2103 1493 2187 Quis
1516 2114 1567 2168 est
1583 2103 1646 2168 iste

293 2209 419 2272 homo?
437 2205 505 2286 Qui
519 2207 757 2289 absesundavit
769 2229 842 2272 eam
853 2208 1302 2291 Altissimus.Respondeant
1315 2209 1448 2272 Arriani
1464 2230 1470 2271 :
1487 2207 1645 2289 quoniam

292 2314 408 2376 dicunt
426 2311 636 2377 Altissimum
661 2314 768 2377 solum
787 2313 918 2376 Patrem
936 2335 1016 2377 esse.
1035 2313 1123 2376 Ecce
1138 2313 1191 2376 hic
1202 2313 1244 2376 de
1263 2310 1347 2375 Filio
1362 2312 1491 2389 dicitur,
1512 2312 1559 2376 Et
1582 2313 1647 2394 ipse

283 2414 450 2500 fundavit
463 2437 535 2480 eam
550 2415 755 2479 Altissimus.
773 2417 850 2479 Non
867 2417 964 2494 dixit,
981 2417 1084 2481 Filius
1099 2418 1162 2480 Dei
1174 2417 1311 2500 quierat
1327 2417 1359 2480 in
1378 2416 1540 2499 principio
1556 2419 1645 2499 apud

294 2521 435 2584 Patrem.
452 2519 519 2585 Sed
550 2522 630 2602 quid
658 2520 772 2583 dixit?
801 2521 916 2584 Homo
937 2531 1035 2584 natus
1060 2534 1111 2584 est
1138 2521 1171 2584 in
1197 2541 1245 2598 ea,
1261 2530 1294 2583 et
1312 2521 1382 2601 ipse
1402 2519 1555 2584 fundavit
1571 2541 1645 2586 eam

241 2651 275 2688 ao
293 2622 497 2688 Altissimus.
513 2621 548 2687 Si
565 2633 677 2686 autem
696 2623 889 2687 Altissimus
905 2624 1034 2702 dicitur,
1047 2634 1174 2707 quanto
1191 2625 1297 2705 magis
1313 2623 1462 2688 Verbum
1482 2625 1573 2688 Dei?

336 2726 500 2790 Dominus
518 2726 671 2790 narrabit
685 2725 719 2788 in
734 2727 896 2810 scriptura
903 2729 1097 2810 populorum
1113 2738 1145 2791 et
1150 2727 1337 2810 principum
1365 2728 1480 2791 luorum
1500 2730 1558 2810 qui
1568 2731 1645 2810 sue·

293 2842 372 2895 runt
387 2830 421 2894 in
435 2853 483 2894 ea.
500 2831 577 2894 Non
603 2831 701 2910 dixit,
716 2833 772 2914 qui
796 2842 874 2896 sunt
901 2833 934 2895 in
962 2853 1022 2910 ea;
1038 2833 1107 2910 sed,
1123 2831 1178 2915 qui
1207 2831 1337 2896 luerunt
1354 2835 1386 2895 in
1411 2827 1457 2896 ea.
1482 2833 1646 2895 Dominus

293 2933 451 2998 narrabit.
469 2933 515 2997 Et
534 2935 705 3016 quomodo
722 2935 891 2999 narrabit?
908 2955 974 2999 non
1000 2937 1109 3012 verbo,
1125 2933 1183 2998 sed
1199 2935 1370 3017 scriptura.
1389 2935 1426 2996 ln
1452 2935 1545 2997 cuius
1568 2937 1645 2998 scri·

292 3043 413 3120 ptura?
430 3039 462 3100 in
479 3037 687 3119 populorum.
705 3040 782 3102 Non
800 3037 929 3113 sufficit,
945 3040 1001 3102 sed
1018 3039 1119 3102 etiarn
1136 3038 1323 3121 principum
1338 3038 1429 3102 dicit.
1443 3038 1488 3101 Et
1503 3056 1644 3120 quorum

241 3171 274 3224 ²5
293 3141 506 3224 principum?
522 3142 578 3224 qui
594 3152 673 3205 sunt
688 3142 798 3206 inea?
816 3142 894 3206 Non
912 3143 999 3205 dixit
1015 3142 1079 3206 hoc
1093 3163 1100 3220 ;
1116 3141 1184 3220 sed,
1196 3142 1252 3225 qui
1267 3141 1398 3207 luerunt
1415 3144 1447 3206 in
1461 3163 1508 3207 ea.
1522 3142 1646 3207 Videte

293 3263 374 3328 ergo
389 3247 560 3328 quomodo
586 3247 748 3329 scriptura
772 3257 887 3311 sancta
903 3246 1119 3310 sacramentis
1136 3247 1233 3330 plena
1249 3256 1308 3312 est.
1327 3246 1486 3329 Legimus
1514 3255 1647 3329 aposto-

294 3345 362 3410 lum
381 3347 529 3424 Paulum,
546 3346 687 3429 legimus
705 3350 884 3428 Petrum,et
900 3349 1041 3432 legimus
1059 3350 1150 3413 illum
1167 3350 1351 3413 dicentem‘
1365 3348 1420 3412 An
1435 3349 1645 3431 experimen·

295 3462 365 3516 turn
382 3452 538 3535 quaeritis
554 3453 624 3516 eius
639 3453 696 3535 qui
713 3454 745 3516 in
763 3473 816 3517 me
828 3451 973 3536 loquitur
989 3455 1130 3536 Xpistus
1142 3455 1175 3516 i’
1192 3455 1238 3518 Et
1254 3453 1342 3537 quod
1356 3452 1476 3517 Paulus
1495 3454 1649 3535 loquitur,
1718 3509 1725 3518 .

294 3556 435 3639 Xpistus
451 3555 604 3638 loquitur.
616 3562 622 3586 ⁸
634 3556 701 3638 Qui
718 3559 806 3622 enim
818 3579 877 3623 vos
894 3559 1018 3641 recipit,
1030 3579 1083 3622 me
1100 3559 1215 3642 recipit
1227 3557 1243 3623 ’.
1260 3557 1428 3622 Dominus
1443 3577 1525 3639 ergo
1536 3564 1649 3620 noster

244 3693 278 3745 30
293 3669 395 3743 atquc
410 3660 565 3726 Salvator
580 3671 691 3725 narrat
708 3662 803 3725 nobis
830 3671 864 3725 et
890 3662 1034 3745 loquitur
1050 3663 1083 3726 in
1100 3662 1270 3746 scripturis
1290 3661 1476 3743 principum
1505 3679 1647 3724 suorum.

292 3763 458 3828 Dominus
472 3763 625 3828 narrabit
640 3765 673 3826 in
689 3765 850 3846 scriptura
860 3765 1060 3847 populorum,
1076 3765 1108 3828 in
1126 3765 1295 3848 scripturis
1310 3763 1454 3828 sanctis:
1470 3783 1556 3847 quae
1572 3763 1648 3826 scri-

292 3878 390 3951 ptura
412 3866 544 3951 populis
559 3868 715 3932 omnibus
733 3869 862 3950 legitur,
878 3868 941 3931 hoc
958 3878 1017 3945 est,
1034 3877 1070 3932 ut
1085 3889 1202 3932 omnes
1220 3867 1425 3951 intellegant.
1443 3866 1542 3950 Quod
1559 3866 1651 3941 dicit,

292 3974 354 4038 hoc
371 3982 430 4039 est.
447 3973 503 4039 Sic
519 3971 720 4055 scripserunt
746 3971 900 4054 apostoli,
915 3973 961 4035 sic
987 3982 1021 4037 et
1047 3974 1118 4056 ipse
1147 3973 1315 4037 Dominus
1343 3972 1375 4036 in
1393 3969 1565 4054 evangelia
1590 3989 1649 4032 sua

326 4143 463 4208 trparant]
474 4149 639 4207 speraverunt
651 4139 675 4208 β
775 4141 873 4202 dsunt]
885 4159 934 4191 orn.
951 4139 1045 4208 leSG.
1148 4139 1304 4204 7surtt]0m.
1320 4141 1372 4194 SG.
1477 4154 1505 4206 13
1516 4147 1540 4189 et
1551 4138 1611 4202 iore]
1622 4147 1652 4188 nt

293 4227 344 4290 ipit
356 4227 411 4287 Ac,
426 4227 445 4274 P
457 4239 472 4276 2
485 4241 517 4276 m.
621 4237 651 4288 14
663 4224 751 4286 salvet]
763 4226 870 4273 salvabit
883 4223 933 4290 βῦ.
1037 4223 1066 4273 16
1080 4223 1133 4284 Qui
1143 4224 1203 4287 ipse]
1216 4231 1238 4273 et
1250 4227 1300 4290 ipse
1313 4224 1348 4292 βὸ
1361 4243 1368 4285 ;
1380 4226 1442 4290 qnia
1454 4225 1506 4288 iore
1518 4223 1538 4273 C
1552 4225 1578 4283 (a
1589 4221 1647 4271 add.

294 4319 308 4354 2
321 4323 354 4356 m.
368 4323 422 4372 sup.
437 4305 494 4367 lin.)
593 4305 720 4366 Arrirrni]
731 4309 832 4356 Ariani
843 4305 893 4374 βῦ.
995 4319 1023 4355 21
1039 4308 1067 4356 in
1079 4304 1214 4370 scriptura]
1227 4309 1273 4372 (gr.
1284 4301 1309 4358 ἐν
1319 4309 1418 4376 γραφῇ)
1426 4325 1433 4368 ;
1442 4309 1471 4356 in
1479 4306 1611 4370 scn'pturis
1621 4305 1648 4353 Ρ.

294 4400 322 4450 31
336 4397 444 4453 quaeest
455 4389 581 4452 scriptura
593 4390 694 4453 populis
705 4390 819 4438 oneribus
831 4389 875 4438 AC
889 4387 992 4449 (omisso
1005 4389 1116 4452 legitur).
1186 4403 1217 4453 33
1229 4391 1258 4439 iu
1271 4393 1401 4455 evangelia
1412 4384 1468 4447 rua]
1486 4391 1514 4439 iu
1526 4388 1652 4452 cvangelio

293 4487 337 4520 ruo
348 4471 378 4532 C,
394 4473 412 4521 P
424 4487 479 4538 sup.
493 4471 528 4521 lin
539 4489 546 4530 ς
555 4479 601 4536 prr
611 4473 740 4534 evangelia
751 4488 797 4520 sira
811 4471 865 4539 βΙΙ.

337 4643 380 4681 20.
398 4623 568 4682 Altisrimus
581 4619 699 4702 dicitnr]
716 4621 792 4682 Ibld.
810 4622 858 4680 lin.
880 4643 922 4696 14.
1044 4643 1090 4698 ²9·
1107 4620 1217 4703 rra'pr't]
1235 4623 1339 4682 llattlt.
1362 4643 1405 4694 10,
1422 4641 1467 4694 40.

337 4707 384 4766 28.
398 4705 521 4783 Xpistus
531 4698 556 4783 t]
573 4723 588 4764 a
605 4705 672 4766 Cor.
695 4724 705 4763 ι
712 4723 738 4780 3,
756 4724 781 4781 3.
