4092 5502
404 412 487 497 344
785 417 815 476 S.
839 410 1094 476 HIERONYMI
1118 407 1382 468 PRESBYTERI

404 630 476 708 fuit,
492 641 528 696 ut
543 631 742 695 vestimenta
752 653 755 658 ·
766 629 959 706 dimitteret,
974 627 1008 693 et
1035 627 1082 692 'sic
1108 627 1150 691 a'd
1170 624 1280 689 Iesum
1296 623 1467 689 curreret?
1483 623 1561 690 Non
1586 625 1697 708 potuit
1712 625 1765 690 ire·

403 755 478 798 cum
496 733 660 799 veteribus
676 733 892 812 vestimentis,
920 734 1028 798 nudus
1053 730 1196 795 cucurrit
1219 730 1261 792 ad
1290 727 1484 792 Dominum.
1513 727 1642 794 Caecus
1668 739 1763 795 eretz·

403 839 538 903 sordida
559 838 706 902 habebat
721 839 929 915 vestimenta,
944 837 1111 901 conscissa
1137 843 1170 898 et
1186 834 1329 915 dirupta.
1357 832 1509 898 Cucurrit
1525 834 1638 916 itaque
1664 835 1759 918 quasi

283 945 286 951 '
403 961 530 1020 caecus,
545 952 579 1005 et
597 952 733 1006 sanatus
756 951 816 1008 est.
832 941 922 1025 Quia
938 942 984 1006 ita
1011 951 1081 1005 erat
1105 941 1137 1004 in
1166 937 1324 1002 Hiericho
1351 955 1470 1001 caecus
1496 935 1551 1000 ille
1575 940 1759 1004 secundum

403 1047 503 1124 viam,
520 1046 576 1129 qui
600 1056 634 1110 et
659 1056 797 1110 sanatus
813 1056 863 1110 est
879 1047 963 1110 :iste
989 1065 1077 1109 nunc
1095 1053 1227 1108 curatur
1243 1042 1275 1105 in
1294 1040 1485 1104 Bethsaida.
1798 1060 1813 1114 5

446 1151 493 1214 Et
508 1160 718 1232 rogantium,
735 1161 771 1214 nt
787 1151 881 1214 iHum
909 1159 1074 1233 tangeret·
1088 1149 1224 1231 Rogant
1251 1144 1405 1228 discipuli
1432 1143 1617 1208 Dominum
1644 1144 1777 1212 Salva.

402 1265 519 1332 torem,
535 1265 571 1318 ut
597 1254 690 1318 illum
718 1264 879 1338 tangeret
899 1253 959 1318 llle
975 1254 1070 1346 ‚enim
1088 1253 1165 1336 quia
1180 1269 1259 1334 prae
1271 1249 1435 1314 ‘caecitate
1460 1249 1636 1332 ignorabat
1661 1249 1759 1328 viam,

402 1358 574 1424 ambulare
591 1378 656 1422 non
675 1365 816 1441 poterat,
831 1367 869 1422 ut
884 1365 1038 1441 tangeret
1062 1357 1230 1441 Xpistum.
1249 1355 1385 1437 Rogant
1399 1353 1549 1418 dicentes
1565 1354 1615 1418 ei:
1631 1354 1759 1437 Tange,

402 1470 436 1527 et
452 1462 631 1527 sanabitur.
648 1461 918 1545 Etadprelundit
932 1479 1068 1526 manum
1082 1461 1175 1538 caeci,
1188 1469 1220 1524 et
1233 1457 1346 1523 eduxit
1358 1473 1433 1520 eum
1447 1466 1539 1522 extra
1553 1458 1669 1522 umen.
1686 1457 1758 1522 Ad·

402 1566 610 1650 prehendens
628 1585 764 1631 manum
781 1565 858 1630 eius.
873 1565 962 1649 Quia
979 1585 1097 1630 manus
1109 1564 1180 1630 eius
1192 1561 1355 1646 sanguine
1371 1559 1469 1642 plena
1484 1569 1564 1639 erat,
1574 1561 1759 1644 adprehen·
1781 1585 1813 1623 ιο

402 1670 452 1735 dit
470 1689 615 1746 manum,
631 1677 665 1734 et
693 1669 846 1752 purgavit
863 1689 948 1735 eam.
962 1668 1198 1752 Adprehendit
1216 1685 1351 1730 manum
1368 1665 1439 1730 eius
1455 1666 1663 1748 quastcaeei,
1689 1667 1760 1748 ipse

402 1774 456 1839 via
482 1784 516 1838 et
542 1775 670 1850 ductor,
685 1783 719 1837 et
743 1774 862 1840 eduxit
878 1795 954 1839 eum
981 1787 1079 1838 extra
1106 1773 1224 1838 vicum.
1250 1769 1380 1836 Putatis
1404 1789 1464 1834 nos
1481 1771 1547 1834 vim
1577 1771 1759 1854 scripturae

404 1887 540 1942 sanctae
558 1877 688 1942 facere?
706 1877 859 1941 Forsitan
876 1877 1103 1961 aliquis‘dicat
1127 1877 1160 1940 in
1179 1877 1282 1941 tacita
1297 1874 1524 1957 cogitatione:
1543 1874 1611 1941 Iste
1627 1896 1759 1959 semper

404 1979 579 2062 allegorias
594 1981 753 2063 sequitur,
768 1979 835 2044 vim
853 1982 1035 2064 scripturae
1051 1989 1187 2046 sanctae
1204 1979 1291 2044 iacit.
1309 1978 1400 2062 Quid
1416 1997 1536 2043 causae
1547 1989 1608 2056 est,
1623 1998 1759 2062 respon·

403 2083 481 2148 deat
498 2083 578 2148 mihi
594 2085 651 2166 qui
678 2084 742 2160 hoc
757 2085 893 2168 cogitat,
908 2086 989 2168 quid
1012 2104 1132 2150 causae
1147 2094 1207 2162 est,
1224 2095 1260 2148 ut
1277 2081 1481 2166 ingrediatur
1508 2083 1540 2146 in
1569 2083 1760 2162 Bethsaida,
1782 2107 1812 2160 ις

405 2196 441 2252 ut
456 2186 614 2253 offeratur
638 2187 667 2251 ei
683 2189 827 2271 caecus?
844 2189 922 2252 Non
948 2209 1024 2266 eum
1040 2199 1134 2254 curat
1162 2189 1194 2252 in
1212 2187 1331 2266 viculo,
1346 2187 1405 2252 sed
1432 2195 1530 2251 extra
1545 2189 1675 2254 vicum:
1692 2209 1757 2256 non

404 2291 618 2356 enimsanari
635 2300 795 2375 potest-et
812 2293 923 2356 videre
939 2291 971 2372 in
989 2293 1071 2374 lege,
1087 2293 1144 2356 sed
1162 2292 1196 2355 in
1212 2289 1395 2374 evangelio.
1413 2290 1530 2373 Usque
1545 2291 1647 2356 hodie
1664 2293 1757 2358 Iesus

405 2395 431 2460 si
449 2395 655 2478 ingrediatur
671 2394 898 2478 Bethsaidam,
914 2396 976 2460 hoc
993 2406 1052 2474 est,
1069 2397 1102 2459 in
1119 2415 1327 2478 synagogam
1356 2394 1575 2460 ludaeorum:
1604 2395 1708 2472 Iesus,
1722 2396 1755 2460 id

402 2508 463 2575 est,
486 2518 596 2562 sermo
621 2499 766 2580 divimus
790 2499 996 2585 ingrediatur
1023 2501 1055 2564 io
1088 2519 1296 2582 synagogam
1322 2497 1533 2578 Iudaeorum,
1558 2500 1622 2566 hoc
1647 2511 1706 2579 est,
1723 2501 1760 2564 in¹

402 2604 541 2670 concilia
560 2605 758 2670 ludaeorum
774 2628 781 2668 :
797 2623 915 2668 caecus
941 2604 996 2668 ille
1016 2604 1175 2688 quamdiu
1201 2603 1234 2668 in
1262 2622 1437 2686 synagoga
1452 2612 1503 2668 est
1518 2614 1564 2669 et·
1579 2604 1612 2667 in
1639 2603 1757 2682 littera,
1775 2632 1811 2672 2ο

402 2707 510 2772 sanari
529 2727 595 2770 non
607 2717 727 2790 potest,
738 2707 799 2770 nisi
816 2708 904 2772 ioras
914 2709 1107 2774 adducatur.
1124 2707 1253 2770 Eduxit
1263 2728 1334 2771 eum
1350 2715 1443 2771 extra
1458 2708 1566 2772 vicum
1581 2717 1758 2791 etexpuens

402 2811 436 2876 in
451 2812 554 2876 oculos
576 2812 655 2889 eius,
671 2813 818 2895 inpositis
844 2811 995 2886 rnnm'bus
1020 2811 1098 2875 suis.
1116 2811 1228 2877 Saliva
1251 2812 1363 2894 Xpisti
1388 2812 1553 2876 medicina
1569 2822 1629 2877 est.
1644 2812 1693 2877 Et
1704 2834 1757 2876 ex-

394 2927 498 3004 puens
525 2915 558 2980 in
585 2916 697 2980 oculos·
710 2916 788 2994 eius,
815 2916 963 2999 inpositis
982 2916 1133 2980 manibus
1158 2916 1237 2993 suis,
1262 2915 1478 3000 interrogavit
1490 2939 1563 2982 eum
1581 2918 1611 2982 si
1630 2917 1759 3002 aliquid

401 3021 530 3085 videret.
557 3019 724 3085 Scientiae
739 3040 870 3103 semper
886 3019 1054 3104 profectus
1069 3029 1156 3086 sunt.
1174 3021 1250 3086 Non
1268 3030 1380 3103 potest
1395 3021 1516 3106 aliquis
1540 3024 1573 3088 in
1592 3043 1659 3088 una
1674 3024 1756 3090 hora

401 3125 580 3206 perfectam
608 3143 724 3206 sapere
748 3125 957 3206 sapientiam,
982 3126 1134 3208 quamvis
1162 3127 1307 3207 prudens
1331 3127 1359 3188 is
1383 3125 1436 3192 sit.
1463 3127 1540 3192 Non
1569 3128 1632 3192 nisi
1649 3128 1755 3194 multo
1773 3153 1808 3206 ²5

400 3241 551 3314 tempore
575 3239 609 3294 et
636 3229 822 3294 eruditione
837 3230 893 3293 diu
911 3230 1062 3312 quaesita
1085 3230 1127 3294 ad
1145 3229 1325 3311 perfectam
1343 3230 1516 3298 scientiam
1544 3242 1655 3314 potest
1679 3233 1753 3316 quis

400 3335 580 3417 pervenire.
609 3334 762 3397 Primum*
784 3333 945 3399 tolluntur
970 3335 1094 3410 sordes,
1118 3343 1151 3398 et
1177 3335 1319 3398 caecitas
1346 3335 1495 3402 tollitur:
1511 3346 1544 3400 et
1567 3337 1615 3402 ita
1642 3338 1752 3404 lumen

401 3439 500 3503 venit.
525 3436 637 3503 Saliva
664 3437 801 3500 Domini
830 3436 977 3518 perfecta
992 3437 1144 3502 doctrina
1161 3447 1332 3520 esttquae
1360 3449 1396 3502 ut
1421 3438 1568 3522 perfecte
1591 3441 1719 3518 doceat,
1734 3463 1763 3516 a¹

400 3542 570 3606 dominico
584 3561 641 3606 ore
657 3541 815 3624 procedit.
834 3540 946 3606 Saliva
966 3541 1122 3616 Domini,
1139 3551 1176 3604 ut
1193 3541 1239 3606 ita
1256 3542 1375 3620 dicam,
1392 3545 1486 3626 quasi
1502 3546 1544 3608 de
1568 3545 1755 3611 substantia

402 3645 539 3710 Domini
556 3645 694 3726 scientia
710 3654 768 3708 est.
787 3644 881 3710 Sicut
896 3645 984 3708 enirn
1001 3665 1120 3722 sermo,
1136 3645 1192 3727 qui
1209 3646 1251 3708 de
1266 3666 1323 3710 ore
1340 3648 1497 3728 procedit.
1517 3649 1682 3714 medicina
1694 3660 1756 3714 est:
1774 3677 1810 3726 30

400 3750 447 3814 sic
463 3749 566 3814 saliva
583 3750 713 3813 videtur
737 3749 831 3832 quasi
856 3748 899 3811 de
916 3749 988 3822 Dei,
1006 3749 1068 3812 hoc
1085 3759 1145 3826 est,
1161 3749 1233 3831 ipsa
1250 3749 1343 3814 exire
1358 3751 1555 3817 substantia.
1587 3754 1654 3818 Hic
1676 3774 1756 3836 ergo

400 3855 489 3938 quod
506 3853 597 3930 dicit,
613 3853 674 3916 hoc
692 3865 753 3917 est:
769 3853 945 3918 secretiore
962 3853 1114 3916 doctrina
1130 3853 1285 3918 abstersit
1301 3873 1444 3919 errorem
1462 3857 1633 3922 oculorum
1645 3849 1756 3942 ipsius.

403 3957 447 4022 Et
463 3977 616 4040 expuens
632 3957 663 4020 in
681 3957 795 4020 oculos
823 3957 902 4034 eius,
929 3957 1081 4038 inpositis
1107 3957 1260 4022 manibus
1288 3958 1362 4022 suis.
1382 3959 1494 4025 Saliva
1510 3943 1625 4025 oculos
1640 3967 1757 4038 sanat,

401 4081 519 4126 manus
541 4072 710 4144 ponuntur
727 4063 758 4124 in
784 4061 912 4144 capite:
936 4059 1040 4124 saliva
1055 4060 1250 4124 caecitatem
1268 4060 1432 4142 propellit,
1449 4083 1568 4128 manus
1592 4063 1756 4148 inponunt

400 4165 676 4232 benedictionem.
724 4201 727 4206 ·
1775 4197 1808 4249 35

432 4367 461 4418 31
483 4357 514 4404 de
533 4351 597 4414 Dei]
616 4352 714 4403 videtur
731 4351 819 4402 deesse
839 4349 944 4414 aliquid,
960 4348 1064 4400 sortasse
1085 4364 1174 4412 graeca
1194 4346 1281 4410 dictio,
1294 4365 1369 4414 quam
1390 4365 1464 4414 supra
1483 4349 1509 4399 in
1522 4367 1542 4419 χ
1552 4349 1689 4402 desiderari
1707 4349 1758 4401 ism

399 4436 518 4488 adnotavi
531 4437 565 4498 (v.
579 4451 615 4500 gr.
631 4451 655 4500 p.
671 4446 727 4498 320,
742 4433 758 4482 1.
773 4443 813 4496 25,
827 4449 851 4497 p.
868 4445 923 4496 322,
937 4431 954 4482 l.
971 4433 1019 4492 12).
1119 4429 1181 4492 Hic]
1192 4429 1280 4496 scripsi
1290 4449 1298 4491 ς
1310 4433 1352 4480 hoc
1364 4446 1391 4498 χ.

446 4611 489 4651 rr.
505 4593 564 4669 ipse
578 4593 626 4652 nris
640 4599 668 4650 et
685 4591 812 4669 ducturJ‘
829 4588 898 4648 iecit
913 4607 965 4649 eos
981 4587 1051 4648 utin
1106 4588 1231 4650 Hieron.
1249 4588 1278 4648 in
1295 4609 1336 4667 ps.
1357 4591 1422 4662 106,
1438 4608 1526 4669 supra
1545 4607 1610 4668 177,
1628 4609 1673 4664 24.

400 4691 432 4735 se
446 4673 642 4745 ambularent,
658 4672 722 4749 ipse
743 4683 773 4731 et
795 4674 901 4732 ductor
923 4683 952 4732 et
977 4668 1023 4730 via
1034 4671 1050 4730 '.
1394 4707 1396 4712 ·
