4062 5504
486 430 565 513 150
961 423 1144 484 ARNOBII
1167 422 1360 483 EPISCOPI

479 621 601 686 Paulus
628 625 675 688 ait
699 624 864 689 ‘Caiciati
890 626 991 707 pedes
1018 627 1051 688 in
1081 625 1337 707 praeparatione
1364 621 1531 704 evangeiii
1561 623 1661 704 pacis
1678 623 1685 648 ’
1703 623 1834 686 Vituius

478 735 591 790 autem
607 729 736 791 occisus
761 728 884 793 Christi
910 730 1019 811 passio
1044 740 1104 808 est,
1119 730 1175 812 qui
1204 750 1263 809 pro
1288 728 1412 803 Adam,
1434 727 1496 792 hoc
1522 736 1582 804 est,
1599 748 1659 808 pro
1675 728 1831 808 gentibus

479 849 596 910 passus
613 843 679 909 est;
695 835 747 896 cui
761 833 960 910 Paterdicit,
972 834 1024 897 Tu
1043 853 1172 897 mecum
1186 833 1276 896 suisti
1293 844 1326 896 et
1346 853 1390 909 es,
1407 841 1438 894 et
1456 831 1570 894 omnia
1584 851 1659 894 mea
1677 843 1735 894 tua
1748 842 1834 894 sunt.

1123 954 1189 1038 [rr]

514 1075 667 1150 Facilius
681 1088 729 1141 est
742 1077 900 1140 carnelum
909 1079 1132 1158 perforamen
1141 1100 1219 1142 acus
1228 1077 1378 1152 transire,
1387 1096 1489 1158 quam
1499 1073 1636 1136 divitem
1649 1073 1684 1135 iu
1701 1094 1832 1154 reguum
1851 1097 1864 1148 5

477 1182 647 1245 caelorum.

1002 1283 1318 1335 INTERPRETATIO.

523 1391 691 1454 Dominus
709 1392 854 1458 iustitiae
872 1392 1032 1455 mandata
1055 1393 1162 1470 docet,
1189 1402 1223 1455 et
1249 1391 1387 1455 divitem
1416 1389 1595 1471 obiurgat;
1622 1388 1681 1452 sed
1709 1387 1833 1451 habent

476 1495 662 1576 spiritaiem
688 1495 903 1562 intellectum.
924 1497 1012 1560 Nam
1036 1496 1183 1579 pierique
1210 1496 1330 1560 divites
1356 1493 1516 1559 debonis
1539 1491 1606 1557 suis
1629 1493 1832 1575 pauperibus

477 1600 747 1662 communicant:
771 1601 931 1684 numquid
961 1621 1038 1663 nam
1057 1587 1100 1664 'et
1127 1601 1159 1664 in
1190 1620 1328 1682 regnum
1353 1599 1520 1663 caelorum
1545 1619 1611 1663 non
1639 1599 1834 1664 intrabunt?
1856 1619 1885 1654 ro

478 1702 620 1765 Proinde
650 1704 787 1768 divitem
818 1704 977 1787 populum
997 1704 1196 1769 ludaeorum
1222 1705 1312 1782 dicit,
1328 1704 1384 1786 qni
1407 1705 1439 1766 in
1465 1702 1591 1767 divitiis
1608 1703 1675 1766 suis
1691 1701 1834 1766 fidentes

476 1804 645 1870 Christum
663 1808 807 1889 recipere
825 1808 1010 1873 noluerunt.
1028 1809 1080 1872 De
1096 1809 1218 1892 quibus
1235 1811 1267 1872 in
1286 1809 1417 1890 psalmo
1433 1807 1602 1871 tricesimo
1621 1807 1834 1870 tertiodicit:

474 1908 631 1972 ‘Diuites
647 1921 808 1992 eguerunt
824 1923 858 1976 et
874 1913 1068 1990 esurierunt,
1094 1914 1298 1996 inquirentes
1323 1922 1435 1975 autem
1465 1911 1651 1974 Dominum
1681 1930 1748 1972 oon
1774 1911 1833 1973 mi-

477 2024 620 2076 nuentur
634 2015 726 2077 omni
743 2007 840 2080 bono.
855 2015 862 2043 ¹
887 2016 1042 2081 Camelns
1059 2026 1171 2082 autem
1189 2017 1365 2099 gentiiium
1382 2017 1590 2079 demonstrat
1609 2013 1760 2095 figuram,
1776 2015 1833 2096 qui

475 2117 556 2180 nihii
585 2119 617 2181 in
644 2139 679 2181 se
706 2121 786 2188 recti
814 2120 1010 2196 habuerunt,
1026 2130 1060 2187 et
1088 2141 1177 2186 nunc
1204 2121 1361 2201 exposita
1384 2119 1513 2183 sarcina
1539 2128 1751 2199 peccatorum
1774 2139 1833 2200 per
1855 2137 1884 2190 ις

476 2221 624 2285 foramen
642 2243 720 2286 acus
737 2224 977 2314 ingrediuntur,
999 2225 1063 2289 hoc
1086 2236 1146 2303 est,
1162 2246 1220 2307 per
1247 2236 1425 2307 angustam
1443 2224 1530 2286 viam
1557 2243 1645 2304 quae
1672 2224 1765 2286 ducit
1789 2225 1831 2286 ad

475 2327 587 2390 vitam.
605 2327 693 2390 Nam
715 2319 814 2396 iudas
830 2328 984 2393 Scarioth
1005 2331 1048 2393 de
1064 2329 1172 2411 pretio
1188 2329 1377 2392 traditionis
1393 2329 1486 2391 dives
1504 2326 1575 2404 luit,
1592 2327 1651 2390 sed
1668 2328 1700 2389 in
1728 2347 1832 2409 regno

474 2429 643 2494 caelorum
661 2451 727 2494 non
741 2423 887 2497 intravit.

1080 2536 1157 2586 CAP.
1173 2536 1222 2585 xi.

517 2637 565 2701 Et
578 2639 745 2723 ingressus
760 2642 852 2706 lesus
870 2642 1122 2724 perambulabat
1144 2641 1274 2706 Iericho.
1291 2641 1339 2705 Et
1361 2662 1425 2705 ecce
1446 2640 1503 2703 vir
1526 2639 1654 2703 nornine
1680 2641 1830 2706 Zoclrcus
1848 2670 1882 2706 20

463 2743 615 2826 princeps
623 2745 871 2827 publicanorum
886 2748 997 2828 etipse
1012 2747 1111 2824 dives,
1127 2758 1160 2811 et
1177 2757 1296 2811 cetera.

991 2881 1307 2932 INTERPRETATIO.

515 2986 619 3051 Facta
636 3000 714 3051 sunt
737 2989 799 3052 ista
822 2991 946 3068 omnia,
963 2990 1022 3054 sed
1046 2990 1171 3053 habent
1198 2977 1381 3071 spiritaiem
1399 2987 1616 3054 inteliectum.
1636 2989 1723 3052 Nam
1741 2993 1828 3054 adeo

471 3089 621 3153 Zacheus
637 3100 767 3155 statura
783 3093 922 3174 pusitius
935 3102 1015 3170 erat,
1026 3093 1104 3174 quia
1121 3091 1220 3155 fidem
1244 3093 1384 3156 necdum
1402 3091 1565 3156 habuerat
1582 3092 1617 3175 [i.
1638 3093 1712 3176 136]
1727 3116 1734 3172 ;
1749 3095 1827 3158 ideo

471 3212 531 3256 nec
548 3193 718 3259 Christum
736 3196 848 3259 videre
864 3205 1005 3279 poterat,
1022 3197 1084 3258 nisi
1102 3195 1134 3258 in
1159 3195 1312 3258 arborem
1336 3197 1542 3272 ascenderet,
1569 3197 1632 3260 hoc
1652 3209 1712 3270 est.
1734 3209 1824 3279 post·
1849 3225 1882 3276 25

471 3316 571 3378 quarn
588 3299 693 3362 crucis
709 3298 783 3377 fide,
799 3320 973 3382 perquam
987 3299 1373 3377 credentesexaitantur‚
1391 3300 1511 3364 merito
1526 3301 1665 3364 credens
1677 3299 1824 3364 medium

470 3419 556 3484 quae
573 3401 766 3484 possidebat
782 3404 928 3468 donavit.

1069 3504 1146 3555 CAP.
1162 3504 1225 3554 XII.

512 3611 614 3675 Dixit
629 3612 720 3676 lesus
735 3611 927 3694 parobolam
944 3611 1065 3676 talem:
1092 3611 1199 3675 Homo
1214 3613 1349 3694 quidam
1366 3613 1483 3677 nobilis
1498 3613 1585 3677 abiit
1600 3615 1636 3676 in
1664 3617 1824 3698 regionem

467 3715 678 3798 longinquam
692 3717 829 3798 accipere
844 3717 909 3780 sibi
919 3737 1054 3798 reguum
1070 3727 1102 3779 et
1116 3718 1243 3780 reverti.
1259 3716 1307 3779 Et
1319 3718 1497 3781 convocatis
1512 3717 1617 3781 decem
1631 3720 1738 3782 seror's
1747 3722 1828 3794 suis,
1851 3747 1885 3797 30

468 3819 557 3884 dedit
572 3821 641 3884 illis
655 3821 759 3883 decem
771 3841 873 3896 mnas,
887 3832 918 3885 et
926 3821 976 3884 erit
984 3820 1032 3884 ad
1040 3821 1112 3884 illos
1124 3843 1136 3884 .·
1152 3821 1384 3902 Negociamini
1397 3822 1476 3886 dum
1493 3823 1592 3885 vem'o.
1612 3821 1707 3886 Ciues
1717 3835 1828 3888 autem

464 3926 536 3988 eius
550 3925 686 3987 oderant
702 3924 806 4001 illum,
829 3934 861 3987 et
884 3925 1045 3988 miscment
1066 3925 1259 4006 legationem
1273 3935 1349 4007 post
1372 3925 1468 3989 illum
1483 3924 1622 3990 diceutes
1635 3949 1646 3989 :
1662 3927 1830 3992 Nolumus

465 4027 552 4093 laum
565 4047 701 4110 regnare
715 4038 813 4110 super
827 4050 891 4092 uos.
910 4028 955 4091 Et
963 4029 1095 4108 sactum
1111 4038 1210 4093 estut
1226 4028 1347 4091 rediret
1360 4039 1482 4111 accepto
1499 4050 1607 4112 regno,
1623 4040 1658 4093 et
1673 4040 1787 4094 cetera

497 4201 574 4263 4X.]
586 4201 713 4251 Numerus
733 4199 838 4265 capituli
861 4200 931 4250 deest
955 4199 981 4248 in
1005 4199 1037 4250 G.
1139 4212 1170 4263 23
1193 4199 1261 4260 aclea]
1279 4200 1312 4260 G.
1326 4199 1398 4250 iaciie
1411 4217 1457 4266 pro
1468 4201 1530 4250 ideo.
1643 4201 1674 4250 ab
1682 4205 1829 4267 perquam]

466 4283 554 4348 scripsi
566 4299 597 4333 ex
609 4283 755 4334 coniectura
766 4289 915 4347 ;partquam
928 4283 1019 4332 iterum
1034 4283 1066 4332 G.

512 4439 535 4478 r.
549 4414 642 4496 pacis]
662 4418 736 4492 Eph.
754 4420 781 4488 6,
803 4435 845 4492 15.
1173 4434 1237 4492 cap.
1254 4433 1311 4474 xrx
1328 4416 1356 4474 in
1374 4419 1468 4478 Math.

507 4503 533 4559 6.
550 4495 707 4579 caelorum]
727 4501 773 4557 Le.
796 4503 891 4574 18,25.
1215 4517 1259 4556 21.
1276 4495 1366 4578 diues]
1386 4501 1435 4558 Lc.
1457 4521 1501 4574 19,
1521 4522 1532 4559 1
1552 4519 1616 4578 sqq.

510 4577 715 4660 14.t0uo]Ps.
735 4600 782 4656 33,
802 4600 846 4639 rr.
1214 4597 1260 4655 33.
1279 4577 1377 4660 reguo]
1394 4583 1445 4640 Lc.
1467 4601 1511 4657 19,
1532 4603 1565 4640 ra
1582 4602 1648 4660 sqq.

509 4667 554 4724 18.
572 4681 629 4721 nou
644 4659 783 4742 r'utrom't]
802 4663 916 4722 Eadem
932 4663 995 4723 iere
1020 4680 1119 4740 supra,
