4158 5492
425 449 478 532 32
798 451 826 512 S.
853 450 1107 513 HIERONYMI
1132 445 1395 510 PRESBWERI

476 665 521 730 Ut
533 687 757 749 cognoscamus
768 659 807 729 'in
824 677 912 731 terra
928 667 1018 730 uiam
1038 677 1139 730 trram.
1158 666 1234 730 Hoc
1250 675 1361 730 autem
1380 665 1533 748 petimus,
1549 677 1586 732 ut
1602 666 1780 732 inlumines

425 770 549 834 vultum
566 779 670 846 tuum,
694 769 757 833 hoc
783 779 843 849 est,
859 772 1041 854 imaginem
1059 781 1150 836 tuam
1168 790 1269 852 super
1291 788 1361 846 nos,
1377 788 1463 852 quae
1485 770 1575 853 apud
1591 777 1625 834 te
1648 789 1781 853 semper

425 872 621 938 abscondita
636 872 706 949 suit,
721 879 755 937 et
770 875 866 957 quasi
883 875 916 940 in
933 885 1063 940 secreto
1084 885 1119 939 et
1134 873 1280 938 tenebris
1296 883 1367 937 erat
1384 873 1619 956 mysteriorum
1637 882 1780 950 tuorum,

425 980 608 1042 seeundum
635 976 715 1042 illud
732 977 822 1061 quod
840 980 1000 1063 scriptum
1026 988 1098 1043 est:
1122 985 1129 1010 ‘
1148 978 1262 1042 Posuit
1278 978 1434 1042 tenebras
1457 976 1632 1041 latibulum
1649 995 1746 1040 suum
1764 977 1779 1040 '.

431 1083 507 1146 Hoc
523 1083 676 1165 petimus,
692 1091 729 1146 ut
745 1082 923 1147 inlumines
939 1103 1039 1166 super
1055 1102 1125 1160 nos,
1140 1089 1177 1146 ut
1193 1080 1399 1165 mysterium,
1414 1081 1504 1164 quod
1521 1101 1541 1144 a
1557 1081 1780 1164 generationi·
1816 1097 1829 1150 s

428 1188 490 1251 bus
505 1186 739 1250 absconditum
764 1185 826 1251 luit
852 1186 949 1251 iuxta
975 1186 1176 1271 apostolum,
1195 1185 1359 1250 reveletur
1384 1185 1415 1247 in
1443 1184 1548 1249 nobis.
1576 1183 1652 1246 Hoc
1668 1192 1778 1249 autem

427 1301 535 1356 toturn
549 1310 650 1374 quare
662 1291 849 1372 poscimus?
865 1311 967 1374 quare
977 1289 1223 1354 desideramus?
1241 1288 1314 1352 Nisi
1331 1285 1581 1352 inluminaveris
1597 1287 1778 1370 imaginem

428 1408 520 1461 tuam
548 1415 647 1477 super
674 1414 743 1472 nos,
759 1395 847 1458 viam
876 1405 968 1459 tuam
994 1404 1028 1458 et
1053 1393 1226 1458 scientiam
1254 1401 1347 1457 tuam
1376 1411 1473 1455 nosse
1500 1411 1565 1455 non
1595 1411 1783 1474 possumus.

429 1501 608 1582 Propterea
633 1499 792 1581 sequitur,
822 1497 868 1563 Ut
891 1518 1115 1580 cognoscamus
1139 1497 1173 1561 iu
1199 1507 1289 1561 tcrra
1314 1496 1406 1560 uiam
1433 1505 1550 1561 tuam:
1570 1508 1606 1561 ut
1628 1495 1782 1560 maiesta-

427 1613 495 1668 tem
521 1611 623 1679 tuam,
649 1621 736 1686 quae
757 1601 789 1665 in
816 1602 915 1666 caelis
941 1611 1022 1666 nota
1046 1612 1106 1680 est,
1134 1611 1249 1666 notam
1274 1602 1459 1671 habeamus
1486 1616 1520 1670 et
1547 1607 1579 1670 in
1614 1615 1710 1671 terra.
1739 1603 1785 1670 Ut
1804 1623 1834 1660 ιο

426 1731 649 1792 cognoscamus
665 1710 699 1771 iu
716 1718 804 1772 terra
820 1707 910 1772 uiam
922 1716 1026 1772 cuam.
1043 1713 1049 1737 ¹
1068 1707 1143 1789 Ego
1154 1726 1239 1784 sum,
1255 1707 1371 1792 inquit,
1387 1711 1441 1776 via
1456 1721 1490 1775 et
1503 1710 1571 1776 vita
1587 1718 1621 1775 et
1633 1708 1755 1776 veritas
1767 1711 1783 1774 ’.

433 1817 478 1882 Ut
498 1835 720 1897 cognoscamus
743 1815 778 1877 iu
794 1825 883 1877 lcrra
899 1813 989 1876 uiam
1006 1822 1106 1877 tuam.
1124 1812 1162 1875 ln
1180 1821 1266 1876 terra
1282 1833 1532 1896 cognoscamus.
1549 1819 1556 1847 ‘
1575 1815 1650 1878 Fiat
1666 1813 1781 1879 volun·

427 1930 480 1984 tas
506 1928 563 1984 tua
589 1918 675 1982 sicut
701 1919 735 1980 in
762 1917 855 1982 caelo
883 1928 916 1982 et
933 1919 965 1981 in
994 1927 1081 1981 terra
1097 1918 1128 1996 ’;
1155 1927 1191 1981 ut
1218 1937 1318 2001 quem
1340 1920 1482 1985 adorant
1498 1920 1609 2004 angeli
1626 1921 1658 1984 in
1675 1919 1785 1996 caelis,

430 2021 582 2086 homines
598 2041 733 2104 quoque
758 2021 898 2086 adorent
915 2022 947 2084 in
976 2031 1071 2084 terra.
1089 2021 1155 2086 Sed
1183 2021 1273 2085 dicat
1301 2022 1429 2106 aliquis,
1446 2025 1523 2107 quia
1548 2033 1629 2088 nota
1643 2031 1715 2088 erat
1731 2025 1784 2088 via

432 2125 529 2191 Dei*
556 2125 666 2190 Notus
693 2125 832 2190 enimin
861 2126 985 2190 Iudaea
1015 2126 1116 2203 Deus,
1132 2125 1164 2188 in
1194 2125 1319 2190 Israhel
1349 2148 1508 2210 magnum
1532 2147 1654 2193 nomen
1682 2128 1753 2193 eius
1769 2128 1785 2193 ¹.
1806 2145 1834 2197 ι5

433 2233 543 2296 Notus
559 2241 629 2295 erat
647 2230 750 2307 Deus,
765 2231 823 2294 sed
841 2230 905 2294 Dei
922 2231 975 2295 via
992 2251 1058 2295 non
1075 2240 1146 2295 erat
1163 2231 1285 2295 notaio
1305 2231 1439 2297 Iudaea.
1456 2231 1625 2316 Quoniam
1642 2252 1722 2315 ergo
1733 2233 1785 2296 via

433 2337 496 2400 Dei
515 2333 624 2399 Patris
651 2354 716 2398 non
734 2345 804 2398 erat
831 2345 912 2399 nota
927 2336 962 2399 in
987 2334 1130 2413 ludaeis,
1151 2344 1327 2419 propterea
1350 2357 1437 2400 nunc
1459 2337 1561 2402 dicit:
1582 2337 1623 2400 lu
1638 2337 1787 2402 amnibus

425 2440 578 2525 gentibus
592 2439 740 2503 salutare
763 2446 866 2504 tuum.
883 2439 960 2503 Non
987 2440 1019 2503 in
1037 2459 1105 2504 uno
1131 2439 1267 2523 popula,
1282 2441 1340 2504 sed
1370 2440 1402 2504 in
1419 2442 1547 2506 cunctis
1562 2443 1728 2525 gentibus
1744 2443 1785 2506 Iu

430 2543 737 2628 amnibusgcntibus
747 2543 894 2608 salutare
905 2552 1007 2606 tuum.
1025 2543 1094 2608 Ubi
1110 2562 1171 2606 nos
1188 2541 1350 2607 habemus
1366 2544 1400 2608 in
1417 2543 1521 2610 latino
1537 2550 1544 2578 ‘
1561 2546 1706 2610 salutare
1717 2547 1734 2624 '‚
1750 2547 1783 2610 in

430 2652 595 2716 hebraeo‘
614 2648 730 2713 lesus'
752 2649 880 2713 dicitur.
902 2647 1056 2730 Denique
1084 2656 1117 2710 et
1132 2645 1271 2728 angelus
1287 2645 1350 2710 hoc
1371 2647 1538 2732 loquitur:
1555 2654 1562 2681 ‘
1580 2650 1624 2714 Et
1640 2652 1784 2730 vocabis,
1803 2669 1835 2707 20

430 2756 546 2840 inquit,
562 2773 684 2818 nornen
698 2753 768 2817 eius
787 2751 914 2816 lesum:
930 2751 982 2814 hic
999 2753 1088 2814 enim
1104 2749 1246 2814 salvabit
1258 2750 1421 2835 populum
1439 2773 1535 2819 suum
1546 2755 1562 2819 ’.
1578 2755 1619 2818 In
1635 2756 1785 2821 amitibus

423 2858 576 2944 gentibus
599 2858 747 2922 salutare
770 2866 872 2922 tuum.
900 2857 987 2920 Ecce
1014 2854 1206 2938 conpletum
1232 2865 1292 2932 est,
1318 2857 1408 2939 quod
1439 2860 1583 2942 apostoli
1613 2861 1782 2945 deprecati

429 2979 520 3032 sunt:
537 2968 569 3030 in
580 2963 736 3029 omnibus
752 2964 908 3047 gentibus
925 2971 1041 3025 notum
1057 2969 1108 3023 est
1125 2958 1269 3024 salutare
1281 2960 1360 3023 eius.
1378 2959 1601 3047 Quocumque
1617 2965 1784 3031 humanus

429 3092 539 3138 sermo
555 3092 627 3135 esse
644 3079 764 3152 potest¹
781 3068 825 3132 ibi
846 3069 937 3131 lesus
954 3075 1096 3130 resonat.

475 3175 700 3258 construantur
713 3172 776 3236 tibi
782 3172 896 3254 papuli
911 3169 1009 3246 Deus,
1023 3169 1430 3253 confiteanturtc'bipopuli.
1445 3173 1644 3237 ludaeorum
1657 3175 1669 3238 l
1684 3173 1714 3237 N
1717 3197 1760 3239 on
1778 3201 1784 3240 :
1803 3193 1833 3245 25

424 3281 535 3363 populi
548 3299 664 3342 acutas.
681 3276 862 3360 Quomodo
884 3293 1001 3338 ornnes
1016 3283 1142 3356 gentes,
1158 3274 1205 3338 sie
1228 3285 1261 3339 et
1276 3295 1394 3340 omnes
1418 3276 1542 3360 populi.
1562 3274 1786 3362 confiteantur

430 3384 491 3449 tibi
503 3381 618 3467 papuli
639 3381 738 3446 Deus.
754 3379 844 3464 Quid
860 3376 1107 3442 confiteantur?
1132 3379 1246 3462 utique
1261 3388 1399 3462 peccata
1423 3400 1493 3460 sua,
1508 3382 1559 3446 vel
1577 3393 1665 3447 certe
1681 3383 1783 3449 confi·

430 3499 562 3555 teantur
589 3487 768 3569 imaginem
794 3495 886 3549 tuam
911 3503 983 3547 esse
1009 3483 1042 3546 in
1059 3491 1114 3547 te:
1142 3483 1174 3546 in
1204 3483 1290 3548 Filio
1317 3495 1349 3549 te
1366 3484 1596 3565 confiteantur,
1612 3487 1645 3550 in
1673 3487 1730 3554 illo
1750 3500 1783 3555 te

429 3593 573 3670 videant,
589 3591 622 3654 in
640 3589 697 3654 illo
712 3599 746 3654 te
761 3589 908 3652 adorent.
924 3585 1103 3650 Laetantur
1116 3595 1147 3649 ct
1158 3587 1425 3671 curcltcutgcutcs.
1436 3586 1605 3671 Quoniam
1621 3589 1664 3652 de
1679 3589 1783 3671 capti·

429 3697 532 3761 vitate
557 3693 683 3759 diaboli
711 3692 869 3757 liberatae
884 3701 982 3769 sunt;
1009 3692 1167 3774 quoniam
1192 3691 1342 3774 quiante
1368 3692 1626 3756 incurvabantur
1644 3691 1687 3756 ad
1704 3692 1783 3756 ado·
1802 3716 1835 3768 30

368 3783 376 3798 ’
428 3801 533 3865 sanda
550 3799 648 3876 idola,
665 3798 755 3881 ligna
771 3807 805 3862 et
821 3796 957 3880 lapides,
973 3815 1060 3860 nunc
1076 3807 1166 3860 recto
1182 3795 1275 3860 vultu
1291 3796 1401 3861 caelos
1417 3795 1606 3878 respiciunt.
1621 3794 1785 3874 Quoniam

430 3904 555 3970 iudicas
562 3903 697 3989 populos
712 3902 747 3968 iu
771 3901 940 3983 acquitate.
967 3900 1181 3983 Ubicumque
1196 3899 1347 3982 aequitas
1363 3908 1413 3964 est
1438 3907 1539 3982 atque
1554 3898 1722 3977 iudicium,
1738 3900 1783 3965 ibi

462 4131 475 4186 7
487 4121 575 4188 quare]
587 4127 646 4170 ante
656 4119 781 4184 pasciruus
793 4115 809 4185 β
821 4135 828 4177 ;
839 4115 931 4182 quaeri
935 4122 962 4180 p.
976 4131 1051 4179 quere
1061 4115 1137 4163 desid.
1152 4115 1174 4162 G
1187 4131 1195 4175 3
1206 4128 1270 4178 quac
1281 4112 1298 4163 S
1310 4126 1318 4172 3
1329 4113 1396 4178 quad
1406 4125 1462 4164 arn.
1476 4129 1532 4178 sup.
1546 4111 1590 4164 lin.
1606 4113 1645 4174 C;
1662 4129 1712 4166 om.
1727 4115 1781 4168 ΑΒ.

431 4219 457 4256 11
471 4214 493 4255 el
505 4207 598 4256 varicus
609 4211 632 4254 et
643 4204 698 4253 mla
710 4202 738 4252 C.
830 4199 952 4264 13qucm]
969 4198 1174 4263 quemadmodum
1187 4200 1213 4246 5.
1309 4196 1337 4246 in
1349 4198 1432 4259 caclr's]
1444 4198 1547 4246 incaelo
1564 4197 1594 4247 C.
1686 4199 1783 4260 29adc·

428 4285 493 4348 rent]
500 4291 599 4355 pluunt
610 4287 642 4338 G.
744 4280 913 4349 30qur']quac
926 4281 949 4350 β.
1051 4279 1260 4341 infirmabantur]
1277 4280 1454 4330 curvabamur
1470 4281 1497 4330 S.
1598 4279 1633 4328 ad
1647 4279 1784 4348 doraum]

426 4373 552 4424 adoranda
563 4373 595 4422 G.
697 4383 725 4434 31
740 4363 816 4427 idola]
827 4383 877 4417 om.
890 4367 968 4417 ASG.
1068 4360 1372 4430 rcrtalcrcctalluractu
1384 4364 1417 4414 G.
1517 4363 1600 4428 caelas]
1612 4365 1705 4413 caelum
1715 4363 1742 4415 S.

468 4583 495 4639 4.
511 4560 608 4646 suum]
624 4566 668 4624 Ps.
689 4581 734 4638 17,
750 4582 796 4622 12,
1178 4575 1220 4632 ¹3·
1236 4551 1372 4636 aeterra]
1391 4555 1496 4615 Manu.
1514 4559 1541 4629 6,
1562 4576 1605 4616 10.

470 4651 495 4708 6.
512 4649 599 4707 a'rcxta
610 4641 781 4726 apostolum]
795 4644 909 4706 Coloss.
929 4663 954 4716 1,
969 4643 1015 4701 πό.
1174 4657 1216 4714 1⁵-
1233 4634 1306 4718 cius]
1323 4639 1365 4696 l's.
1385 4655 1399 4713 7
1405 4654 1431 4714 ς,
1450 4657 1475 4699 a.

473 4717 522 4791 11..
532 4739 560 4791 et
573 4725 691 4810 rumas]
709 4729 752 4788 10.
773 4747 817 4802 14,
834 4729 860 4786 6.
1172 4741 1216 4779 21.
1232 4715 1331 4800 sucurre]
1348 4720 1455 4780 Matth.
1475 4739 1500 4794 1,
1515 4739 1560 4781 21.
