4092 5502
584 451 839 514 TRACTATUS
862 453 919 512 DE
943 451 1111 514 PSALMO
1132 452 1253 516 CXLV.
1509 453 1585 535 291

240 672 339 734 estet
354 669 505 734 doctriua
521 666 681 732 caelestis.
709 669 921 753 Quicumque
936 687 1057 752 panem
1075 667 1174 732 istum
1191 667 1357 750 acceperit
1373 675 1406 731 et
1422 675 1590 732 saturatus

241 773 347 851 luerit,
362 771 442 856 quid
461 770 540 837 fiet?
556 770 671 853 Quid?

283 876 448 940 Dominus
462 876 561 940 solvit
573 875 758 959 conpedilos.
774 876 812 941 Si
827 875 975 940 animam
993 883 1142 940 nostram
1159 875 1220 938 iste
1236 873 1332 956 panis
1353 873 1513 950 refecerit,
1528 873 1592 938 hoc

241 989 291 1043 est
306 999 416 1043 sermo
432 979 564 1042 divinus
580 988 614 1042 et
629 979 781 1043 doctrina
805 980 966 1057 caelestis,
981 980 1095 1043 statim
1112 979 1214 1060 pedes
1231 977 1344 1056 nostri,
1360 979 1416 1060 qui
1433 978 1591 1062 conligati

209 1099 221 1152 5
240 1081 379 1158 lucrant,
401 1080 583 1145 solvuntur.
600 1080 766 1145 Dominus
782 1081 882 1147 solvit
897 1083 1105 1164 conpeditos.
1122 1081 1167 1145 Et
1193 1081 1339 1145 Lazarus
1356 1081 1478 1163 ligatus
1498 1089 1591 1157 erat;

240 1197 274 1250 et
288 1188 397 1252 dixit:
423 1190 430 1218 ‘
448 1184 575 1251 Solvite
601 1205 677 1250 eum
695 1187 896 1254 ’.Dominus
922 1188 1021 1252 solvit
1047 1186 1254 1269 conpeditus.
1272 1186 1316 1250 Et
1333 1184 1400 1248 filia
1416 1185 1590 1248 Abraham

239 1293 404 1356 decernet
430 1299 508 1354 octo
531 1289 628 1354 annis
656 1291 829 1356 incurvata
857 1291 963 1356 luerat
988 1301 1022 1355 et
1048 1289 1345 1367 vincta;solvitur,
1362 1290 1444 1353 etin
1461 1286 1591 1352 caelum

239 1395 380 1478 respicit
398 1393 521 1458 Videte
537 1394 618 1476 quid
635 1394 681 1458 ibi
697 1395 817 1458 dicitur
841 1395 873 1458 in
900 1396 1082 1477 evangelio.
1098 1399 1105 1426 ‘
1124 1393 1168 1458 Et
1192 1413 1277 1470 ecce,
1293 1392 1410 1476 inquit,
1425 1392 1590 1475 quaedam

239 1508 312 1564 erat
327 1496 454 1576 mulier,
469 1517 556 1582 quae
582 1499 735 1580 spiritum
753 1497 956 1563 infirmitatis
984 1499 1131 1563 habebat
1146 1498 1263 1563 decem
1283 1509 1316 1562 ct
1331 1506 1409 1561 octo
1424 1498 1521 1560 annis
1536 1519 1543 1561 :
1559 1506 1593 1559 et

191 1623 223 1660 ro
240 1621 306 1665 non
332 1610 474 1684 poterat,
501 1602 619 1685 inquit,
646 1602 775 1666 elevare
801 1604 945 1666 cervices
961 1603 977 1668 '.
1004 1602 1174 1685 Quoniam
1203 1601 1356 1685 spiritum
1389 1599 1592 1666 infirmitatis

238 1705 394 1784 habebat,
405 1707 566 1771 cervicem
585 1727 715 1772 sursum
734 1706 842 1770 levare
853 1726 919 1771 non
937 1716 1077 1790 poterat.
1092 1706 1259 1770 Dominus
1271 1705 1369 1769 solvit
1386 1705 1591 1787 conpeditos.

240 1811 308 1894 ipsi
325 1821 404 1876 sunt
420 1811 598 1894 conpedes,
613 1829 700 1894 quae
716 1818 750 1874 et
765 1829 888 1893 opera:
902 1810 1066 1894 siquidem
1084 1810 1207 1874 eadem·
1227 1820 1374 1893 peccata,
1389 1829 1476 1893 quae
1491 1808 1592 1872 cervi-

237 1935 292 1980 ces
309 1927 440 1980 nostras
457 1917 685 1999 excipiunter
702 1916 808 1997 ligant
824 1917 935 1996 pedes.
949 1913 1162 1998 Quicumque
1178 1915 1378 1997 conpeditus
1394 1923 1454 1992 est,
1464 1931 1593 1977 currere

238 2039 305 2086 non
332 2029 453 2103 potest.
478 2021 692 2105 Quicumque
720 2019 920 2102 conpeditus
947 2029 1007 2097 est,
1031 2021 1064 2082 in
1092 2020 1204 2084 stadio
1229 2019 1342 2102 Xpisti
1367 2039 1497 2084 currere
1525 2036 1592 2082 non

189 2145 218 2199 ις
236 2134 349 2208 potest
365 2150 371 2189 :
388 2135 649 2208 praegravantur
664 2124 753 2188 enim
778 2125 880 2208 pedes
896 2123 1112 2206 conpedibus,
1127 2133 1162 2188 et
1177 2131 1373 2205 premuntur
1399 2124 1431 2188 in
1448 2133 1545 2199 terra,
1559 2132 1594 2187 ct

237 2227 411 2312 conligunt
426 2249 487 2294 nos
504 2231 537 2292 in
555 2239 651 2294 terra.
669 2228 836 2292 Dominus
852 2227 953 2293 solvit
979 2228 1186 2309 conpeditos.
1204 2210 1330 2291 Videte
1345 2225 1505 2291 ordinem.
1524 2226 1593 2290 Dat

238 2353 348 2398 escam
376 2333 617 2398 esurientibus:
635 2335 779 2416 primunr
806 2332 978 2410 esurimus,
1004 2332 1127 2396 deinde
1151 2333 1333 2415 accipimus
1360 2331 1481 2396 cibum.
1506 2330 1591 2395 Cum

238 2448 350 2502 autem
379 2438 516 2503 saturati
545 2438 713 2516 fuerimus,
729 2437 904 2501 solvuntur
926 2438 1030 2521 pedes
1057 2438 1171 2516 nostri,
1185 2438 1242 2520 qui
1258 2437 1428 2520 conpediti
1453 2436 1593 2500 suerant.

238 2541 323 2606 Cum
341 2551 453 2606 autem
470 2543 639 2624 coeperint
657 2541 827 2606 ambulare
844 2541 953 2618 libere,
965 2542 1045 2624 quid
1059 2545 1222 2626 sequitur?
1233 2542 1399 2606 Dominus
1414 2541 1595 2604 inluminat

187 2669 219 2706 20
237 2666 348 2710 caecos.
363 2645 490 2710 Videte
508 2645 588 2727 quid
604 2645 703 2709 dicat.
721 2644 757 2710 Si
773 2645 816 2708 de
832 2645 940 2708 caecis
956 2645 1027 2709 istis
1043 2644 1243 2728 loqueretur,
1258 2646 1373 2712 debuit
1389 2645 1508 2720 dicere,
1524 2643 1592 2707 Do-

239 2751 348 2814 minus
364 2749 545 2813 inluminat
561 2768 687 2814 caecos.
705 2749 772 2815 Sed
791 2769 857 2814 non
873 2750 962 2814 dixit
979 2750 1042 2813 hoc
1055 2775 1062 2816 :
1077 2753 1135 2816 scd
1153 2750 1336 2816 secundum
1353 2750 1542 2814 hebraicam
1560 2757 1593 2811 et

237 2872 392 2937 graecam
409 2853 586 2916 veritatem
612 2853 692 2934 quid
717 2853 829 2919 dixit?
846 2859 852 2886 ‘
870 2853 1038 2917 Dominus
1054 2856 1222 2937 sapientes
1237 2855 1317 2919 lacit
1332 2872 1449 2917 caecos
1465 2852 1482 2919 ¹.
1498 2851 1535 2916 Si
1551 2852 1594 2915 de

238 2957 310 3021 istis
324 2957 428 3022 oculis
456 2957 646 3039 loqueretur
672 2957 787 3033 carnis,
803 2957 918 3021 debuit
934 2957 1054 3037 dicere,
1070 2960 1236 3024 Dominus
1254 2958 1431 3022 inluminat
1453 2976 1592 3020 caecos:

238 3079 325 3124 nunc
343 3079 421 3124 vero
436 3061 528 3139 dicit,
544 3061 711 3124 Dominus
727 3061 894 3142 sapientes
912 3061 990 3126 lacit
1006 3082 1131 3126 caecos.
1147 3069 1154 3095 ‘
1173 3063 1209 3128 Si
1223 3062 1323 3140 caeci,
1338 3061 1455 3145 inquit,
1467 3060 1594 3137 essetis,

186 3192 217 3244 25
237 3173 410 3246 peccatum
429 3183 495 3228 non
512 3163 679 3228 haberetis
696 3165 712 3228 ¹.
729 3163 796 3229 Cor
812 3175 963 3230 nostrum
980 3166 1198 3231 obcaecatum
1215 3175 1266 3230 est
1278 3167 1424 3231 tenebris
1441 3175 1594 3249 peccato-

237 3287 321 3331 rum.
338 3267 536 3349 Insipientia
547 3275 581 3330 et
597 3267 739 3331 stultitia
753 3267 910 3332 tenebrae
925 3269 1096 3333 oculorum
1114 3280 1302 3334 nostrorum
1316 3281 1401 3335 sunt.
1415 3270 1501 3335 Cum
1515 3287 1594 3352 ergo

237 3372 419 3436 esurientes
435 3369 548 3434 resecti
575 3370 741 3448 fuerimus,
757 3381 791 3435 et
818 3373 920 3454 pedes
937 3374 1041 3437 nostri
1058 3374 1187 3438 liberati
1215 3374 1345 3452 luerint,
1362 3383 1441 3438 tunc
1458 3374 1594 3455 incipiet

237 3485 270 3539 et
286 3474 402 3540 oculus
417 3475 528 3540 cordis
545 3473 650 3546 nostri
666 3476 778 3539 videre
788 3475 900 3540 lumen
917 3479 1007 3561 quod
1020 3478 1203 3560 aliquando
1216 3480 1415 3562 perdiderat,
1425 3487 1459 3542 et
1472 3477 1594 3541 habere

237 3581 446 3665 sapientiam.
464 3579 501 3644 Si
517 3578 656 3643 effectus
674 3579 772 3643 luerit
789 3581 931 3662 sapiens,
945 3583 1026 3664 quid
1044 3583 1215 3665 sequitur?

272 3767 280 3802 ι
290 3761 384 3820 ponem
397 3752 484 3812 istum]
496 3752 534 3802 Gl
547 3767 597 3801 om.
606 3759 706 3817 ponem.
800 3763 814 3800 2
818 3751 876 3816 fiet]
889 3753 910 3801 C
923 3752 981 3801 add.
995 3755 1027 3803 ei.
1123 3753 1219 3815 erriil]
1232 3769 1282 3802 om.
1297 3753 1344 3802 GI.
1436 3751 1594 3814 aconligali]

236 3838 369 3900 conligati
380 3836 408 3885 B.
510 3833 864 3896 susocionnomine&
878 3833 893 3900 β
907 3835 979 3884 inser.
996 3851 1064 3901 quae.
1165 3834 1303 3898 8illi]om.
1319 3835 1350 3885 G,
1451 3833 1595 3895 roolevore]

237 3919 318 3968 lovari
333 3917 384 3968 BG.
453 3917 565 3977 remores]
579 3915 638 3974 BC;
650 3917 751 3965 cervicis
763 3916 785 3965 G
797 3933 805 3976 3
816 3919 932 3966 cervium
946 3915 970 3983 β.
1049 3931 1077 3980 ¹3
1088 3918 1194 3979 nostras]
1205 3927 1303 3968 nostrae
1315 3918 1337 3968 C
1350 3919 1372 3977 (r
1383 3917 1441 3967 add.
1457 3932 1511 3981 sup,
1526 3916 1592 3975 lim).

239 4013 268 4064 15
275 4005 434 4068 premuntur
453 4001 481 4048 in
492 4003 572 4066 terro]
586 4006 613 4063 p.
628 3997 657 4046 in
675 4005 769 4048 lernam
782 3999 803 4048 C
815 4017 821 4057 ς
836 4007 863 4062 p.
877 4000 1016 4059 olcrro1;
1037 4016 1087 4049 non
1096 4009 1121 4064 p.
1136 4001 1171 4048 ad
1187 4009 1281 4050 terram
1294 4001 1325 4050 G.
1430 4001 1459 4050 16
1470 3999 1596 4064 configunt

238 4085 291 4146 nos]
302 4083 465 4149 configuntur
476 4080 499 4150 β.
585 4083 613 4130 in
624 4079 702 4140 terra]
715 4083 744 4130 in
755 4089 849 4132 terram
862 4081 906 4131 CI,
995 4096 1027 4132 2ο
1038 4084 1188 4148 loqueretur]
1200 4086 1315 4148 loquitur
1325 4084 1371 4134 Gl.
1457 4094 1488 4144 23
1499 4081 1595 4144 cornis]

237 4167 333 4216 carneis
347 4166 368 4216 1.
469 4178 502 4226 ²4
512 4165 584 4230 dicit]
597 4165 639 4214 Bc
651 4181 657 4224 ;
677 4165 774 4213 dicitur
786 4163 818 4230 β;
839 4165 906 4213 dr'xit
918 4165 939 4215 G
951 4185 958 4226 3
978 4167 1047 4215 diluit
1057 4174 1080 4216 el
1091 4182 1178 4216 oerum
1190 4168 1260 4216 dixit
1270 4168 1291 4215 l.
1393 4176 1423 4229 25
1435 4162 1595 4224 obcaecatum]

238 4247 390 4298 obcaecalum
402 4247 434 4297 G.
521 4246 553 4295 26
565 4245 727 4313 Insipienlr'a]
740 4249 768 4295 in
780 4247 856 4311 insip.
873 4247 922 4297 BC.
1007 4250 1133 4298 aculonem
1145 4249 1298 4310 nostrorum]
1310 4248 1375 4298 codd
1387 4265 1393 4305 ;
1406 4263 1456 4296 non
1467 4247 1594 4296 oculorum

238 4331 280 4381 sed
289 4345 387 4380 ntorum
401 4328 425 4397 β.
527 4343 559 4392 29
561 4328 658 4394 suerii]
671 4330 691 4380 C
703 4345 757 4394 sup.
772 4329 815 4380 lin.
831 4337 911 4380 mutat
923 4337 934 4380 l
945 4331 970 4380 in
981 4348 1000 4380 s.

279 4484 308 4539 6.
322 4477 398 4560 euni]
412 4481 455 4540 Io.
476 4499 519 4553 11,
537 4498 583 4552 44
943 4483 1089 4542 Dominus
1102 4482 1242 4559 sopirnlrs
1258 4481 1337 4559 facit
1350 4499 1447 4554 coecos,
1475 4478 1536 4540 sive
1561 4489 1594 4536 ut

283 4581 326 4621 ro.
343 4559 469 4642 corones]
485 4563 556 4619 Luc.
577 4580 621 4637 13,
641 4580 685 4619 11.
941 4563 970 4623 in
986 4563 1083 4623 latinis
1098 4562 1254 4624 codicibus
1269 4563 1374 4640 legitur
1399 4563 1547 4621 Dominus
1560 4561 1593 4619 il·

282 4665 327 4702 22.
343 4645 482 4720 sopr'rnles
498 4642 526 4718 fl
542 4641 643 4724 coecos]
661 4644 785 4705 Hieron.
803 4643 833 4703 in
850 4645 887 4704 ls.
941 4645 1069 4703 lunu'not
1081 4664 1169 4704 coecos
1180 4646 1195 4704 ¹.

242 4745 288 4803 54,
310 4741 342 4800 ¹5
366 4726 433 4786 ‘De
457 4724 565 4801 quibus
581 4724 610 4784 in
636 4724 757 4802 psalmis
782 4724 890 4786 dicitur
985 4747 998 4784 2
1004 4742 1029 4802 5.
1044 4746 1100 4785 non
1114 4721 1266 4805 haberetis]
1283 4727 1325 4785 Io.
1345 4745 1371 4801 9,
1384 4744 1431 4798 41.
