4112 5496
449 417 505 520 48
902 439 1057 502 saucrr
1087 437 1342 500 uranourm
1706 439 1806 525 [νωνω

451 679 539 766 quo
563 657 690 739 Pater
710 654 902 764 loquitur
938 653 981 736 in
1017 654 1266 765 evangelio:
1292 663 1301 696 ‘
1326 656 1412 739 Hic
1431 667 1497 741 est
1520 656 1660 741 Filius
1684 685 1805 742 meus
1848 657 1851 662 ’

451 793 645 893 dilectus,
685 794 847 905 inquo
883 792 988 875 mihi
1011 791 1235 904 conplacui
1258 793 1277 876 ’.
1303 795 1354 875 A
1377 793 1572 878 domibus
1597 795 1803 894 eburneis,

452 932 693 1042 dequibus
728 932 1080 1040 laetificaverunt
1118 938 1170 1015 te.
1218 932 1348 1017 Multi
1390 961 1463 1046 per
1502 962 1687 1020 errorem
1730 963 1807 1046 pro

392 1158 395 1164 ,
451 1068 656 1153 domibus
679 1077 862 1181 ‘graves
884 1068 891 1098 '
913 1067 1085 1152 dicunt:
1122 1069 1225 1180 quia
1255 1071 1370 1182 apud
1409 1071 1594 1156 Graecos
1626 1071 1804 1155 verbum

449 1217 568 1310 βαρέων
588 1219 822 1318 utrumque
839 1206 1063 1318 significat.
1079 1209 1110 1290 l
1107 1235 1135 1290 n
1138 1207 1340 1316 fimbriis
1351 1209 1507 1292 anneis.
1521 1209 1806 1294 Circnntdoto
1846 1239 1861 1290 s

452 1347 695 1430 verietate:
717 1345 784 1428 hic
815 1371 968 1427 versus
1003 1346 1045 1427 in
1069 1345 1263 1430 hebraeis
1297 1346 1595 1430 voluminibus
1624 1375 1710 1430 non
1732 1348 1807 1430 ha·

451 1482 585 1567 betur.

1011 1665 1014 1670 '
1036 1647 1224 1729 XLVII.

507 1925 684 2006 Montes
712 1923 829 2021 Sion,
864 1922 1008 2004 latero
1039 1921 1267 2032 oqniloen's.
1304 1922 1419 2030 Quia
1441 1932 1450 1964 ‘
1472 1924 1622 2008 boreas
1651 1937 1806 2009 ventus

452 2075 518 2146 est
539 2060 675 2145 durus
697 2062 717 2160 ’‚
740 2075 782 2144 et
807 2067 856 2142 ‘a
878 2060 1006 2144 borea
1026 2061 1301 2145 exardescent
1323 2061 1436 2145 mala
1452 2063 1471 2164 ’‚
1496 2089 1649 2147 omnes
1670 2063 1804 2148 sancti
1829 2099 1861 2136 ιο

450 2200 662 2300 ecclesiae,
681 2198 754 2311 qui
779 2209 947 2282 montes
967 2213 1176 2282 vocantur
1198 2199 1318 2299 Sion,
1338 2199 1697 2311 temptationibus
1717 2201 1806 2285 dia-

451 2338 538 2422 boli
560 2337 743 2448 expositi
767 2349 879 2420 sunt.
896 2338 951 2419 ln
971 2338 1135 2447 spiritu
1155 2338 1397 2422 venementi
1413 2338 1658 2449 confringes
1677 2366 1808 2423 noves

457 2477 499 2558 T
494 2475 652 2559 narses.
691 2474 873 2558 Tharsis
913 2475 1082 2586 proprie
1123 2502 1238 2559 mare
1274 2476 1602 2587 interpretatur:
1637 2488 1807 2580 ὁμωνύμως

450 2626 594 2698 autem
618 2641 732 2697 unus
764 2611 817 2697 de
838 2613 1063 2698 duodecim
1088 2612 1305 2724 lapidibus
1327 2614 1407 2699 hoc
1437 2614 1647 2700 vocabulo
1669 2615 1806 2699 nomi-

452 2762 589 2850 natur,
609 2777 660 2833 eo
673 2749 790 2860 quod
806 2748 936 2832 maris
952 2749 1104 2834 habeat
1117 2752 1295 2837 caerulei
1309 2765 1352 2836 et
1365 2753 1594 2838 viridantis
1607 2754 1800 2839 colorem.
1831 2788 1864 2842 ις
1952 2729 1958 2738 '

480 2985 723 3051 3laetr'ficavernnl]
744 2981 855 3052 ΕΑΜβ;
888 2984 1072 3034 delectaverunt
1090 2987 1121 3036 C.
1221 2989 1364 3052 9Mentes]
1384 2989 1460 3038 EAM
1483 2989 1570 3049 LXX;
1605 3005 1674 3038 errans
1691 2990 1712 3039 C
1728 2989 1802 3054 Vulg.

451 3079 481 3118 to
489 3069 657 3132 exardescent]
670 3069 762 3126 EAM:
796 3068 1000 3118 exardescente.
1105 3068 1329 3134 taeonseingesJC
1346 3065 1503 3140 (συντρίψεις
1516 3071 1614 3132 LXX);
1648 3071 1807 3136 rorrjdngens

450 3151 536 3201 EAM.
640 3163 669 3214 13
681 3144 844 3214 ὁμωνύμως]
854 3150 988 3200 omonimos
1000 3149 1086 3200 ΕΔΜ.
1119 3181 1126 3188 -

490 3363 515 3402 2.
538 3335 699 3420 conplaceo]
719 3339 828 3400 Mattb.
854 3359 881 3415 3,
912 3355 956 3414 17.
977 3371 1012 3382 -
1029 3336 1101 3399 Hie·
1192 3360 1219 3417 9.
1243 3351 1342 3404 ventus
1356 3352 1399 3404 est
1410 3341 1515 3426 durus]
1532 3343 1622 3406 Eccli.
1636 3363 1684 3422 43,
1697 3365 1734 3404 20
1744 3363 1805 3406 sec.

448 3441 509 3484 ron.
537 3441 583 3501 ep.
601 3423 649 3500 65,
675 3440 703 3481 n.
719 3440 758 3493 4:
775 3419 975 3483 ‘Carissimus
1000 3431 1100 3480 autem
1153 3422 1257 3482 LXX:
1273 3425 1487 3500 papetranus:
1499 3429 1532 3499 βο
1552 3423 1605 3493 ἕης.

448 3503 497 3566 ille
511 3515 556 3565 est
570 3504 610 3564 de
624 3521 723 3580 quo...
740 3502 928 3580 evangelium
943 3523 950 3562 ι
973 3500 1035 3561 Hic
1056 3511 1101 3562 est
1197 3525 1239 3564 ιο.
1251 3503 1436 3564 exardescent
1448 3448 1691 3582 malaiHierem.
1712 3523 1736 3577 r,
1751 3521 1806 3577 ¹4²

448 3585 525 3646 lilius
540 3602 624 3645 meus
639 3583 775 3657 dilectus,
792 3584 822 3642 in
837 3601 899 3661 quo
925 3581 998 3642 mihi
1022 3581 1101 3644 bene
1151 3582 1217 3641 ’lat
1226 3583 1375 3657 προσώπου
1389 3582 1473 3719 poppa
1484 3581 1674 3651 ἐκκαυθήσεται
1682 3585 1716 3637 τὰ
1723 3583 1804 3639 κακά.

447 3665 606 3745 conplacui
621 3668 639 3726 ’.
1152 3661 1278 3724 Hieron.
1291 3677 1339 3737 ep.
1353 3662 1426 3736 78‚u
1449 3659 1510 3721 ide
1521 3670 1625 3736 quarta
1636 3659 1805 3720 mansione:

490 3765 515 3826 5.
538 3743 694 3827 srgnrfieat]
720 3745 846 3806 Hieron.
872 3763 919 3823 ep.
937 3748 984 3822 65,
1002 3763 1030 3804 n.
1051 3765 1101 3818 14:
1152 3745 1326 3820 ‘possessor
1341 3740 1499 3817 Aquilonis
1515 3739 1595 3801 venti
1615 3739 1805 3818 frigidissimi,

450 3835 457 3863 ‘
473 3832 530 3889 Pro
545 3830 680 3906 eoquod
696 3847 750 3889 nos
762 3827 1102 3887 transtulimusdomibus
1150 3843 1243 3902 aquo
1264 3821 1455 3884 inardescunt
1470 3823 1548 3882 mala
1563 3841 1651 3899 super
1666 3835 1773 3890 terram
1788 3823 1804 3882 ’.

447 3910 586 3982 eburneis,
613 3909 684 3987 quia
709 3909 738 3969 in
761 3927 868 3985 graeco
889 3908 1031 3986 scriptum
1056 3918 1101 3969 est
1195 3922 1238 3983 15.
1252 3900 1550 3983 or'rt'dentr'scolorem]
1562 3903 1687 3964 Hieron.
1698 3923 1743 3980 ep.
1756 3921 1805 3980 37,

449 3992 502 4048 ἀπὸ
521 3990 625 4064 βαρέων
642 3989 824 4065 ἐλεφαντίνων,
849 3989 972 4066 quidam
997 3988 1102 4050 latino
1152 4005 1179 4046 n.
1198 4007 1231 4046 2:
1248 3985 1403 4062 ‘Quaeris
1419 3985 1444 4046 si
1458 3983 1579 4046 Tharais
1594 3983 1668 4063 lapis
1689 3985 1807 4062 chryso-

448 4089 513 4130 rum
528 4070 569 4129 ob
584 4067 665 4130 verbi
687 4068 911 4145 ambiguitatem
927 4092 946 4130 a
961 4071 1102 4148 gravibus
1151 4067 1241 4128 lithos
1255 4067 1302 4141 sit,
1319 4079 1350 4128 ut
1365 4066 1473 4128 diversi
1495 4065 1670 4144 interpretes
1691 4068 1805 4138 volunt,

449 4149 632 4228 interpretati
649 4161 717 4210 sunt
733 4150 748 4208 '.
1151 4151 1189 4209 ad
1204 4149 1290 4209 cuius
1303 4149 1412 4209 coloris
1426 4147 1652 4209 similitudinem
1669 4147 1727 4209 Dei
1741 4166 1808 4226 spe-

490 4235 516 4291 6.
546 4231 594 4290 iric
619 4227 729 4310 versus]
762 4233 862 4292 Immo
894 4234 956 4293 duo
984 4243 1100 4292 tantum
1150 4229 1212 4292 cies
1234 4229 1401 4290 scribatur:
1426 4248 1519 4307 quare
1544 4231 1634 4289 Ionas
1660 4229 1806 4308 propbeta

448 4313 553 4374 ultima
581 4313 736 4384 vocabula,
765 4311 850 4374 cuius
879 4313 920 4375 rei
950 4313 1032 4374 testis
1057 4325 1101 4374 est
1151 4311 1272 4372 Tharsis
1288 4310 1329 4371 ire
1345 4312 1420 4372 velle
1434 4311 1559 4384 dicatur,
1575 4321 1605 4371 et
1621 4312 1764 4372 Salomon
1775 4323 1807 4372 et

448 4395 512 4474 ipse
543 4394 747 4471 Hieronymus
775 4394 805 4454 in
832 4397 952 4456 laudata
976 4393 1102 4473 epistula
1153 4394 1294 4470 Iosophat
1310 4392 1340 4452 in
1356 4393 1529 4471 Regnorum
1555 4390 1636 4452 libris
1652 4411 1742 4453 naves
1757 4393 1807 4452 ha·

449 4495 476 4537 n.
498 4493 553 4554 15:
570 4475 813 4552 ‘Astr'tr'tregr'na
827 4496 847 4535 o
861 4477 972 4537 dextn's
991 4478 1049 4537 tter}
1069 4477 1101 4535 r’n
1152 4475 1278 4548 buerint,
1307 4493 1384 4550 quae
1409 4476 1449 4535 de
1476 4472 1597 4533 Tharsis
1622 4473 1726 4535 solitae
1747 4473 1807 4534 sint

448 4558 551 4618 vestitu
584 4559 732 4617 deaurato.
770 4559 923 4636 Quodque
957 4557 1099 4634 sequitur,
1152 4574 1287 4617 exercere
1302 4554 1489 4617 commercia.
1507 4556 1555 4615 Ad
1564 4556 1648 4633 quod
1658 4554 1750 4615 facilis
1761 4567 1808 4616 est

447 4641 625 4700 circnnrdate
646 4640 794 4713 venerare,
818 4651 942 4718 excepta
968 4639 1101 4700 editione
1152 4636 1316 4715 responsio,
1346 4635 1490 4707 ὁμώνυμον
1518 4655 1583 4698 esse
1615 4636 1807 4710 vocabulum,

450 4723 576 4799 Vulgata
590 4722 689 4781 nullus
703 4720 895 4800 interpretum
922 4721 1070 4783 transtulit
1084 4721 1102 4783 ’.
1153 4721 1236 4796 quod
1248 4733 1277 4780 et
1294 4714 1399 4778 Indiae
1414 4716 1495 4792 regio
1520 4718 1560 4778 ita
1581 4721 1754 4796 appelletur,
1777 4731 1807 4780 et
