4202 5492
458 413 537 508 128
819 437 848 498 s
872 437 1128 500 menonem
1150 435 1415 499 pensaurum

452 649 593 716 alteram
618 651 792 717 maxillam
812 654 861 718 :si
888 654 948 720 tibi
974 655 1029 719 ille
1057 654 1233 733 malefacit,
1248 664 1284 719 tu
1312 652 1359 718 illi
1384 651 1436 717 iac
1461 652 1612 717 benezsi
1639 651 1729 716 enim
1745 650 1808 717 hoc

450 751 748 832 recenseamus
765 757 851 839 ignis
873 758 1093 842 congregabis
1108 779 1207 842 super
1223 767 1324 841 caput
1340 757 1418 822 eius.
1436 757 1536 841 Quod
1553 755 1644 836 dicit,
1658 756 1722 822 hoc
1737 764 1808 821 est:

453 857 634 934 mundabis
661 879 737 924 eum
763 881 783 924 a
809 859 948 943 peccato
962 883 970 939 ;
985 862 1134 927 vincetur
1160 863 1249 926 enim
1266 861 1445 926 crudelitas
1461 859 1549 925 illius
1565 859 1727 945 patientia
1742 866 1808 924 tua.

449 961 491 1050 ¹Si
508 963 664 1046 sagittam
689 965 813 1049 dirigas
831 966 862 1028 in
881 965 1036 1047 lapidem,
1052 975 1086 1030 et
1102 967 1187 1050 lapis
1202 967 1304 1031 durus
1322 964 1427 1043 fuerit,
1443 984 1509 1028 non
1528 963 1635 1029 solum
1653 981 1719 1028 non
1736 958 1807 1025 inii·

455 1065 553 1148 gitur,
568 1068 626 1132 sed
644 1069 766 1134 resilit:
783 1067 830 1134 sic
846 1069 1000 1134 inimicus
1017 1080 1094 1135 tuus
1110 1071 1137 1134 si
1161 1081 1195 1135 te
1221 1071 1428 1153 percusserit,
1443 1077 1477 1134 et
1503 1085 1714 1151 repercussus
1739 1084 1805 1129 non
1843 1082 1860 1137 5

456 1168 562 1250 suerit,
578 1173 739 1254 patientia
756 1184 814 1238 tua
829 1185 1003 1256 superatus
1018 1177 1060 1239 ad
1079 1174 1216 1240 meliora
1232 1184 1420 1241 revertetur.

504 1273 672 1358 Usquequo
687 1285 866 1358 peccatores
881 1277 1030 1356 Domine,
1047 1298 1205 1362 usqueque
1221 1288 1400 1363 peccatores
1422 1277 1685 1362 glorrbbuntur?
1708 1274 1807 1358 Inpa-

456 1376 574 1441 tientia
600 1377 747 1458 humana
776 1400 842 1444 non
869 1381 940 1445 vult
969 1382 1078 1447 Deum
1105 1383 1227 1448 habere
1253 1383 1459 1466 patientiam.
1477 1381 1601 1458 Miseri,
1626 1379 1684 1462 qui
1712 1375 1807 1442 nobis

455 1481 608 1544 volumus
624 1482 736 1546 Deum
754 1503 825 1546 esse
841 1483 1037 1567 patientem,
1052 1494 1085 1548 et
1102 1485 1243 1549 inimicis
1260 1486 1489 1569 inpatientem.
1505 1483 1541 1549 Si
1568 1481 1706 1568 quando
1732 1497 1807 1564 pec·

454 1603 579 1661 camus,
594 1585 778 1667 patientem
796 1587 949 1670 cupimus
965 1612 972 1652 :
988 1588 1014 1651 si
1031 1589 1168 1671 quando
1183 1588 1303 1671 aliquis
1318 1587 1351 1651 in
1370 1607 1430 1652 nos
1445 1587 1631 1670 deliquerit,
1648 1585 1681 1648 in
1698 1583 1805 1666 ipsum
1829 1605 1862 1643 ro

451 1707 533 1772 non,
550 1687 703 1752 volumus
729 1710 801 1754 esse
826 1692 1010 1774 patientem
1035 1692 1157 1757 Deum.
1177 1693 1531 1776 Usquequopeccotores
1544 1683 1808 1774 gloriabuntur?

452 1791 532 1856 Non
549 1792 597 1855 eis
612 1791 732 1857 sufficit
749 1813 896 1876 peccare,
907 1797 966 1860 sed
983 1797 1085 1859 etiam
1102 1797 1134 1860 in
1152 1797 1297 1880 peccatis
1324 1795 1515 1880 gloriantur.
1533 1795 1645 1858 Prima
1671 1787 1806 1855 infelici·

453 1903 505 1957 tas
520 1904 571 1959 est
587 1914 744 1977 peccare:
760 1897 907 1962 secunda
923 1898 1108 1978 infelicitas,
1133 1899 1238 1964 immo
1263 1899 1453 1976 novissima,
1478 1917 1544 1961 uon
1572 1914 1671 1979 agere
1695 1889 1806 1976 paeni-

454 1999 603 2063 tentiam.
617 1999 675 2063 lsti
692 2019 772 2083 ergo
787 2011 978 2084 peccatores
995 2022 1062 2066 non
1079 2003 1187 2067 solum
1205 2023 1271 2067 non
1288 2002 1428 2067 flectunt
1443 1999 1615 2075 cervicem,
1630 1995 1688 2060 sed
1705 1993 1807 2058 libere

456 2113 533 2184 post
549 2113 722 2185 peccatum
739 2126 836 2169 suum
854 2105 1046 2188 gloriantur.
1829 2124 1860 2179 ι5

497 2204 701 2288 Effobuntur
712 2217 745 2271 et
759 2210 929 2291 loquentur
943 2210 1157 2293 iniquitatem.
1176 2210 1310 2294 Proprie
1325 2211 1388 2274 hoc
1405 2210 1448 2274 de
1464 2202 1636 2270 haereticis
1654 2198 1807 2284 loquitur.

458 2307 648 2390 Loquentnr
659 2331 768 2373 omnes
781 2311 840 2392 qni
854 2322 1029 2395 operantur
1043 2313 1258 2396 iniquitatem.
1275 2313 1398 2378 Videte
1413 2312 1546 2394 signum
1560 2332 1567 2373 :
1583 2305 1638 2391 qui
1656 2301 1743 2369 male
1758 2301 1805 2365 lo·

457 2412 577 2493 quitur,
593 2433 728 2477 necesse
743 2423 793 2478 est
810 2425 846 2479 ut
862 2415 949 2479 male
965 2416 1072 2482 faciat
1088 2417 1165 2480 ‘Ex
1182 2416 1389 2481 abundantia
1404 2415 1493 2479 enim
1510 2411 1619 2477 cordis
1635 2430 1673 2473 os
1700 2404 1805 2489 loqui·

457 2522 518 2578 tur.
535 2513 543 2541 ¹
560 2515 773 2600 Ubicumque
789 2519 993 2582 conscientia
1008 2519 1182 2584 vulnerata
1197 2528 1257 2597 est,
1273 2520 1318 2592 ibi
1335 2518 1369 2582 in
1381 2538 1438 2582 ore
1454 2517 1550 2582 facile
1565 2521 1729 2599 peccatur.

493 2617 655 2700 Populum
672 2630 765 2684 tuum
783 2621 923 2686 Domine
938 2623 1203 2688 leuuu'liovenent.
1218 2625 1358 2708 Semper
1373 2622 1435 2686 Dei
1452 2621 1595 2706 populus
1604 2614 1805 2691 humiliatur,
1825 2647 1859 2684 20

453 2719 517 2784 Dei
535 2722 678 2804 populus
693 2724 901 2808 obprimitur.
915 2725 1079 2809 Populum
1102 2737 1196 2792 tuum
1211 2727 1352 2791 Domine
1375 2725 1642 2790 humiliaverunt.
1658 2716 1805 2802 Populus
1852 2803 1854 2808 Ι

452 2822 516 2888 Dei
532 2825 733 2906 humiliatur,
749 2839 782 2892 et
799 2829 947 2896 imitatur
962 2830 1073 2893 Deum
1090 2831 1148 2913 qui
1163 2831 1357 2895 humiliatus
1375 2828 1434 2894 suit
1451 2838 1484 2892 et
1501 2829 1591 2893 mitis
1606 2824 1718 2889 corde.

503 2927 645 2992 Viduam
671 2939 704 2993 et
725 2931 886 2995 aduenam
914 2933 1152 3016 interfecerunt,
1166 2943 1198 2998 et
1215 2934 1358 3017 pupillos
1380 2933 1583 2998 occr'denent:
1598 2938 1629 2993 et
1641 2927 1804 3000 dicerunt,

451 3031 528 3095 Non
554 3033 677 3098 orilebr't
700 3034 871 3104 Dominus.
888 3039 982 3104 Licet
1009 3041 1072 3104 hoc
1099 3039 1311 3104 manifestum
1340 3038 1382 3103 sit
1407 3037 1590 3104 secundum
1611 3027 1805 3096 historiam:

449 3155 581 3220 semper
607 3137 696 3202 enirn
721 3139 923 3225 quicumque
950 3143 1117 3224 praesidio
1133 3145 1270 3227 indiget,
1286 3142 1382 3208 facile
1403 3141 1612 3226 obprimitur,
1627 3145 1661 3201 et
1676 3138 1804 3220 quantO
1822 3164 1855 3219 ας

450 3239 571 3323 aliquis
597 3241 754 3306 humilior
781 3243 887 3322 luerit,
903 3255 998 3311 tanto
1026 3247 1080 3311 ille
1105 3248 1222 3331 magis,
1238 3247 1294 3332 qui
1321 3247 1489 3329 obprimit‚
1505 3241 1645 3308 offendit
1671 3237 1804 3311 Deum;

449 3353 561 3408 tamen
591 3351 625 3409 et
651 3348 839 3412 secundum
868 3349 1116 3434 trophologiam
1148 3351 1411 3435 interpretemur.
1445 3350 1608 3414 Dixeram
1640 3341 1729 3408 enim
1761 3337 1804 3400 de

448 3447 622 3513 haereticis
637 3449 700 3514 hoc
721 3451 797 3530 dici,
812 3451 959 3518 Viduam
988 3465 1021 3520 et
1038 3456 1201 3521 advenam
1218 3467 1253 3520 et
1272 3457 1444 3520 advenam
1473 3447 1733 3518 interfecerunt:
1756 3439 1803 3504 vi·

480 3635 683 3698 3ue‘ncetur183
701 3636 816 3686 vincitur
836 3635 949 3704 pilum
969 3641 1085 3691 ue'ntr'ner
1103 3642 1142 3700 B;
1160 3642 1308 3694 vindicatur
1326 3643 1354 3704 (u
1366 3641 1392 3692 in
1403 3645 1427 3705 o)
1446 3643 1477 3693 C.
1578 3634 1700 3697 SDeurn]
1717 3631 1769 3682 D‘f
1786 3627 1802 3697 β

448 3715 753 3776 neomsmeusno.
831 3719 937 3782 mun]
951 3720 1056 3790 esaar.
1071 3738 1121 3772 ms.
1203 3721 1366 3789 rumpemus]
1378 3723 1490 3792 poma.
1504 3722 1597 3772 omn.
1669 3709 1802 3780 rausum]

447 3796 476 3845 e'n
495 3797 549 3862 e'pro
563 3797 593 3848 C.
683 3799 867 3862 -22r'rur'tatur1
886 3802 1032 3853 intentatur
1049 3805 1070 3855 C
1081 3821 1089 3863 ς
1109 3806 1285 3857 innuaturS.
1397 3807 1492 3868 Deum]
1510 3802 1563 3871 βεῑ
1573 3800 1648 3852 codd.
1662 3813 1709 3864 pro
1727 3791 1803 3844 eune?

447 3875 487 3926 Cl'.
502 3875 567 3926 inira
578 3878 595 3928 l.
610 3876 649 3928 26.
718 3879 994 3944 tremulum1humur's
1007 3883 1032 3952 β,
1047 3885 1073 3934 H
1086 3885 1175 3935 litteris
1186 3894 1231 3936 am
1243 3887 1381 3951 expunctis.
1461 3885 1612 3949 mite'sInn’tr'
1622 3883 1655 3934 G.
1723 3875 1801 3928 ²6⁰⁶·

442 3953 676 4023 primitJoppremit
687 3958 719 4009 G.
820 3962 916 4026 Deum]
927 3981 982 4014 nene
994 3965 1027 4017 G.
1128 3965 1160 4016 28
1171 3983 1208 4032 sq.
1222 3968 1326 4018 viduum
1338 3967 1569 4034 illom1ve'duoilla
1581 3965 1605 4036 β

446 4135 510 4194 cap.
530 4137 543 4176 1
562 4118 694 4196 ‘Neque
718 4137 788 4180 vero
803 4120 861 4180 hoe
884 4121 967 4200 quod
991 4121 1100 4183 dicitur
1151 4123 1221 4184 tiam
1249 4125 1394 4188 flectimus
1409 4127 1416 4156 ’
1428 4149 1436 4202 ;
1451 4128 1564 4190 Contra
1590 4127 1687 4206 Pelag.
1713 4147 1737 4193 r.
1763 4145 1801 4202 30

446 4199 513 4258 Hoc
524 4199 719 4276 enirufocr'ens
732 4203 865 4262 curbones
889 4203 965 4279 ignis
990 4223 1099 4283 congre·
1151 4208 1240 4266 ‘Hoc
1251 4209 1326 4268 emin
1332 4208 1446 4284 fiecr'ens
1459 4229 1478 4269 c.
1495 4210 1514 4268 r'.
1531 4227 1550 4268 c.
1568 4229 1589 4270 s.
1607 4229 1627 4268 c.
1644 4209 1704 4268 eius
1714 4231 1728 4288 :¹
1741 4225 1800 4268 non

442 4281 526 4356 gobis
538 4291 625 4358 super
636 4283 794 4360 eaputnies
808 4284 838 4342 in
860 4287 969 4344 malam
985 4299 1098 4362 partem
1150 4286 1180 4346 in
1197 4288 1389 4350 maledictum
1404 4303 1435 4350 et
1458 4289 1752 4364 condemnationem,
1769 4297 1801 4348 ut

445 4359 653 4440 accipiendum
665 4375 718 4436 est,
731 4364 784 4424 sed
796 4363 825 4424 in
836 4364 955 4427 bonam.
967 4368 1098 4442 Quando
1150 4367 1283 4447 plerique
1294 4370 1470 4444 existimant,
1483 4372 1537 4432 sed
1547 4371 1576 4431 in
1586 4370 1799 4433 correctionem

446 4442 526 4502 euim
542 4441 669 4503 inimicis
686 4444 792 4506 nostris
817 4446 993 4522 praebemus
1010 4450 1097 4510 bene·
1149 4463 1178 4510 et
1190 4451 1421 4527 paenitudinem,
1429 4465 1461 4513 ut
1472 4464 1626 4530 superatus
1638 4451 1799 4523 beneficiis,

447 4522 522 4595 licia,
544 4523 688 4585 malitiam
713 4545 816 4586 eorum
841 4541 940 4588 nostra
964 4529 1098 4590 bonitate
1149 4545 1288 4592 excoctus
1303 4535 1416 4594 fervore
1431 4532 1567 4609 caritatis,
1583 4533 1721 4594 inimicus
1736 4549 1800 4593 esse

446 4617 660 4682 superamus,et
670 4607 819 4668 mollimus
830 4609 1098 4684 duritiamiratum-
1149 4611 1271 4672 desistat
1285 4615 1301 4674 '.

446 4704 507 4764 que
517 4685 651 4748 animum
661 4687 699 4747 ad
711 4687 866 4749 mollitiem
881 4701 910 4750 et
922 4691 1099 4753 benevolen·
1194 4692 1393 4776 18.loqur'tur]
1413 4697 1481 4755 Luc.
1499 4700 1526 4768 6,
1542 4717 1559 4769 4
1564 4713 1589 4772 5.
