4060 5498
492 401 578 463 ‘110
877 397 904 454 S.
933 395 1185 455 HIERONYMI
1209 395 1473 456 PRESBYTERI

498 596 643 660 Sabaoth
658 598 816 659 sedentem
832 607 928 676 super
941 593 1094 657 thronum
1109 595 1264 657 excelsum
1285 605 1316 658 et
1335 593 1503 669 elevatum,
1517 594 1548 654 in
1572 592 1842 674 consequentibus

497 699 645 781 loquitur
671 701 717 762 Et
741 701 855 762 domus
882 700 1001 781 inpleto
1033 708 1081 761 est
1095 700 1206 778 sumo,
1233 709 1268 761 ut
1293 697 1658 779 inconprehensibilem
1686 697 1792 759 Deum
1814 707 1841 758 et

497 801 760 866 inaccessibilem
778 805 1024 866 demonstraret
1039 825 1045 878 ;
1062 823 1130 883 quo
1146 803 1274 865 scilicet
1290 803 1437 865 tenebris
1454 810 1488 865 et
1512 801 1657 881 caligine
1674 801 1760 863 circa
1777 820 1842 861 eum

496 907 648 970 involuta
674 909 740 970 sint
766 909 888 984 omnia,
907 907 984 969 licet
1009 916 1171 988 appareat
1196 906 1247 968 his
1264 926 1349 988 quos
1366 906 1497 968 erudire
1512 905 1665 980 voluerit,
1682 905 1844 986 sicutipse

496 1010 664 1091 dignatur.
692 1011 791 1093 Quod
809 1021 842 1074 et
858 1020 994 1074 sanctus
1012 1009 1135 1074 Paulus
1153 1010 1351 1091 intellegens
1369 1011 1435 1073 ait:
1461 1010 1511 1074 ‘O
1538 1009 1745 1090 profundum
1772 1009 1870 1086 divi-5

496 1115 616 1176 tiarum
635 1125 667 1178 et
683 1116 871 1197 sapientiae
886 1125 919 1178 et
936 1114 1096 1177 scientiae
1116 1114 1198 1176 Dei!
1218 1115 1329 1196 Quam
1348 1113 1576 1175 inscrutabilia
1593 1113 1720 1175 iudicia
1736 1113 1804 1173 eius
1817 1121 1846 1172 et

496 1217 746 1300 investigabiles
773 1220 845 1281 viae
871 1219 980 1281 illius!
999 1218 1085 1300 Quis
1101 1220 1190 1280 enim
1209 1217 1369 1298 cognovit
1385 1236 1520 1281 sensum
1540 1215 1690 1291 Domini,
1705 1226 1766 1278 aut
1781 1215 1846 1297 quis

493 1322 703 1385 consiliarius
719 1323 789 1387 eius
807 1323 892 1386 luit?
910 1333 968 1385 aut
985 1323 1059 1402 quis
1076 1322 1171 1385 dedit
1187 1322 1226 1398 ei,
1238 1331 1273 1384 ut
1291 1321 1495 1385 retribuatur
1512 1320 1559 1383 illi
1574 1322 1585 1384 ?
1603 1319 1693 1401 Quia
1710 1341 1754 1381 ex
1772 1321 1846 1400 ips0,

494 1435 528 1488 et
555 1447 613 1506 per
639 1428 810 1509 ipsomet
838 1428 869 1490 in
899 1427 973 1508 ipso
997 1435 1077 1489 sunt
1101 1426 1242 1490 omnia.’
1259 1425 1296 1490 Si
1312 1435 1426 1488 autem
1444 1426 1477 1488 in
1495 1425 1571 1506 ipso
1588 1433 1666 1487 sunt
1683 1425 1805 1498 omnia,
1818 1433 1847 1484 et

495 1529 660 1611 Seraphin
678 1541 778 1610 sunt3
806 1543 839 1593 et
857 1531 934 1594 licet
951 1531 1024 1592 aliis
1041 1531 1201 1592 creaturis
1220 1531 1347 1592 maiora
1365 1531 1552 1606 videantur,
1568 1539 1682 1592 tamen
1703 1529 1795 1590 Deus
1810 1528 1847 1589 ab
1865 1557 1890 1590 10

494 1633 541 1695 eis
557 1634 679 1713 operiri
696 1655 762 1697 non
780 1643 901 1714 potest,
914 1635 971 1696 sed
989 1644 1022 1697 et
1036 1636 1100 1697 ista
1113 1643 1146 1696 et
1158 1653 1277 1696 omnes
1290 1633 1373 1696 alias
1383 1643 1553 1696 creaturas
1568 1634 1728 1695 maiestas
1742 1633 1848 1694 divina

493 1737 686 1800 circumdat.
705 1738 743 1800 In
763 1758 802 1801 eo
819 1739 908 1801 enim
927 1740 1016 1820 quod
1033 1738 1157 1800 dicitur
1179 1737 1446 1818 ‘Oproiundum
1459 1737 1653 1800 divitiarum
1669 1736 1849 1817 sapientiae

494 1851 527 1904 et
544 1841 702 1904 scientiae
720 1842 784 1905 Dei
798 1843 803 1906 l
817 1841 824 1868 '
838 1841 1210 1923 inconprehensibilitas
1223 1841 1311 1903 illius
1324 1842 1585 1906 demonstratur.
1597 1840 1753 1920 Cumque
1766 1840 1847 1901 idem

494 1945 666 2024 apostolus
693 1946 816 2009 Paulus
843 1947 957 2009 scribit
982 1947 1015 2008 in
1044 1946 1111 2008 alio
1138 1945 1212 2008 loco
1235 1945 1399 2010 ‘Credere
1423 1953 1559 2026 oportet
1576 1944 1793 2006 accedentem
1810 1944 1847 2004 ad

496 2047 605 2111 Deum
623 2051 701 2130 quia
718 2061 768 2112 est
782 2048 799 2127 ’,
815 2071 881 2113 non
899 2052 1012 2132 posuit
1028 2051 1102 2133 quis
1119 2059 1152 2112 et
1168 2048 1277 2131 qualis
1293 2049 1337 2112 sit
1360 2049 1483 2112 debere
1507 2048 1677 2129 cognosci,
1692 2049 1752 2110 sed
1781 2057 1848 2108 tan·
1867 2075 1873 2109 ι
1879 2073 1892 2122 5

492 2161 565 2214 turn
592 2152 683 2234 quod
711 2154 761 2218 sit.
779 2153 913 2219 Scimus
941 2154 1031 2218 enim
1056 2174 1128 2216 esse
1154 2154 1274 2229 Deum,
1293 2153 1484 2235 scimusque
1501 2152 1583 2233 quid
1602 2172 1667 2214 non
1685 2153 1730 2214 sit
1745 2173 1753 2229 ;
1769 2150 1846 2234 quid

492 2266 604 2320 autem
622 2268 655 2320 et
671 2257 780 2340 qualis
803 2260 856 2333 sit,
872 2259 955 2321 scire
981 2278 1048 2321 non
1076 2277 1263 2340 possumus.
1281 2255 1450 2338 Quoniam
1479 2255 1643 2320 bonitatis
1671 2265 1722 2318 est
1749 2265 1846 2336 atque

491 2360 690 2422 clementiae
717 2361 955 2424 descendentis
978 2364 1019 2424 ad
1049 2381 1119 2439 nos,
1142 2373 1178 2423 ut
1204 2360 1316 2441 aliqua
1343 2362 1385 2424 de
1412 2381 1453 2423 eo
1469 2360 1648 2422 aestimare
1667 2359 1845 2436 valeamus,

491 2484 564 2526 esse
590 2484 665 2526 eum
692 2465 878 2528 sentiamus
903 2465 1093 2528 beneficiis:
1120 2465 1228 2547 qualis
1255 2473 1369 2528 autem
1397 2465 1448 2540 sit,
1477 2474 1615 2547 propter
1643 2462 1842 2544 profundum

493 2567 693 2630 interiacens
706 2567 798 2630 nulla
811 2579 922 2649 potest
934 2569 1129 2651 intellegere
1142 2578 1308 2645 creatura;
1319 2578 1362 2646 et,
1373 2577 1409 2631 ut
1420 2568 1565 2649 pressius
1577 2568 1704 2650 aliquid
1719 2567 1843 2649 loquar,
1862 2595 1891 2630 ιο

490 2671 570 2753 quid
588 2693 654 2736 non
673 2674 715 2734 sit
733 2673 826 2736 Deus
843 2674 1007 2749 novimus,
1023 2674 1102 2755 quid
1120 2682 1234 2735 autem
1253 2673 1295 2735 sit
1307 2677 1390 2735 scire
1405 2692 1471 2734 non
1486 2692 1673 2752 possumus.
1688 2671 1765 2734 Non
1778 2691 1843 2753 quo

490 2775 616 2857 aliquid
643 2776 780 2852 habens,
797 2787 914 2858 postea
941 2777 1063 2840 habere
1080 2776 1216 2840 desierit
1231 2797 1239 2853 ;
1255 2778 1313 2839 sed
1331 2797 1398 2857 quo
1414 2777 1458 2850 id,
1474 2776 1563 2857 quod
1581 2776 1678 2838 nobis
1695 2777 1843 2839 iunctum

489 2889 539 2942 est
566 2901 624 2962 per
641 2891 779 2944 naturae
795 2882 1022 2963 fragilitatem,
1038 2881 1093 2944 ille
1109 2901 1175 2943 non
1194 2881 1317 2944 habeat
1333 2905 1340 2944 :
1357 2880 1448 2944 verbi
1466 2880 1582 2962 gratia,
1599 2889 1657 2943 aut
1674 2879 1845 2943 mutabilis

489 2992 526 3045 ut
550 3004 680 3064 corpus,
708 2997 742 3047 ut
771 2985 884 3067 aliquo
908 2985 1067 3066 indigeat,
1084 2995 1120 3048 ut
1148 2985 1305 3047 humanis
1330 2993 1444 3066 pateat
1468 2984 1671 3065 aspectibus,
1686 2993 1720 3070 et
1736 2985 1763 3046 si
1779 3005 1846 3066 qua

490 3101 568 3150 sunt
585 3088 660 3165 alia,
676 3089 798 3171 quibus
808 3100 960 3151 creatura
970 3089 1120 3151 subiecta
1133 3099 1192 3152 est.
1204 3088 1300 3170 Quae
1310 3109 1387 3151 cum
1398 3109 1418 3151 a
1430 3088 1506 3151 Deo
1517 3088 1605 3151 lacta
1615 3089 1670 3165 sit,
1682 3090 1848 3170 sapientia
1866 3113 1893 3164 ²5

490 3192 561 3252 eius
588 3203 621 3254 et
648 3194 775 3254 ratione
803 3192 950 3273 perlecta
976 3203 1035 3256 est.
1064 3193 1184 3274 Neque
1211 3193 1310 3267 enirn,
1337 3201 1373 3256 ut
1400 3193 1537 3274 quidam
1567 3193 1846 3275 philosophorum

490 3305 621 3375 putant,
637 3296 763 3377 absque
780 3297 990 3377 providentia
1007 3297 1145 3359 fortuito
1160 3305 1279 3359 cuncta
1297 3317 1369 3360 esse
1382 3306 1564 3378 coeperunt
1576 3319 1582 3360 ε
1595 3296 1674 3379 quia
1686 3298 1846 3380 quicquid

490 3399 663 3461 fortuitum
678 3411 737 3476 est,
749 3420 814 3462 non
826 3400 928 3462 habet
938 3401 1089 3463 ordinem
1101 3409 1201 3481 atque
1215 3400 1407 3478 consilium;
1423 3402 1512 3479 quod
1525 3421 1568 3462 ex
1582 3410 1654 3463 arte
1664 3402 1848 3478 descendit,

489 3522 575 3585 quae
594 3514 733 3584 apparet
750 3504 783 3565 in
800 3505 938 3579 cunctis,
955 3514 988 3567 et
1004 3503 1140 3566 artificis
1159 3504 1369 3584 prudentiam
1389 3524 1449 3567 suo
1465 3503 1612 3568 declarat
1629 3505 1762 3582 intuitu,
1778 3527 1847 3570 non

520 3748 536 3797 6
548 3755 571 3798 et
581 3749 731 3813 sapientior]
743 3749 793 3810 Cu,
805 3749 876 3800 iuxta
887 3765 969 3814 graec.
986 3751 1060 3798 Rom.
1078 3762 1115 3810 11,
1120 3763 1151 3812 33
1163 3745 1208 3799 καὶ
1220 3748 1320 3818 σοφίας.
1421 3749 1437 3800 8
1448 3757 1495 3798 aut
1505 3751 1562 3815 quis
1574 3751 1597 3800 d.
1611 3767 1631 3799 e.
1647 3767 1672 3800 rr.
1688 3753 1851 3802 retribuatur

488 3831 532 3878 illi
539 3830 561 3890 l]
577 3843 585 3878 t
601 3847 635 3881 m.
649 3831 673 3880 in
687 3849 733 3880 ras.
749 3831 779 3880 C.
884 3840 911 3893 15
924 3830 975 3890 scd]
986 3837 1010 3879 et
1021 3829 1049 3880 C.
1065 3829 1104 3880 Ci.
1118 3846 1194 3894 supra
1208 3841 1261 3892 105,
1276 3843 1300 3891 9.
1421 3829 1450 3878 16
1461 3831 1528 3894 quid
1536 3832 1633 3893 aurem]
1648 3834 1706 3898 quit
1716 3843 1799 3882 autera
1812 3837 1847 3886 C.

491 3927 519 3975 19
530 3916 588 3975 esse]
601 3915 622 3965 C
633 3934 640 3975 ;
652 3923 676 3965 et
685 3933 734 3965 esse
746 3933 769 3965 α.
872 3928 903 3978 23
915 3921 961 3964 aut
973 3915 1103 3963 mutabilis
1112 3921 1141 3963 ut
1151 3913 1249 3978 corpus]
1261 3914 1283 3965 C
1294 3930 1310 3964 α
1322 3933 1329 3974 ;
1347 3915 1482 3979 legendum
1500 3916 1614 3981 suspicor
1632 3923 1662 3964 ut
1679 3919 1798 3968 mutabile
1813 3923 1853 3970 sit

486 4004 581 4060 corpur,
596 3999 686 4047 saltem
698 4006 745 4047 aut
756 3999 780 4047 in
794 4006 824 4047 ut
833 4015 889 4048 esse
901 3997 1059 4046 mutandum.

532 4217 555 4255 1.
572 4194 726 4278 elevatum]
743 4198 781 4255 Is.
799 4200 826 4270 6,
846 4217 868 4256 1.
1197 4199 1274 4271 1138
1298 4197 1344 4257 C:
1368 4197 1426 4255 ‘Et
1453 4199 1536 4269 haec,
1553 4198 1659 4275 inquit,
1683 4199 1792 4277 aliquis
1807 4203 1856 4264 lo-

532 4298 555 4335 2.
563 4274 664 4356 sueno]
680 4278 750 4337 ibid.
769 4299 796 4350 4.
1193 4289 1303 4353 quatur
1319 4277 1476 4354 Epicurus,
1492 4291 1521 4339 et
1537 4279 1717 4356 Aristippus,
1739 4295 1768 4341 et
1792 4285 1857 4362 Cy-

529 4381 557 4434 9.
572 4355 682 4438 ornnr'a]
700 4363 788 4419 Rom.
812 4381 856 4432 11,
874 4363 972 4436 33-36.
1194 4358 1314 4429 renaici‚
1331 4371 1360 4418 et
1375 4371 1492 4419 ceterae
1507 4362 1641 4438 pecudes
1654 4362 1857 4440 philosophe

533 4456 575 4514 15.
592 4441 662 4514 quio
678 4439 730 4522 est]
749 4442 842 4500 Hebr.
865 4444 952 4512 1¹1,6.
1193 4460 1268 4499 rum.
1301 4442 1366 4517 Ego
1400 4453 1502 4501 autem
1539 4461 1659 4503 mecum
1689 4443 1857 4521 diligenter

531 4523 756 4598 26.utqur'drrm
767 4524 1005 4600 philosophorum
1015 4517 1139 4601 putant]
1193 4533 1366 4595 retractans,
1396 4521 1525 4592 invenio,
1556 4544 1626 4594 non,
1657 4537 1689 4584 ut
1722 4530 1855 4604 quidam

490 4603 617 4672 Hieron.
649 4605 678 4662 in
711 4605 824 4664 Eccles.
851 4623 875 4664 c.
903 4626 930 4680 9.
958 4604 1063 4682 Migne
1093 4624 1139 4680 23,
1194 4604 1272 4665 male
1298 4604 1469 4679 aestimant,
1492 4607 1595 4667 omnia
1618 4609 1744 4670 fortuito
1757 4612 1856 4688 geri'
