4154 5494
606 423 862 490 TRACTATUS
885 421 943 484 DE
965 419 1133 483 PSALMO
1154 421 1316 486 CXXXII.
1558 427 1638 514 247

289 640 427 706 Pulchre
441 640 539 719 dixit,
565 635 734 724 incapite.
752 635 854 723 Quod
870 638 1043 704 descendit
1059 637 1093 702 in
1115 639 1266 724 barbam.
1284 639 1394 706 Barba
1410 641 1575 710 virilitatis
1590 644 1639 709 in·

287 745 409 810 dicium
425 753 496 812 est:
512 744 684 810 mutierem
701 743 790 809 enim
817 753 851 808 et
865 743 972 807 virum
990 750 1110 808 natura
1130 741 1194 807 hoc
1210 744 1307 827 signo
1328 743 1513 830 distinguit
1530 747 1640 813 Barba

286 847 385 932 igitur
400 847 567 916 virilitatis
582 845 741 914 indicium
752 855 812 914 est
828 847 940 930 Caput
955 866 1037 930 ergo
1058 845 1216 912 divinitas
1231 847 1361 926 dicitur,
1376 847 1440 914 boc
1455 857 1506 916 est
1520 850 1640 930 deitas;

286 947 387 1018 barba
402 971 481 1018 vero
503 954 609 1018 virum
627 951 761 1018 indicat.
778 957 786 986 ⁴
801 950 859 1030 Ut,
875 949 992 1034 inquit,
1007 949 1239 1034 perveniamus
1259 949 1292 1016 in
1309 951 1415 1016 virum
1431 951 1615 1035 perfectum
1632 957 1640 985 '

253 1077 268 1132 ς
284 1057 340 1140 qui
355 1068 405 1122 est
422 1056 572 1142 Xpistus
590 1056 678 1124 Vide
687 1075 768 1140 ergo
783 1055 863 1139 quid
880 1053 979 1132 dicat,
994 1053 1081 1119 sicut
1096 1062 1312 1138 unguentum.
1339 1055 1435 1122 Sicut
1451 1057 1639 1124 benedictio

285 1163 444 1246 unguenti
459 1161 636 1246 decapite,
651 1161 713 1226 hoc
730 1170 789 1240 est,
804 1159 848 1226 de
861 1157 1046 1224 divinitatis
1068 1157 1217 1222 Ermone
1246 1158 1419 1226 descendit
1440 1161 1472 1225 in
1490 1159 1640 1241 barbam,

283 1265 455 1332 descendit
471 1267 504 1330 in
530 1264 636 1331 virum
660 1265 854 1349 perfectum,
868 1264 925 1346 qui
950 1271 1000 1329 est
1033 1261 1176 1348 Xpistus
1191 1283 1199 1340 ;
1214 1282 1259 1327 ex
1275 1281 1341 1347 qua
1357 1263 1413 1328 ilia
1428 1264 1531 1331 barba
1547 1275 1638 1349 post·

282 1389 382 1453 quam
398 1370 572 1435 descendit
585 1371 693 1453 ipsum
711 1377 918 1454 unguentum
929 1366 962 1431 in
974 1386 1068 1431 oram
1080 1366 1271 1431 vestimenti
1287 1367 1367 1444 eius,
1382 1368 1438 1432 sic‘
1449 1368 1637 1435 benedictio

281 1482 314 1538 et
330 1494 382 1538 ros
400 1473 523 1539 montis
549 1471 674 1538 Ermon
702 1471 874 1536 descendit
890 1471 922 1534 in
940 1479 1089 1536 montem
1114 1468 1205 1536 Sion.
1235 1469 1454 1554 Unguentum
1478 1493 1559 1556 ergo
1582 1473 1636 1538 bic

233 1601 265 1640 ro
281 1597 341 1660 pro
355 1577 589 1643 benedictione
604 1577 749 1660 ponitur.
763 1581 772 1610 ‘
785 1573 954 1654 Dilexisti,
979 1573 1097 1657 inquit,
1123 1573 1293 1652 iustitiam,
1314 1583 1349 1640 et
1364 1575 1465 1640 odisti
1480 1575 1636 1660 iniquita·

279 1689 347 1746 tem
366 1705 374 1746 :
389 1691 566 1765 propterea
581 1681 680 1746 unxit
696 1689 729 1744 te
747 1679 848 1756 Deus,
867 1681 958 1746 Deus
982 1689 1068 1757 tuus,
1082 1678 1158 1743 oleo
1173 1678 1394 1745 exultationis
1409 1699 1488 1764 prae
1503 1681 1636 1764 partici-

280 1781 377 1870 pibus
392 1786 458 1851 tuis
473 1784 489 1850 ’.
507 1783 629 1852 Videte
644 1785 724 1868 quid
741 1785 839 1849 dicat.
852 1782 1021 1862 Dilexisti,
1033 1781 1149 1868 inquit,
1165 1783 1337 1862 iustitiam,
1348 1793 1382 1848 et
1397 1784 1498 1849 odisti
1516 1784 1635 1868 iniqui·
1749 1817 1752 1824 .

279 1899 394 1956 tatem.
410 1890 488 1954 Non
505 1889 625 1956 sufficit
640 1889 778 1973 diligere
795 1889 965 1968 iustitiam,
981 1889 1039 1953 sed
1058 1887 1259 1952 econtrario
1286 1885 1397 1953 videte
1420 1888 1500 1971 quid
1523 1890 1635 1955 dicat:

280 1993 326 2058 Et
339 1994 441 2059 odisti
457 1993 676 2078 iniquitatem.
691 1994 756 2059 Pro
770 1993 822 2058 bis
834 1995 1012 2060 virtutibus
1028 1993 1107 2078 quid
1125 1989 1254 2075 accepit
1266 1997 1281 2056 i
1295 1991 1587 2076 Propterea'urixit
1597 2004 1633 2059 te

228 2119 259 2176 ¹5
279 2097 382 2176 Deus,
395 2100 486 2164 Deus
497 2109 584 2177 tuus,
595 2098 670 2164 olco
678 2097 897 2164 exultationis
913 2118 992 2183 prae
1004 2097 1221 2182 participibus
1232 2098 1307 2165 tuis.
1325 2095 1403 2161 Hoc
1417 2098 1460 2162 ad
1473 2097 1631 2182 Xpistun'r

275 2202 418 2267 dicitur:
434 2203 511 2267 ideo
527 2213 562 2268 tu
580 2211 700 2269 unctus
714 2221 759 2280 es,
789 2210 826 2268 ut
841 2212 969 2268 ceteros
986 2221 1157 2286 ungueres
1185 2201 1317 2268 Unctus
1342 2220 1379 2267 es
1403 2201 1478 2266 oleo
1501 2202 1631 2268 exulta·

276 2306 378 2372 tionis
393 2305 481 2390 pme'
498 2307 715 2390 participibus
740 2306 815 2384 tuis,
830 2306 894 2371 hoc
917 2317 977 2384 est,
992 2306 1067 2390 plus
1093 2325 1196 2389 quam
1220 2304 1363 2389 apostoli
1379 2307 1436 2372 tui.
1462 2307 1515 2372 Tu
1539 2307 1631 2372 ‘enim

276 2411 438 2494 unguenti
450 2409 595 2476 habuisti
612 2409 752 2476 sontem:
765 2410 811 2475 iili
827 2411 934 2476 stillas
949 2411 1145 2476 babuerunt
1159 2409 1255 2476 Sr'cut
1263 2421 1466 2494 unguentum
1481 2411 1634 2493 incapite.

278 2515 427 2581 Praestet
440 2524 476 2579 et
486 2513 586 2579 'nobis
599 2515 763 2580 Dominus
775 2513 838 2580 hoc
851 2525 1058 2598 unguentum
1071 2515 1219 2591 deitatis,
1228 2516 1318 2597 quod
1335 2515 1425 2578 venit
1435 2514 1468 2577 in
1486 2514 1634 2590 barbam,

225 2646 260 2684 so
276 2618 415 2696 bocest,
431 2617 464 2682 in
481 2619 588 2683 virum
613 2618 795 2702 perfectum
813 2619 940 2698 Aaron,
957 2621 990 2683 in
1007 2618 1123 2684 Aaron
1148 2619 1371 2683 sacerdotem.
1387 2618 1502 2684 Aaron
1519 2627 1631 2682 autem

275 2721 511 2806 interpretatur
527 2731 714 2787 montanus.
732 2722 863 2788 Videtis
878 2723 1038 2806 quoniam
1066 2723 1129 2788 iste
1145 2723 1301 2788 sacerdos
1326 2741 1391 2788 non
1408 2735 1459 2787 est
1474 2724 1517 2788 de
1541 2723 1632 2788 valli·

276 2827 347 2904 bus,
361 2828 423 2892 sed
435 2827 480 2891 de
494 2825 665 2892 montibus
694 2836 753 2891 est.
771 2827 926 2904 Barbam,
954 2827 1063 2911 inquit
1078 2823 1204 2893 Aaron.
1231 2827 1332 2910 Quod
1350 2838 1564 2934 'unguentum
1588 2828 1633 2892 de

310 2989 600 3056 rBardaibarbam133
621 2997 650 3046 ἐκ
669 2995 770 3044 barbam
791 2997 823 3047 G.
925 2994 1067 3058 aratura]
1086 3012 1136 3048 om.
1151 2998 1180 3048 B.
1280 2997 1360 3064 signo]
1380 2997 1401 3048 C
1421 2997 1504 3063 suppl.
1518 3011 1572 3062 sup.
1586 2995 1631 3045 lin.

275 3090 290 3141 3
300 3077 407 3139 dr'cr'trrr]
417 3084 454 3127 ert
463 3077 496 3128 G.
597 3077 653 3127 tide
662 3077 809 3127 diuinitati}
820 3071 942 3135 Ermons]
952 3078 1071 3128 audacter
1088 3079 1146 3130 licet
1158 3089 1184 3129 at
1196 3094 1246 3130 nou
1265 3089 1359 3131 temere
1370 3078 1467 3146 scripsi.
1482 3077 1633 3142 Hieronymi

275 3159 342 3209 eninr
353 3159 488 3219 sententis,
502 3157 550 3209 nisi
562 3158 643 3219 fallor,
657 3159 720 3210 haec
731 3167 786 3210 est:
800 3169 929 3224 unguento
941 3167 965 3210 et
977 3175 1033 3210 rore
1044 3157 1199 3224 significatur
1209 3161 1362 3223 benedictio,
1370 3161 1454 3227 capite
1465 3169 1489 3211 et
1503 3159 1633 3210 Hermone

273 3240 401 3301 ὥνὶηὶω,
410 3241 489 3300 barba
496 3239 619 3301 Christus,
628 3257 673 3290 ors
680 3240 824 3292 vestimenti
831 3249 856 3292 et
866 3251 952 3292 monte
959 3241 1022 3292 Sion
1028 3241 1136 3292 ecclesia
1141 3260 1149 3302 ;
1155 3243 1453 3294 dedivinitntr‘rrernrone
1462 3241 1529 3312 βςιίε
1535 3242 1632 3300 divim·-

273 3323 334 3373 tatr's
344 3323 465 3373 monis
478 3323 497 3371 B
508 3340 515 3382 ;
527 3323 557 3371 de
566 3321 703 3372 divinitate
713 3338 834 3372 sermones
845 3323 863 3374 S
873 3341 881 3384 ς
900 3324 929 3373 de
938 3324 1075 3372 divinitate
1085 3326 1206 3374 sermonis
1218 3333 1267 3377 cet.
1280 3327 1354 3377 codd.
1456 3336 1469 3386 7
1481 3342 1513 3375 ex
1523 3343 1576 3392 qua
1586 3327 1632 3377 illa

273 3403 358 3466 barba]
369 3404 430 3455 item
442 3421 472 3455 ex
484 3403 646 3465 coniectura;
662 3411 687 3454 et
695 3421 773 3470 quom
785 3407 857 3455 illam
875 3406 976 3455 barbam
987 3407 1061 3456 codd.
1076 3405 1108 3466 (C
1120 3418 1174 3469 sup.
1189 3404 1233 3454 iin.
1248 3415 1327 3456 mutat
1339 3405 1365 3456 in
1375 3412 1400 3454 et
1408 3405 1462 3456 irrr'.
1472 3405 1507 3466 h.)
1518 3421 1525 3465 ;
1538 3423 1588 3457 om.
1603 3406 1628 3472 β.

269 3479 412 3554 'postquami
423 3486 488 3537 codd
499 3494 598 3552 norun
612 3484 636 3555 β.
736 3487 752 3537 8
765 3489 793 3538 r'rr
804 3485 885 3548 marri]
897 3489 926 3539 in
937 3505 978 3538 ore
989 3490 1010 3540 C
1025 3501 1034 3539 1
1050 3505 1092 3550 m;
1104 3489 1189 3538 irrora
1202 3488 1231 3548 B,
1245 3489 1266 3539 C
1278 3503 1332 3553 sup.
1346 3487 1390 3538 iin.
1490 3488 1632 3550 berredr'ctr'o]

273 3569 405 3620 &ardictio
417 3568 447 3620 C.
539 3570 658 3630 9monrr's
669 3565 778 3627 Emere]
790 3571 1067 3630 rrronresernronfiun.
1081 3571 1195 3622 Hermon
1208 3569 1330 3637 §ann
1342 3572 1369 3620 S.
1458 3564 1591 3634 crgo]vrro
1604 3567 1629 3638 β.

277 3663 286 3700 r
289 3664 305 3716 3
316 3669 328 3700 ι
338 3647 472 3709 contrario]
484 3647 549 3718 βΑΒ
561 3667 569 3709 ;
593 3651 626 3700 &⁴
636 3651 774 3701 monitorio
794 3651 833 3712 C;
852 3653 1008 3702 recontrario
1021 3652 1051 3712 13
1070 3652 1099 3701 de
1117 3654 1242 3702 contrario
1261 3652 1295 3703 G.
1309 3650 1463 3702 Breviorium
1483 3652 1541 3702 add.
1555 3652 1632 3702 odisse

274 3735 445 3799 iniquitatem,
453 3748 517 3797 quas
527 3747 602 3782 voces
613 3733 714 3784 codices
723 3749 774 3784 non
785 3744 924 3798 agnoscunt
935 3751 942 3793 ς
954 3733 981 3784 in
993 3735 1006 3784 1
1019 3742 1102 3783 tamen
1109 3733 1217 3798 spatium
1231 3749 1344 3794 vacuum,
1352 3741 1474 3798 quantum
1486 3733 1517 3782 iis
1525 3731 1629 3785 sufficiat

273 3813 452 3876 describendis,
466 3830 481 3864 a
492 3813 595 3864 librario
615 3815 728 3865 relictum
742 3825 788 3866 est.
893 3827 922 3877 14
932 3813 983 3866 Pro
994 3815 1034 3865 tis
1044 3811 1082 3874 u]
1090 3823 1191 3881 propter
1200 3814 1241 3864 his
1252 3832 1275 3866 v.
1291 3815 1320 3866 B.
1425 3827 1454 3876 19
1464 3810 1575 3873 deitatis]
1593 3815 1631 3865 ‹ri-

272 3898 391 3948 vinitatis
401 3895 427 3966 β
518 3897 702 3959 zoinAaron]
713 3913 765 3947 om.
779 3898 914 3958 S;Gnon
926 3905 1004 3962 repet.
1019 3901 1116 3948 Aaron.
1209 3895 1459 3957 zzssartan]lnrba
1472 3896 1518 3964 βΒ,
1603 3899 1632 3947 a'e

272 3975 359 4046 rapite]
370 3979 412 4031 CS
424 3997 432 4039 ς
443 3979 472 4028 in
483 3980 561 4044 capite
573 3977 646 4046 βΒῦ.

276 4131 277 4138 “
317 4131 340 4172 r.
366 4129 393 4189 3.
423 4111 575 4172 urbinatis
603 4109 741 4171 indicium
772 4109 826 4193 est]
854 4112 925 4172 Hie·
977 4131 1048 4172 sacr.
1065 4123 1084 4172 t.
1102 4113 1144 4185 11,
1166 4133 1192 4190 p.
1220 4113 1381 4190 6‘Caput
1409 4112 1542 4185 Domini,
1565 4111 1629 4190 ipsa

274 4211 335 4254 ron
352 4193 437 4254 in-Is.
457 4199 483 4268 7',
500 4211 538 4252 20
561 4192 780 4272 ‘decoremque
806 4194 925 4268 barbae,
977 4194 1116 4254 divinitas
1128 4195 1145 4256 ’.

273 4277 356 4352 quod
370 4272 514 4335 virilitatis
525 4273 670 4333 indicium
682 4286 726 4334 est
737 4278 744 4304 '
755 4295 763 4348 ;
774 4274 805 4335 in
816 4275 925 4336 Ezech.
1019 4295 1047 4348 4
1056 4271 1226 4355 perfectum]
1237 4275 1346 4352 Ephes.
1363 4295 1391 4349 4,
1411 4295 1420 4334 r
1429 4295 1454 4352 3.

274 4373 302 4433 5,
321 4374 412 4433 rsqq.
430 4355 477 4416 ‘in
492 4351 621 4422 caesarie
649 4365 678 4414 et
694 4355 785 4416 barba
800 4355 927 4434 pulchri·
1001 4383 1004 4388 ·
1021 4375 1066 4415 12.
1082 4352 1153 4436 tut's]
1172 4359 1214 4415 Ps
1233 4375 1281 4429 44,
1298 4359 1324 4416 8.

276 4437 387 4499 tudinis
400 4455 435 4497 ac
450 4435 594 4497 virilitatis
610 4435 755 4497 indicium
771 4439 844 4498 est-'.
1020 4457 1064 4496 20.
1082 4438 1187 4496 Aaron
1196 4435 1432 4520 minoritanus]
1446 4438 1528 4500 Hier.
1542 4438 1626 4518 epist.

317 4537 344 4595 3.
361 4525 458 4597 caput
476 4537 498 4577 e.
512 4517 655 4577 divinitas
674 4515 794 4600 dr'cr'tur]
810 4519 860 4578 Ab
880 4517 928 4578 iis·
981 4521 1027 4593 78,
1041 4536 1133 4578 mans.
1162 4536 1194 4576 11
1213 4521 1392 4595 ‘utramque
1417 4539 1540 4580 manum
1565 4521 1629 4582 eius

277 4599 348 4661 dem
361 4597 458 4662 verbis
471 4597 575 4677 incipit
586 4596 687 4660 Clavi·
697 4601 811 4662 escod
828 4599 929 4661 Claro
980 4601 1082 4659 Aaron
1096 4611 1125 4658 ct
1141 4599 1195 4672 Ur,
1216 4598 1251 4659 id
1271 4610 1316 4660 est
1340 4605 1495 4660 tructanus
1508 4603 1629 4662 lundar-

280 4691 425 4742 montsno
445 4680 503 4740 al.
520 4679 555 4739 B.
579 4677 659 4739 Pitra
683 4681 764 4741 edita
795 4681 928 4740 Analect.
981 4679 1223 4755 quesustentat'.
