4062 5504
514 405 782 468 FRAGMENTA
804 409 979 472 GRAECA
998 413 1045 472 IN
1067 413 1267 474 PSALMOS.
1492 423 1567 506 127

753 610 812 682 Ps·
843 633 901 703 95·
935 633 953 701 7
982 637 1038 706 st-

261 758 421 850 Ἐνέγκατε
444 763 487 846 τῷ
513 758 612 850 Κυρίῳ
637 760 669 822 αί
691 759 816 849 πατριαὶ
831 760 892 822 τῶν
907 757 998 825 ἐθνῶν
1014 785 1043 824 κ.
1062 785 1090 824 τ.
1109 757 1156 846 λ]
1174 761 1307 850 Πατριὰς
1323 757 1414 824 καλεῖ
1426 759 1496 834 τοὺς
1508 761 1569 824 τῶν

212 865 386 944 ἐκκλησιῶν
406 867 606 959 ἡγουμένους,
629 867 717 958 ἱερεῖς
739 867 790 932 καί
810 867 984 960 πρόεδρους,
1010 871 1053 943 οῖς
1077 868 1185 958 πρέπει
1208 863 1344 946 δοξάζειν
1367 867 1419 931 τὸν
1435 865 1501 932 θεὸν
1517 865 1567 932 διίι

213 976 277 1040 τῶν
292 973 390 1068 ἔργων
405 975 466 1040 τῶν
482 973 615 1066 ἀγαθῶν,
633 975 683 1040 καί
701 975 762 1065 μὴν
777 977 828 1041 καί
844 981 937 1064 τιμᾶν
953 975 1011 1041 ἀπὸ
1028 975 1153 1040 δικαίων
1173 971 1345 1041 πολιτειῶν.
1370 973 1485 1066 Ἕτηγε
1508 975 1569 1064 μὴν

213 1083 266 1146 καί
294 1081 398 1158 θυσίας
422 1084 578 1174 ἀναρέρειν
600 1079 696 1158 ὄϊτοις.
725 1083 882 1174 ἀναφέρειν
902 1081 934 1148 δὲ
951 1086 981 1148 ἐν
1001 1085 1067 1158 ταῖς
1089 1082 1181 1160 θείαις
1198 1085 1288 1149 αὐτοῦ
1305 1081 1423 1159 αὐλαῖς·
1447 1081 1567 1166 δηλαδὴ

174 1213 189 1263 5
212 1192 280 1264 ταῖς
296 1188 472 1268 ἐκκλησίαις
488 1189 557 1266 τοὺς
574 1189 864 1284 προαχθησομένους
881 1192 963 1278 αὐτῷ
979 1188 1028 1256 διὰ
1044 1193 1175 1268 πίστεως
1192 1187 1291 1271 Ἰησοῦ
1308 1191 1452 1283 Χριστοῦ.

804 1367 896 1440 ibid.
930 1393 982 1441 11.

260 1534 530 1629 Εέρραινέσθῶσαν
556 1535 584 1599 ni
612 1531 733 1626 οὐρανοὶ
760 1533 810 1599 καὶ
838 1530 1037 1626 ἀγαλλιάσθῶ
1064 1535 1085 1612 ὴ
1109 1536 1177 1626 γη]
1207 1533 1342 1626 Οὐρανὸν
1369 1531 1516 1611 πολλάκις
1547 1538 1568 1614 ὴ

210 1646 317 1736 γραρὴ
335 1642 425 1711 καλεῖ
436 1643 505 1718 τοὺς
522 1645 553 1708 έν
569 1645 685 1732 οὐρανῷ
701 1639 863 1735 ἀγγέλους,
881 1641 983 1733 ῶσπερ
1001 1643 1051 1707 καὶ
1066 1643 1127 1733 γῆν
1142 1641 1211 1717 τοὺς
1228 1643 1287 1707 ἀπὸ
1303 1645 1362 1734 γῆς
1379 1623 1565 1734 ἀνθρώπους.

213 1753 275 1818 Καὶ
290 1750 382 1818 πάλιν
403 1751 507 1844 ρησίν,
526 1751 611 1814 Πᾶσα
628 1748 659 1814 δὲ
675 1751 696 1827 ὴ
708 1753 750 1842 γῆ
766 1750 889 1840 ἠρίστα,
903 1749 970 1814 ἀντὶ
984 1750 1048 1829 τοῦ,
1069 1747 1178 1840 Καιρὸς
1194 1753 1232 1828 ἦν
1248 1749 1384 1840 ἀρίστου.
1405 1747 1503 1816 itate?
1513 1745 1565 1816 οὖν

211 1866 274 1952 γῆν
297 1859 366 1936 τοὺς
386 1859 445 1924 ἀπὸ
465 1861 524 1950 γῆς
547 1856 734 1949 ἀνθρώπους,
754 1857 804 1922 καὶ
828 1855 952 1947 οὐρανὸν
968 1854 1037 1931 τοὺς
1065 1857 1096 1920 έν
1118 1857 1233 1946 οὐρανῷ
1262 1855 1424 1949 ἀγγέλους.
1450 1857 1564 1923 Λοιπὸν

154 1998 190 2032 ιο
212 1965 310 2044 οὕτως
326 1967 485 2056 νοήσωμεν
501 1965 535 2030 τὸ
553 1963 825 2057 Εὑρραινέσθῶσαν
837 1967 867 2030 οί
882 1965 1013 2056 οὐρανοί.

784 2147 841 2217 Ps.
872 2148 930 2235 98,
961 2151 994 2216 6.

258 2315 456 2407 Προσκυνεῖτε
479 2317 522 2400 τῷ
546 2309 701 2398 ὑποποδίῳ
724 2313 785 2376 τῶν
801 2309 902 2377 ποδῶν
926 2311 1043 2396 aienti]
1068 2307 1247 2374 Ὑποπέδιον
1263 2308 1354 2373 αὐτοῦ
1370 2309 1390 2386 ὴ
1408 2313 1491 2372 πᾶσα
1507 2311 1563 2388 τῆς

210 2425 338 2497 κτίσεως
354 2420 505 2513 ὑποταγὴ.
526 2421 611 2494 Τινὲς
633 2423 687 2508 μὲν
707 2415 841 2510 κεφαλὴν
862 2417 993 2509 Χριστοῦ
1009 2417 1065 2495 τὴν
1082 2415 1208 2494 θεότητα
1224 2413 1379 2507 λέγουσιν,
1397 2414 1562 2481 ὑποπόδιον

210 2533 243 2599 δὲ
256 2535 312 2612 τἠν
323 2535 375 2598 τοῦ
386 2529 543 2621 ἀνθρώπου
557 2528 676 2618 μορφὴν
687 2528 725 2604 ἢν
737 2524 907 2592 ἐνεδύσατο·
921 2527 1014 2616 οίγάρ
1029 2523 1116 2600 πόδες
1127 2525 1182 2603 τἠν
1195 2519 1332 2588 δουλείαν
1345 2509 1558 2613 σημαίνουσιν.

779 2710 836 2781 Ps.
873 2731 949 2799 τοο,
980 2731 1011 2798 3.

255 2885 340 2951 Μετὰ
362 2884 416 2948 σοῦ
440 2883 461 2960 it
484 2881 568 2974 ἀρχὴ
592 2883 623 2946 ἐν
646 2880 747 2970 ἡμέρᾳ
769 2880 823 2955 τῆς
843 2873 998 2965 δυνάμεώς
1022 2876 1103 2960 σου]
1121 2871 1162 2936 Ἥ
1179 2872 1230 2936 τὸν
1245 2871 1349 2961 καιρὸν
1364 2873 1420 2948 τῆς
1434 2869 1561 2960 κρίσεως

153 3029 185 3081 ¹5
207 2994 260 3060 διὸ.
280 2991 385 3057 τούτου
407 2991 561 3080 σημαίνει,
579 2990 611 3053 ἐν
628 2993 651 3075 ᾧ
667 2985 793 3075 δυνάμει
808 2983 871 3068 θείᾳ
888 2985 1002 3059 ποίντκς
1019 2980 1202 3070 κατακρίνει,
1221 2976 1388 3071 ἕρχομενος
1406 2979 1483 3065 μετἀ.
1499 2977 1559 3040 τῶν

207 3098 350 3194 ἀγγέλων
371 3097 472 3163 αὐτοῦ·
495 3093 516 3174 ί,
542 3096 594 3160 τὸν
615 3094 719 3184 καιρὸν
744 3095 799 3169 τῆς
822 3087 992 3184 γεννησεῶς
1013 3114 1117 3182 φησιν,
1136 3088 1204 3166 Ιἥτις
1221 3086 1271 3150 καί
1288 3086 1388 3176 ἡμέρα
1404 3083 1561 3172 δυνάμεως

207 3207 478 3301 προσαγορεύεται.

244 3434 253 3470 t
275 3415 400 3486 ΠατριάςΙ
419 3431 544 3485 πατρειοις
562 3416 595 3474 Τ,
609 3414 625 3463 i.
644 3421 708 3476 175&
809 3409 986 3474 3πολιτειῶν]
998 3409 1054 3458 cod.
1069 3405 1227 3469 πολητειων.
1329 3394 1459 3471 Ἔτηγε...
1474 3395 1558 3464 δ’ϊτας]

203 3505 301 3555 είειυε.
384 3491 538 3566 6οδρανόν]
549 3497 580 3556 Τ,
595 3496 638 3545 fol.
655 3495 707 3556 176.
794 3492 907 3554 7καλεῑ]
919 3491 999 3553 κτιληι
1011 3508 1056 3540 ms.
1143 3502 1168 3538 τι
1187 3481 1344 3538 Ὗποπάδιον
1361 3487 1393 3544 Τ,
1413 3485 1457 3534 tot.
1475 3495 1521 3545 179
1532 3493 1558 3534 et

204 3584 314 3636 Coinlin.
337 3582 380 3644 8ο,
404 3581 447 3631 inl.
470 3579 526 3630 282.
626 3573 717 3638 αὐτοῦ]
740 3577 780 3635 Τ;
804 3575 965 3626 Θεοῡίὶυίεί.
1065 3570 1280 3634 τῆς]οιιι.ΟοίιΙ.
1383 3563 1558 3633 ninom-fri]

205 3667 287 3720 Cnisl.
310 3665 369 3715 add.
396 3654 506 3731 εἴρηται.
607 3657 653 3723 μέν
675 3655 802 3728 κεφαλήν]
825 3653 853 3708 δὲ
870 3653 988 3725 κεφαλὴν
1007 3648 1053 3718 μέν
1072 3653 1150 3704 Coisl.
1255 3647 1341 3712 ιςτὴν
1354 3651 1401 3698 τοῦ
1415 3643 1555 3716 ἀνθρώπου

206 3743 323 3818 μορφήν]
334 3749 374 3806 Τ;
387 3744 434 3809 τὴν
448 3741 552 3815 μορφὴν
563 3743 611 3792 τοῦ
622 3737 718 3792 δούλου
730 3741 808 3791 Coisi.
896 3752 924 3800 14
938 3728 972 3788 ’Ἢ
984 3734 1029 3787 τὸν
1041 3730 1144 3804 καιρόνΙ
1155 3735 1186 3793 Τ,
1197 3733 1240 3782 iol.
1252 3745 1308 3791 204.
1391 3741 1418 3793 15
1427 3725 1558 3792 σημαίνει]

206 3829 391 3897 οημαινηεοά.

248 4000 275 4056 6.
317 3999 434 4073 οὐρανὸν
463 3996 594 4057 πολλάκις
620 3989 730 4072 κ.τ.λ.]·
762 3993 851 4053 Cont.
907 3981 1470 4063 librotndsumpti0,inquit,humani
1494 4001 1557 4042 cor·

206 4080 333 4139 Hieron.
350 4079 379 4137 in
396 4078 436 4137 Is.
457 4097 479 4149 1,
495 4097 509 4134 2
525 4077 689 4137 :‘Caelum
706 4089 734 4134 et
746 4085 854 4132 terrant
906 4071 1006 4146 poris;
1032 4071 1090 4128 hoc
1114 4081 1168 4140 est,
1185 4068 1339 4126 hominem
1362 4084 1454 4141 quem
1473 4065 1555 4124 Deus

204 4161 245 4220 ad
256 4159 442 4221 audiendum
452 4171 605 4235 provocat,
619 4157 648 4216 in
660 4157 744 4216 caelo
756 4174 855 4230 super·
906 4156 944 4212 de
956 4151 1051 4210 Maria
1062 4151 1203 4228 dignatus
1212 4159 1256 4208 est
1267 4149 1435 4217 adsumere,
1447 4144 1555 4222 ipsum,

205 4263 259 4302 nas
284 4241 455 4320 significans
480 4238 691 4318 angelicasque
712 4238 855 4309 virtutes;
906 4233 1012 4311 inquit,
1037 4233 1109 4292 dicit
1139 4229 1296 4289 scabillum
1323 4229 1436 4303 pedum
1463 4225 1556 4286 eius.'

205 4324 235 4382 in
252 4337 327 4384 terra
342 4321 513 4383 mortalium
534 4341 638 4399 genus,
662 4326 854 4392 μετωνυμικῶς
908 4318 945 4374 Ει
960 4314 1057 4374 simile
1072 4313 1217 4391 quiddam
1240 4310 1296 4386 legi
1311 4307 1509 4368 animadverti
1525 4307 1555 4366 in

204 4406 243 4466 ab
265 4405 311 4467 his
332 4424 409 4483 quae
434 4403 603 4475 continent,
619 4423 654 4463 ea
669 4422 746 4481 quae
761 4399 854 4460 conti·
906 4398 1007 4458 libello
1021 4395 1196 4473 apocrypho
1210 4393 1262 4469 qui
1285 4389 1438 4449 Melitonis
1455 4391 1556 4450 Clanis

204 4497 314 4547 nentur
322 4489 337 4548 ¹.
905 4479 1096 4552 dicitu13qui
1113 4477 1184 4535 item
1199 4475 1237 4534 ab
1253 4473 1298 4532 his
1317 4471 1415 4531 verbis
1430 4470 1554 4550 incipit:

252 4591 296 4628 ιε,
323 4573 395 4634 τινὲς
408 4571 486 4640 μὲν...
499 4565 631 4648 λέγουσιν]
648 4568 692 4628 ct
727 4564 851 4624 Hieron.
907 4563 1026 4637 ‘Caput
1043 4555 1178 4627 Domini,
1195 4554 1259 4633 ipsa
1274 4551 1414 4613 divinitas
1427 4553 1442 4610 '.

203 4670 295 4728 supra
310 4653 374 4712 111²
399 4671 464 4728 154,
483 4669 498 4728 5
514 4674 520 4709 ε
544 4653 635 4726 ‘Legi
651 4649 681 4707 in
696 4647 852 4706 cuiusdam
911 4651 914 4658 '
