4202 5492
471 379 550 464 118
790 437 794 448 ·
845 403 874 462 s,
899 403 1154 466 murionum
1177 405 1442 468 PRESBYTERI

462 620 573 694 maior
603 619 748 685 victoria.
781 620 881 684 Pauci
913 621 1112 687 insidiantur
1142 622 1246 701 lateri,
1276 622 1387 705 plures
1418 623 1618 688 insidiantur
1649 623 1818 686 dexterae.

513 731 676 812 Quoniam
701 733 827 816 angelis
852 733 923 798 suos
946 733 1122 798 mandavit
1142 736 1181 798 de
1196 746 1233 814 te,
1249 745 1287 799 ut
1300 735 1484 800 aestodeant
1498 745 1528 800 te
1543 737 1578 799 in
1593 734 1741 798 omnibus
1755 733 1819 798 viis

467 837 542 902 tuis.
568 837 675 902 Istum
704 835 812 900 locum
838 837 992 902 diabulus
1019 859 1118 922 super
1135 840 1284 904 Domino
1310 821 1547 921 interpretatus
1574 847 1632 902 est.
1651 838 1703 902 Eo
1729 835 1817 900 enim

467 950 618 1024 tempore
645 959 713 1022 quo
739 941 917 1021 temptavit
944 942 1126 1006 Dominum
1153 943 1224 1022 ‘Si‚
1248 943 1366 1026 inquit,
1383 943 1487 1008 Filius
1512 944 1576 1008 Dei
1604 961 1648 1020 es,
1665 942 1761 1006 mitte
1786 948 1819 1004 te

466 1046 632 1110 deorsum.
649 1043 818 1127 Scriptum
840 1055 890 1107 est
906 1047 994 1111 enim
1011 1047 1053 1110 de
1074 1057 1116 1124 te,
1130 1049 1220 1130 quod
1245 1048 1374 1129 angelis
1390 1047 1457 1112 suis
1474 1047 1644 1112 mandavit
1660 1045 1703 1108 de
1718 1054 1761 1122 te,
1784 1053 1818 1106 ut
1855 1057 1871 1112 5

467 1151 659 1218 custodiant
686 1162 719 1216 te
746 1151 790 1214 in¹
806 1149 963 1214 omnibus
987 1150 1048 1213 viis
1075 1149 1148 1214 tuis.
1169 1150 1206 1214 ln
1235 1149 1389 1214 manibus
1413 1149 1596 1232 portabunt
1611 1159 1653 1226 te,
1669 1168 1711 1212 ne
1737 1147 1819 1211 lorte

467 1254 619 1321 offendas
634 1256 678 1320 ad
694 1255 839 1337 lapidem
857 1255 976 1337 pedem
994 1253 1116 1318 tuum’
1131 1252 1295 1318 Diabulus
1308 1253 1388 1317 nihil
1400 1253 1544 1336 ampllus
1552 1250 1651 1328 dixit,
1661 1251 1723 1314 nisi
1735 1250 1798 1313 hoc
1812 1273 1818 1312 :

469 1359 638 1444 Quoniam
655 1358 783 1441 angelis
798 1358 865 1422 suis
882 1358 1054 1422 mandavit
1068 1358 1112 1421 de
1127 1369 1170 1434 te,
1186 1366 1222 1421 ut
1238 1357 1269 1420 in
1288 1358 1441 1422 manibus
1464 1365 1597 1438 portent
1613 1366 1655 1431 te,
1670 1373 1712 1418 ne
1736 1353 1819 1417 sorte

468 1461 687 1528 offendasad
712 1463 857 1547 lapidem
886 1463 1006 1544 pedem
1034 1472 1138 1527 tuum.
1157 1461 1306 1526 Mediam
1332 1471 1461 1544 partem
1488 1458 1624 1523 dimisit.
1642 1457 1709 1520 Hic
1731 1455 1818 1520 enim

469 1567 600 1646 dicitur,
615 1567 784 1652 Quoniam
809 1565 936 1649 angelis
952 1567 1019 1629 suis
1036 1565 1207 1630 mandavit
1223 1565 1265 1629 de
1281 1574 1323 1642 te,
1340 1575 1376 1629 ut
1392 1564 1583 1629 custodiant
1604 1573 1637 1626 te
1653 1562 1686 1625 in
1715 1559 1820 1623 omni·
1843 1581 1874 1618 ιο
1899 1579 1905 1591 ·

470 1670 533 1734 bus
548 1671 609 1748 uiis
625 1671 700 1738 tuis.
718 1671 794 1734 Hoc
810 1689 877 1734 non
894 1669 991 1745 dixit,
1007 1669 1058 1734 Ut
1073 1669 1263 1734 custodiant
1279 1677 1312 1733 te
1328 1669 1361 1732 in
1378 1667 1534 1732 omnibus
1549 1667 1611 1729 viis
1637 1663 1725 1729 tuis:
1741 1661 1820 1725 scie·

468 1772 529 1848 bal
544 1773 633 1838 enim
646 1783 762 1838 contra
773 1793 810 1838 se
821 1793 900 1838 esse.
915 1775 1048 1838 Poterat
1060 1774 1148 1837 enim
1162 1774 1192 1838 ei
1207 1771 1372 1836 Dominus
1385 1771 1606 1854 respondere:
1624 1769 1660 1835 Si
1677 1765 1822 1832 custodit

472 1897 525 1941 me
553 1877 719 1942 Dominus
744 1880 776 1942 in
802 1877 958 1943 omnibus
985 1879 1055 1955 viis,
1071 1898 1151 1961 ergo
1167 1890 1200 1942 et
1216 1881 1245 1940 a'
1256 1888 1290 1942 te
1305 1877 1484 1962 custodior.
1500 1874 1622 1939 Tacuit
1638 1893 1718 1956 ergo
1732 1871 1821 1956 quod

469 1982 598 2046 sciebat
624 1991 740 2046 contra
768 2001 803 2046 se
827 2003 908 2058 esse,
924 1992 957 2047 et
973 1983 1085 2064 posuit
1109 1983 1199 2064 quod
1217 2001 1277 2063 pro
1293 2001 1329 2045 se
1344 1990 1423 2045 erat.
1447 1980 1537 2044 Vere
1551 1977 1715 2054 diabulus,
1729 1972 1823 2059 quasi

471 2083 885 2166 diabulus‚·interpretatur
900 2088 943 2150 de
960 2085 1134 2151 Salvatore
1147 2086 1239 2167 'quod
1258 2105 1322 2148 non
1340 2093 1390 2148 est
1406 2084 1448 2147 de
1474 2082 1657 2148 Salvatore.
1673 2079 1710 2146 Si
1735 2079 1822 2142 enirn
1846 2099 1877 2154 ις

468 2189 515 2266 ¹de
531 2188 705 2256 Salvatore
732 2199 781 2254 est
797 2199 888 2253 totus
905 2189 1062 2270 psalmus,
1078 2189 1163 2251 sicut
1191 2189 1426 2270 interpretaris,
1441 2207 1462 2251 o
1477 2185 1620 2262 diabole,
1635 2195 1670 2248 et
1694 2184 1738 2248 de
1754 2184 1825 2266 ipso

467 2301 524 2372 est
539 2291 628 2374 quod
645 2291 765 2356 dicitur
781 2315 787 2354 :
803 2291 974 2372 Protegom
989 2311 1071 2366 eunt,
1086 2290 1164 2372 quia
1179 2290 1325 2373 cognovit
1339 2309 1451 2353 nornen
1468 2307 1581 2353 anetem.
1601 2287 1676 2351 Hoc
1692 2295 1752 2364 est,
1763 2305 1827 2370 ego

465 2393 577 2481 '‘Pater
601 2403 774 2477 protegam
805 2394 926 2458 Filium
953 2413 1072 2458 mcum.
1101 2395 1157 2460 Sic
1185 2396 1392 2477 interpretor,
1416 2393 1559 2470 diabule,
1589 2392 1761 2476 quomodo
1790 2401 1825 2454 tu

478 2497 651 2581 intellegis.
668 2497 854 2564 Videamus
881 2501 907 2562 si
933 2510 998 2564 stet
1026 2519 1149 2564 sensus.
1166 2497 1341 2583 P'rotogoon
1365 2520 1448 2576 eum,
1462 2499 1541 2581 quia
1556 2496 1701 2579 cognovit
1716 2515 1827 2558 nomen

391 2629 395 2637 Δ
476 2603 682 2667 nomnothoc
708 2610 769 2679 est,
783 2621 848 2684 ego
873 2605 971 2668 Pater
996 2605 1117 2670 Filium
1147 2626 1266 2670 meum.
1286 2603 1450 2669 Clairrabit
1471 2602 1519 2666 ad
1538 2623 1595 2678 me,
1610 2610 1642 2664 et
1654 2600 1828 2664 exaudtiun
1847 2623 1882 2660 so

473 2726 549 2769 enon
564 2729 571 2770 ε
587 2707 650 2772 ltoc
667 2717 727 2783 est,
743 2708 775 2771 in
792 2709 846 2772 die
861 2711 977 2776 crucis.
994 2709 1077 2776 Cum
1095 2712 1161 2792 ipso
1176 2731 1249 2774 sum
1266 2712 1300 2772 iu
1317 2707 1533 2785 tribulatione,
1548 2706 1685 2788 eripiam
1709 2727 1782 2769 euin
1799 2713 1830 2768 et

469 2811 661 2895 glorificabo
680 2833 775 2876 eum:
795 2811 857 2875 hoc
884 2823 943 2889 est,
969 2833 1045 2877 cum
1072 2814 1190 2878 faciam
1219 2833 1397 2894 resurgere.
1423 2810 1673 2893 Longitudinem
1702 2809 1830 2872 dr’errem

478 2914 599 2996 inplebo
620 2936 699 2980 mm.
720 2915 795 2980 Hoc
821 2927 880 2992 est,
897 2917 928 2979 in
957 2927 1128 2982 aeternum
1155 2918 1251 2981 vivet.
1269 2917 1314 2979 Et
1335 2915 1398 2978 hoc
1424 2914 1658 2997 intellegamus
1673 2913 1716 2977 de
1746 2911 1831 2976 Filio

479 3017 552 3094 Dei,
570 3017 831 3101 Longitudincm
848 3019 976 3083 dierum
1004 3021 1139 3102 inplebo
1164 3041 1249 3084 eum.
1269 3021 1344 3083 Hoc
1371 3018 1460 3102 quod
1488 3019 1646 3100 sequitur,
1661 3016 1831 3100 quomodo
1860 3019 1863 3027 '

478 3129 544 3210 stat
561 3122 594 3185 in
612 3121 794 3200 Salvatore,
810 3122 858 3186 Et
871 3125 1036 3188 ostendam
1053 3125 1106 3188 illi
1128 3126 1272 3188 solutore
1295 3125 1427 3187 meunt?
1456 3123 1609 3188 Salutare
1638 3122 1712 3198 Dei,
1729 3120 1832 3184 Filius
1851 3139 1884 3194 ις

482 3224 544 3287 Dei
572 3236 631 3290 cst.
648 3224 685 3290 Si
710 3243 790 3308 ergo
816 3228 859 3292 de
888 3228 974 3293 Filio
1000 3229 1132 3306 dicitur,
1147 3230 1318 3312 quomodo
1335 3235 1445 3310 potest
1467 3233 1580 3292 stare?
1596 3227 1674 3309 quia
1690 3225 1834 3289 salutare

487 3326 560 3403 Dei,
577 3328 605 3390 F
606 3328 680 3393 ilius
698 3330 761 3392 Dei
778 3339 836 3394 est.
853 3330 957 3397 Vides
973 3355 1053 3416 ergo
1068 3334 1227 3416 quoniam
1247 3331 1332 3396 male
1349 3333 1584 3414 interpretatus
1600 3349 1644 3406 es,
1656 3350 1677 3392 o
1692 3327 1835 3393 diabule.

487 3430 555 3496 Sed
583 3432 634 3496 iac
661 3444 697 3498 ut
723 3436 770 3499 sic
786 3436 1029 3520 interpretetur,
1045 3449 1079 3500 ut
1098 3448 1133 3500 tu
1157 3435 1247 3499 dicis.
1267 3435 1403 3512 Dixisti,
1420 3435 1587 3518 Quoniam
1616 3432 1744 3514 angelis
1768 3430 1835 3492 suis

487 3537 659 3600 mandavit
683 3540 725 3602 de
750 3547 791 3618 te,
808 3551 844 3603 ut
867 3541 899 3604 in
926 3542 1079 3604 manibus
1095 3549 1230 3622 portent
1246 3549 1289 3616 te,
1304 3559 1345 3602 nc
1362 3539 1447 3602 forte
1462 3536 1614 3602 offendas
1630 3538 1672 3600 ad
1690 3535 1835 3617 lapidem

486 3640 606 3720 pedem
623 3653 727 3707 tuum.
745 3644 808 3706 Dic
825 3655 857 3708 et
874 3647 964 3726 quod
982 3645 1138 3728 sequitur.
1155 3645 1245 3727 Quid
1271 3650 1387 3707 taces?
1412 3642 1520 3724 Super
1533 3641 1676 3723 aspellam
1700 3649 1733 3703 et
1753 3637 1836 3703 bosi·

519 3850 533 3906 5
545 3845 623 3907 quod]
634 3847 754 3910 quoniam
767 3846 836 3914 tiso.
941 3848 970 3896 16
980 3846 1025 3908 est]
1035 3855 1093 3898 ante
1104 3854 1185 3905 totus;
1197 3848 1254 3895 essit
1266 3847 1288 3896 G
1300 3863 1307 3906 ς
1318 3853 1377 3895 esset
1388 3847 1414 3896 S.
1518 3843 1547 3894 18
1558 3844 1600 3893 Sic
1608 3844 1767 3908 interpretor]
1779 3843 1808 3902 C,
1819 3843 1840 3891 B

486 3931 555 3982 2m;
575 3927 611 3972 sic
631 3926 830 3992 interpraetatur
849 3927 901 3988 SG,
917 3928 1004 3978 Bcorr
1013 3945 1020 3987 ς
1040 3929 1065 3977 ri
1082 3929 1117 3976 sic
1137 3930 1320 3992 interpretatur
1331 3925 1355 3994 p.
1460 3941 1489 3989 19
1499 3928 1578 3976 sistet
1588 3926 1684 3988 sentus]
1703 3928 1728 3975 si
1744 3928 1789 3976 iste
1806 3931 1841 3975 est

484 4016 570 4054 sensas
582 4007 599 4056 S
609 4024 617 4068 3
628 4008 653 4058 si
663 4010 708 4058 isti
717 4026 803 4059 seruus
814 4011 846 4060 G.
937 4023 969 4058 20
983 4007 1067 4070 Pater]
1080 4008 1121 4076 ,tn
1133 4011 1206 4059 inser.
1218 4017 1351 4074 protegam.
1445 4019 1475 4072 25
1489 4009 1573 4058 Filius
1585 4008 1649 4069 Dei]
1661 4009 1704 4058 SG
1716 4024 1765 4058 om.
1782 4007 1838 4056 Dei.

486 4095 520 4146 30
530 4085 582 4136 Dic
591 4089 766 4158 et]S;,'lom.
779 4099 803 4141 et
811 4092 1079 4154 ;dicalG;‹li‹·itoC.

530 4275 555 4333 7.
584 4254 680 4336 mooe]
713 4257 817 4316 Mattb.
849 4278 876 4331 4,
907 4259 925 4316 6
954 4257 1004 4318 ubi
1031 4257 1136 4318 iterum
1188 4255 1330 4333 scriptum
1347 4265 1477 4326 noverat,
1493 4253 1637 4314 debuerat
1658 4253 1776 4313 etillud
1800 4250 1841 4310 di·

488 4350 589 4400 noster
614 4340 712 4398 ‘Hoc
741 4338 771 4397 in
801 4337 1003 4416 nonagesimo,
1030 4338 1135 4416 inquit,
1188 4357 1264 4412 cere,
1281 4337 1364 4414 quod
1380 4336 1409 4395 in
1425 4335 1533 4396 eodem
1560 4335 1677 4410 psalmo
1690 4344 1795 4393 contra
1809 4350 1842 4392 sc

488 4421 604 4498 psalmo
633 4419 781 4497 legimus·;
809 4437 910 4480 verum
939 4419 980 4480 ibi
1010 4440 1070 4480 non
1099 4421 1138 4480 de
1189 4418 1332 4496 sequitur,
1359 4418 1456 4494 Super
1477 4417 1603 4492 aspidem
1631 4422 1660 4474 et
1679 4416 1842 4476 basiliscum

489 4500 618 4574 Christo,
633 4502 686 4562 sed
712 4501 828 4562 devito
852 4513 956 4561 sancto
983 4500 1136 4578 prophetia
1188 4501 1357 4571 anebolabis,
1373 4507 1401 4558 et
1413 4497 1583 4558 conculcabis
1596 4497 1701 4556 leonem
1714 4497 1843 4556 etdrooo

488 4595 541 4644 est.
559 4583 640 4644 Male
654 4601 725 4660 ergo
749 4583 955 4660 interpretatur
979 4583 1137 4659 scripturas
1189 4603 1251 4642 nem
1266 4585 1272 4610 '
1287 4595 1342 4642 etc.

480 4664 628 4725 diabolus.
656 4665 744 4725 Certe
771 4665 795 4722 si
824 4683 892 4724 vere
921 4666 960 4724 de
985 4666 1136 4724 Salvatore
