4160 5500
496 418 579 522 364
874 442 902 502 s.
929 439 1181 502 ntsnoutm
1203 436 1467 498 pessumam

497 651 655 740 quoniam
682 657 744 740 ipsi
760 655 826 722 no'n
843 668 921 724 sunt
945 657 978 724 in
996 659 1068 723 luce
1081 683 1089 724 :
1103 656 1161 722 sed
1178 657 1307 740 eosqui
1324 655 1356 719 in
1383 654 1455 719 luce
1471 654 1577 720 latent
1591 663 1754 719 conantur
1768 654 1850 718 occi·

499 761 586 827 dere.
608 759 721 828 Unam
738 763 880 846 'spinam
908 761 1041 841 habent,
1061 771 1127 828 iton
1149 771 1405 826 convertuntur:
1425 780 1491 824 non
1508 760 1596 824 enim
1613 768 1718 843 agunt
1742 758 1851 843 paeni·

497 867 649 947 tentiam,
670 869 834 950 quoniam
846 867 999 950 occupati
1014 877 1092 932 sunt
1108 867 1141 930 in
1157 865 1373 931 cadaveribus
1398 873 1612 930 mortuorum.
1651 897 1652 904 .

544 970 644 1053 Quod
668 971 721 1036 hic
738 972 888 1055 legimus,
913 972 975 1038 Vos
988 982 1095 1037 autem
1103 971 1233 1054 fecistis
1247 993 1317 1036 eum
1326 970 1507 1054 speluncam
1522 968 1696 1048 latronum,
1712 968 1744 1032 in
1755 986 1850 1032 evan-

498 1077 586 1160 gelio
615 1078 796 1142 secundum
833 1078 1014 1142 Iohannem
1044 1077 1203 1159 legimus:
1219 1081 1226 1108 ‘
1243 1076 1314 1141 Vos
1337 1085 1448 1140 autem
1466 1074 1589 1139 fecistis
1615 1093 1689 1138 eam
1713 1074 1850 1138 domum
1884 1093 1896 1148 s

503 1179 738 1266 negotiationis
753 1183 770 1249 '·.
805 1183 952 1246 Domum
988 1181 1232 1265 negotiationis.
1274 1180 1487 1264 Ubicumque
1517 1180 1662 1244 latrones
1691 1189 1778 1258 sunt,
1808 1177 1851 1242 ibi

500 1286 621 1351 domus
639 1286 885 1370 negetiationis.
903 1286 1047 1351 'Utinam
1064 1290 1106 1351 de
1122 1287 1300 1371 praeterito
1312 1286 1448 1370 'populo
1464 1294 1552 1350 esset
1566 1293 1698 1350 tantum
1717 1284 1851 1349 dictum.

485 1391 640 1456 Utinam
657 1393 698 1455 de
712 1391 844 1455 ludaeis
863 1389 1036 1474 legeretur,
1052 1413 1117 1456 non
1132 1391 1211 1455 item
1228 1393 1270 1454 de
1286 1390 1482 1474 Xpistianis.
1493 1390 1701 1455 Ploraremus
1717 1391 1851 1473 quidem

496 1496 581 1575 illos,
605 1499 663 1563 sed
679 1498 722 1561 de
738 1497 833 1560 nobis
860 1496 1090 1580 gauderemus.
1110 1497 1217 1560 'Nunc
1240 1515 1318 1558 vero
1342 1496 1375 1560 in
1401 1495 1514 1559 multis
1530 1495 1610 1560 locis
1634 1496 1760 1559 domus
1780 1494 1853 1571 Dei,

497 1599 618 1664 domus
643 1601 749 1665 Patris
766 1600 803 1665 fit
826 1602 946 1667 domus
963 1601 1206 1684 negotiationis.
1225 1600 1357 1665 Videtis
1379 1619 1480 1683 quam
1498 1599 1626 1682 trepide
1642 1599 1768 1682 loquor.
1785 1599 1851 1662 Res
1872 1620 1898 1658 ιο

498 1713 569 1768 tam
587 1705 763 1770 manifesta
779 1715 838 1783 cst,
854 1714 890 1768 ut
906 1705 1116 1788 expositione
1144 1725 1210 1769 non
1228 1705 1385 1788 indigeat.
1403 1703 1543 1769 Utinam
1560 1715 1646 1768 esset
1663 1704 1852 1780 obscurum,

486 1807 536 1873 -et'
550 1809 906 1893 nonintellegeremus.
918 1811 958 1874 ln
977 1810 1089 1875 multis
1106 1809 1187 1874 locis
1202 1810 1322 1875 domus
1338 1809 1453 1886 Patris,
1468 1808 1588 1872 domus
1608 1807 1852 1892 negotiationis.

498 1909 575 1996 Ego
601 1914 671 1996 ipse
686 1915 744 1998 qui
760 1914 886 1998 lcquor,
901 1927 933 1980 et
951 1917 1175 2000 unusquisque
1201 1917 1244 1980 de
1259 1915 1362 1992 vobis,
1377 1913 1446 1978 sive
1463 1914 1635 1997 presbyter
1650 1913 1718 1978 sive
1741 1913 1851 1978 diaco-

485 2071 489 2077 .
505 2035 568 2080 nus
584 2016 652 2082 sive
668 2019 853 2102 episcopus,
868 2021 925 2102 qui
941 2019 1010 2084 heri
1037 2041 1172 2106 pauper,
1187 2018 1287 2084 hodie
1313 2019 1414 2098 dives,
1429 2029 1463 2084 et
1478 2019 1571 2084 dives
1586 2021 1619 2084 in
1636 2021 1740 2085 domo
1768 2018 1851 2082 Dei:

501 2124 615 2184 nonne'
635 2121 733 2186 'vobis
760 2121 891 2187 videtur
919 2123 1034 2188 iecisse
1058 2125 1196 2188 domum
1215 2124 1322 2188 Patris
1346 2124 1484 2188 domum
1508 2122 1770 2206 negotiationis?
1798 2122 1851 2186 De
1871 2141 1896 2196 ις

498 2223 572 2288 istis
588 2224 736 2308 loquitur
750 2237 784 2290 et
800 2227 991 2310 apostolus:
1007 2233 1014 2260 ‘
1032 2228 1276 2294 Existimantes
1302 2239 1478 2311 quaestum
1494 2249 1567 2293 esse
1589 2225 1748 2312 pietatem
1765 2228 1780 2292 '.
1798 2228 1851 2292 De

490 2329 569 2393 istis
588 2339 667 2414 eigo
690 2330 834 2415 loquitur
859 2343 891 2397 et
908 2333 1087 2417 apostolus.
1112 2334 1254 2416 Xpistus
1269 2351 1395 2416 pauper
1411 2341 1471 2410 est,
1485 2334 1741 2398 erubescamus:
1768 2333 1850 2416 Xpi·

497 2441 568 2499 stu's
604 2435 738 2501 humilis
765 2445 824 2515 est,
851 2441 1104 2506 erubescamus:
1128 2439 1269 2522 Xpistus
1296 2437 1473 2502 crucifixus
1500 2446 1559 2515 est,
1583 2458 1650 2502 non
1677 2437 1849 2522 regnavit:

489 2539 685 2606 *cruxifixus
702 2553 761 2621 est,
777 2553 814 2607 ut
830 2551 992 2626 regnaret.
1005 2544 1096 2609 Vicit
1119 2544 1291 2620 mundum,
1307 2562 1373 2607 non
1391 2541 1423 2606 in
1441 2543 1604 2626 superbia,
1619 2543 1679 2607 sed
1695 2543 1727 2607 in
1740 2541 1845 2607 humi·

488 2642 747 2712 ,litatetoccidit
770 2646 952 2727 diabolum,
977 2668 1042 2714 non
1077 2649 1197 2726 ridens,
1220 2649 1278 2712 sed
1306 2645 1460 2730 plorans:
1483 2667 1550 2712 non
1578 2646 1767 2730 flagellavit,
1789 2645 1844 2711 sed
1865 2667 1895 2705 20

497 2748 685 2832 flagellatus
712 2762 781 2818 est:
797 2753 926 2836 accepit
956 2751 1099 2835 alapam,
1126 2769 1193 2815 non
1209 2751 1378 2834 percussit.
1407 2749 1453 2813 Et
1470 2771 1531 2815 nos
1556 2750 1657 2834 igitur
1681 2750 1847 2814 imitemur

495 2849 680 2919 Dominum
698 2865 857 2922 nostrum.

488 2995 490 3000 ·
540 2956 628 3022 Ecce
645 2961 716 3024 dies
733 2962 929 3026 ieiuniorum
946 2960 978 3024 in
997 2959 1121 3025 foribus
1132 2969 1217 3025 sunt.
1235 2959 1323 3024 Ecce
1338 2959 1409 3024 dies
1425 2958 1632 3036 ieiuniorum,
1648 2958 1718 3024 dies
1735 2956 1845 3041 paeni·

496 3061 630 3139 tentiae,
656 3063 728 3127 dies
755 3065 984 3148 purgationis:
1002 3065 1162 3138 laetemur
1188 3073 1289 3148 atque
1305 3065 1510 3147 gaudeamus
1538 3082 1633 3128 nunc.
1651 3063 1714 3128 Ille
1737 3063 1847 3137 homo,

495 3164 550 3246 qui
568 3165 600 3227 in
618 3168 792 3250 evangelio
807 3168 929 3232 dicitur
955 3169 1109 3251 lagenam
1127 3178 1267 3250 portare,
1283 3168 1450 3251 egreditur
1466 3168 1508 3232 de
1524 3168 1636 3246 domo,
1651 3178 1684 3231 et
1700 3167 1793 3231 vadit
1804 3167 1844 3230 ad
1861 3189 1892 3242 ²5

493 3267 698 3337 cenaculum.
714 3271 785 3336 Vos
802 3273 857 3356 qui
871 3273 1033 3357 recepturi
1061 3270 1140 3338 estis
1167 3273 1381 3356 baptismum,
1396 3273 1462 3338 iam
1479 3273 1533 3336 die
1549 3273 1693 3337 crastina
1709 3291 1844 3354 praepa·

493 3379 565 3435 rate
581 3393 640 3436 vos
656 3375 813 3440 similiter.
831 3376 898 3460 Qui
924 3377 998 3440 ituri
1015 3377 1150 3441 suntad
1175 3397 1335 3459 pugnam,
1350 3378 1528 3460 diligenter
1543 3388 1621 3442 ante
1646 3397 1681 3441 se
1709 3395 1845 3458 praepa·

487 3485 577 3543 rant.
603 3478 713 3543 Videt·
732 3481 762 3544 si·
771 3490 902 3546 scutum
928 3481 1059 3559 habeat,
1084 3483 1111 3544 si
1138 3480 1292 3564 spatham
1316 3481 1448 3560 habeat,
1463 3482 1489 3544 si
1506 3481 1628 3547 habeat
1652 3481 1798 3559 hastam,
1820 3477 1845 3542 si

491 3579 635 3664 sagittas
660 3582 792 3660 habeat,
819 3586 845 3649 si
873 3604 978 3668 equus
1005 3586 1107 3669 ipsius
1135 3584 1276 3650 resectus
1301 3595 1372 3652 est:
1399 3595 1434 3651 ut
1459 3607 1608 3671 pugnare
1632 3585 1747 3670 possit,
1762 3594 1846 3664 ¹ante

495 3697 671 3768 praeparat
687 3698 899 3754 armaturam.
912 3689 1034 3754 Vestra
1046 3710 1147 3766 arma,
1163 3689 1283 3754 ieiunia
1300 3701 1377 3754 sunt
1392 3715 1398 3756 :
1415 3702 1524 3756 vestra
1539 3711 1660 3776 pugna,
1676 3689 1845 3755 humilitas
1863 3713 1892 3765 30

493 3798 552 3854 est.
570 3789 696 3875 Siquis
724 3793 848 3877 aliquid
876 3793 979 3858 habet
1005 3795 1162 3859 adversus
1189 3793 1344 3876 aliquem,
1370 3793 1528 3870 dimittat,
1544 3804 1580 3860 ut
1603 3795 1792 3859 dimittatur
1808 3791 1844 3854 ei.

493 3891 604 3959 Nemo
621 3897 708 3961 enim
737 3897 863 3979 cogitat
879 3899 989 3964 venire
1006 3899 1048 3963 ad
1076 3897 1280 3982 baptismum
1297 3907 1333 3964 ut
1350 3899 1561 3964 dimittantur
1588 3900 1617 3963 ei
1643 3906 1790 3982 peccata,
1812 3906 1844 3960 et

494 3997 564 4080 ipse
580 3999 672 4066 iratri
689 4011 767 4066 ante
783 4022 850 4067 non
876 4002 1033 4069 dimittat.
1050 4003 1086 4069 Si
1103 4023 1183 4086 ergo
1207 4002 1337 4067 habetis
1364 4002 1490 4087 aliquid
1516 4003 1673 4067 adversus
1702 4000 1845 4075 fratrem,

494 4103 662 4172 dimittite.
678 4107 757 4172 Non
774 4107 856 4186 dixi,
871 4108 898 4171 si
926 4108 1005 4192 quid
1024 4106 1079 4171 ille
1104 4107 1236 4185 habeat,
1252 4107 1422 4173 dimittat:
1439 4107 1507 4183 sed,
1524 4115 1559 4170 tu
1576 4107 1603 4170 si
1627 4105 1708 4190 quid
1736 4102 1846 4178 habes,

533 4313 559 4370 ό.
573 4311 785 4395 negotiationis]
799 4314 841 4374 Io.
861 4335 887 4386 2,
907 4316 952 4374 16.
1193 4309 1286 4371 laicos
1302 4312 1309 4339 '
1323 4321 1377 4370 etc.

536 4411 580 4465 ¹4·
597 4392 818 4476 siveepiscopus]
835 4395 960 4456 Hieron.
978 4393 1008 4454 in
1034 4395 1142 4453 Matth.
1242 4397 1288 4453 16.
1299 4389 1445 4473 pietatem]
1465 4413 1477 4450 1
1494 4391 1573 4452 Tim.
1590 4396 1617 4466 ό,
1635 4411 1659 4471 5.

494 4493 540 4547 21,
561 4495 594 4534 12
621 4497 664 4554 sq.
693 4479 881 4538 ‘secundum
902 4473 1042 4556 mysticos
1062 4474 1144 4535 intel·
1239 4495 1284 4534 21.
1301 4494 1358 4533 nou
1366 4469 1522 4555 percussit]
1544 4475 1630 4537 Cons.
1648 4494 1737 4553 supra
1754 4495 1780 4554 p.
1800 4477 1843 4548 1⁶,

492 4555 596 4630 lectus,
627 4557 739 4619 cotidie
768 4560 853 4619 lesus
881 4556 1044 4635 ingreditur
1071 4568 1143 4617 tem·
1195 4557 1212 4616 l.
1233 4575 1266 4631 17
1284 4575 1325 4632 sq.
1641 4579 1645 4585 ·

492 4637 575 4720 plum
592 4638 695 4713 Patris,
711 4651 740 4700 et
752 4639 819 4700 eicit
835 4659 940 4701 omnes
955 4653 1014 4698 tarn
1031 4638 1141 4715 episco-
1236 4655 1281 4715 ²5·
1298 4637 1340 4696 ad
1350 4635 1527 4719 cenaculum]
1545 4639 1636 4699 Marc.
1661 4659 1707 4712 14,
1727 4659 1762 4716 ¹³
1777 4658 1839 4716 sqq.

491 4737 547 4796 pos
561 4731 591 4780 et
612 4721 797 4800 presbyteros
822 4733 851 4782 et
874 4720 1028 4792 diaconos,
1051 4739 1140 4798 quam
