4158 5492
432 384 459 465 8
766 387 768 392 ’
816 405 843 461 s
869 401 1123 462 strennuum
1147 402 1410 460 pessumum

437 622 601 690 iudicatus
616 631 666 684 est
682 623 698 686 ’.
716 619 782 703 Qui
800 639 880 702 ergo
896 619 1093 684 iudicandus
1108 625 1168 695 est,
1183 618 1210 680 si
1226 625 1260 682 et
1276 615 1330 680 ilie
1345 617 1402 701 qui
1424 616 1529 682 credit
1544 633 1610 681 non
1628 613 1786 680 indicabi-

437 735 506 804 tur,
522 734 555 790 et
571 724 626 790 ilie
643 724 698 808 qui
716 744 782 788 non
794 723 897 788 credit
908 723 973 787 iam
991 722 1155 787 iudicatus
1165 733 1214 786 est
1226 727 1239 784 ?
1252 719 1318 803 Qui
1328 721 1360 785 in
1377 721 1431 786 die
1447 720 1558 786 iudicii
1571 719 1788 785 iudicabitur?

439 831 661 912 Requiramus
676 847 757 911 ergo
782 825 929 892 medium
958 826 1042 891 inter
1058 827 1247 890 credentem
1273 834 1307 891 et
1323 845 1387 890 non
1416 826 1616 904 credentem,
1630 826 1687 909 qui
1703 823 1786 888 iudi·

434 937 561 1000 candus
576 934 628 1000 sit.
645 932 712 1016 Qui
735 931 840 997 credit
864 951 931 995 non
948 929 1155 995 iudicabitur.
1183 928 1250 1012 Qui
1277 929 1382 994 credit
1406 948 1472 994 non
1498 940 1624 1013 peccat,
1639 929 1696 1014 qui
1711 948 1787 992 vere

432 1039 538 1105 credit
554 1058 620 1102 non
638 1045 763 1120 peccat,
779 1035 836 1120 qui
852 1055 963 1099 veram
992 1033 1092 1099 fidem
1118 1033 1219 1098 habet
1236 1054 1301 1098 non
1332 1044 1456 1118 peccat.
1473 1035 1627 1118 Denique
1649 1033 1786 1118 quando
1822 1046 1836 1099 5

430 1163 617 1229 peccamus,
647 1162 740 1206 mens
778 1149 892 1206 nostra
929 1140 962 1204 in
994 1139 1060 1204 fide
1090 1138 1249 1219 fluctuat;
1279 1158 1320 1202 eo
1349 1146 1499 1221 tempore
1533 1138 1669 1221 quando
1710 1155 1786 1220 pec-

429 1268 554 1325 camus,
569 1247 705 1330 quando
721 1245 900 1321 irascimur,
913 1244 1049 1327 quando
1064 1241 1280 1320 detrahimus,
1293 1243 1428 1326 quando
1438 1241 1621 1306 homicidia
1637 1240 1786 1317 iacimus,

429 1352 565 1436 quando
581 1350 790 1425 fornicamur,
806 1347 862 1412 ubi
879 1345 961 1411 fides
975 1351 1052 1411 est?
1069 1345 1159 1428 Ergo
1175 1346 1264 1429 quod
1282 1345 1372 1423 dicit,
1388 1346 1455 1430 Qui
1466 1347 1572 1411 credit
1587 1346 1621 1410 in
1638 1365 1701 1423 me,
1717 1364 1785 1409 non

430 1454 630 1521 iudicabitur
645 1476 652 1532 ;
669 1473 735 1517 non
751 1451 841 1516 enim
859 1469 993 1515 necesse
1007 1449 1108 1513 babet
1125 1449 1272 1526 iudicari,
1288 1449 1355 1513 iam
1372 1449 1491 1515 beatus
1507 1458 1566 1514 est.
1584 1448 1650 1532 Qui
1671 1457 1784 1514 autem

431 1579 496 1624 non
510 1558 624 1634 credit,
636 1557 702 1621 iam
716 1555 881 1620 iudicatus
896 1563 947 1618 est
962 1575 970 1634 ;
987 1553 1052 1618 iam
1064 1553 1151 1618 enim
1166 1552 1412 1637 praeiudicatus
1428 1555 1470 1618 ad
1483 1573 1628 1637 poenam
1645 1563 1705 1618 est.
1717 1551 1785 1635 Qui
1808 1569 1838 1606 ¹⁰

431 1681 512 1743 ergo
529 1660 716 1724 iudicatur?
733 1657 799 1742 Qui
815 1658 921 1722 credit
937 1657 1083 1740 quidem,
1096 1658 1154 1722 sed
1166 1658 1311 1740 peccatis
1327 1657 1471 1722 vincitur
1482 1681 1489 1722 :
1500 1658 1556 1740 qui
1573 1657 1675 1722 habet
1687 1658 1785 1732 bona,

432 1764 534 1830 habet
548 1773 582 1827 et
599 1763 686 1828 mala
701 1787 709 1828 :
723 1763 780 1846 qui
796 1783 838 1826 eo
853 1771 1004 1843 tempore
1019 1781 1087 1844 quo
1102 1761 1208 1825 credit
1223 1758 1397 1839 benefacit,
1413 1782 1480 1845 quo
1496 1782 1562 1826 non
1580 1763 1686 1826 credit
1699 1761 1785 1825 male

433 1867 518 1932 iacit.
534 1867 719 1931 Videamus
734 1886 815 1948 ergo
831 1885 918 1929 nunc
934 1865 1013 1948 quid
1031 1863 1160 1930 dicitur.
1175 1864 1251 1929 Ideo
1266 1885 1328 1928 non
1345 1874 1521 1947 resurgunt
1535 1866 1631 1948 impii
1645 1866 1680 1929 in
1701 1865 1786 1928 iudi·

430 1971 485 2035 cio.
504 1969 580 2035 Non
598 1978 774 2052 resurgunt
802 1976 837 2033 ut
853 1969 1049 2044 iudicentur,
1064 1969 1143 2052 quia
1169 1969 1234 2032 iam
1252 1969 1388 2032 iudicati
1413 1979 1511 2034 sunt:
1528 1968 1595 2052 Qui
1611 1970 1701 2034 enim
1718 1989 1784 2034 non

431 2075 536 2139 credit
553 2075 584 2137 in
603 2094 665 2152 me,
681 2074 747 2138 iani
764 2073 929 2137 iudicatus
943 2081 1004 2138 est.
1019 2071 1133 2153 Neque
1139 2082 1318 2154 peccatores
1329 2071 1364 2136 in
1378 2072 1509 2136 consilio
1525 2073 1695 2139 iustorum.
1708 2073 1786 2137 Non
1808 2089 1836 2143 ις

431 2179 530 2256 dixit,
547 2187 739 2261 peccatores
755 2197 821 2242 non
839 2184 1015 2259 resurgunt
1028 2197 1036 2255 ;
1051 2177 1120 2254 sed,
1133 2194 1199 2241 non
1217 2186 1392 2260 resurgunt
1408 2176 1441 2239 in
1457 2176 1597 2241 consilio
1613 2177 1787 2243 iustorum.

435 2284 511 2347 Non
531 2291 698 2347 merentur
712 2301 788 2346 cum
805 2281 857 2345 his
884 2300 1062 2363 resurgere,
1078 2281 1134 2362 qui
1160 2300 1226 2345 non
1244 2290 1322 2346 sunt
1348 2281 1527 2348 iudicandi.
1544 2281 1580 2347 Si
1598 2282 1630 2345 in
1648 2301 1702 2347 me
1717 2302 1785 2348 cre·

434 2389 561 2464 derent,
575 2406 651 2450 cum
669 2385 720 2450 his
735 2393 953 2474 resurgerent,
968 2385 1024 2467 qui
1041 2403 1108 2448 non
1125 2394 1202 2449 sunt
1219 2385 1397 2453 iudicandi.

479 2490 641 2570 Quoniam
657 2489 749 2553 novit
763 2488 927 2553 Dominus
942 2489 1033 2554 viam
1049 2489 1218 2568 iustorum,
1232 2501 1264 2555 et
1279 2490 1344 2556 iter
1356 2494 1532 2576 impiorum
1539 2493 1669 2576 peribit.
1694 2493 1786 2578 Quo·

433 2595 523 2660 niam
549 2595 641 2658 novit
668 2593 835 2658 Dominus
862 2593 950 2658 viam
976 2595 1146 2659 iustorum.
1173 2595 1218 2660 Et
1241 2596 1321 2679 quid
1348 2597 1475 2678 grande
1490 2606 1551 2676 est,
1566 2597 1594 2660 si
1620 2596 1787 2664 Dominus
1806 2612 1838 2649 20

433 2699 561 2764 noverit
578 2698 665 2762 viam
684 2698 870 2763 iustorum?
888 2697 955 2764 Sed
971 2698 1093 2763 dicitur
1108 2698 1201 2764 Deus
1218 2719 1315 2764 nosse
1331 2721 1389 2766 eos
1406 2721 1490 2784 quos
1507 2721 1605 2767 nosse
1621 2703 1787 2786 dignatur.
1866 2770 1872 2782 ,

434 2802 589 2886 Denique
613 2802 656 2866 de
680 2802 909 2885 peccatoribus
936 2802 1075 2867 dicitur:
1092 2808 1099 2835 ‘
1117 2803 1278 2868 Recedite
1300 2823 1320 2867 a
1348 2825 1411 2884 me,
1426 2807 1568 2890 operarii
1593 2807 1790 2889 iniquitatis,

434 2926 500 2972 non
518 2906 593 2970 novi
609 2927 669 2970 vos
679 2904 695 2971 '.
706 2905 798 2969 Dicit
810 2905 981 2988 apostolus
997 2930 1004 2970 :
1019 2911 1026 2938 ‘
1041 2905 1077 2970 Si
1089 2906 1163 2989 quis
1176 2907 1358 2991 cognoscit,
1369 2910 1581 2993 cognoscitur
1594 2910 1609 2974 ¹.
1625 2909 1789 2988 Quoniam

433 3011 525 3074 novit
538 3009 702 3072 Dominus
713 3008 803 3073 viam
820 3008 987 3072 iustorum.
999 3009 1065 3092 Qui
1079 3019 1234 3093 peccator
1249 3019 1309 3088 est,
1322 3030 1388 3074 non
1405 3029 1482 3075 eum
1494 3013 1587 3076 novit
1605 3013 1789 3090 Dominum

433 3114 489 3196 qui
506 3114 611 3177 iustus
627 3120 686 3189 est,
703 3121 802 3176 notus
818 3122 868 3177 est
884 3132 904 3177 a
920 3113 1004 3178 Deo.
1022 3114 1181 3197 Legimus
1198 3115 1231 3178 in
1248 3113 1380 3191 Genesi,
1392 3136 1432 3180 eo
1449 3125 1599 3200 tempore
1614 3135 1682 3198 quo
1695 3135 1788 3199 prae·
1806 3130 1837 3184 2⁵

432 3218 597 3282 varicatus
623 3225 674 3280 est
700 3216 825 3293 Adam,
848 3236 888 3281 eo
915 3225 1065 3300 tempore
1092 3240 1159 3303 quo
1184 3218 1291 3300 magis
1315 3219 1442 3284 audivit
1469 3229 1658 3303 serpentem
1684 3239 1786 3302 quam

434 3322 554 3398 Deum,
570 3320 706 3403 quando
729 3339 764 3382 se
790 3320 967 3384 abscondit
993 3321 1113 3385 aiacie
1137 3322 1212 3397 Dei,
1226 3325 1317 3387 venit
1346 3324 1437 3388 Deus
1454 3334 1531 3406 post
1559 3322 1736 3406 prandIum
1754 3322 1786 3388 in

434 3423 597 3506 paradiso,
613 3432 645 3486 et
661 3421 908 3487 deambulabat.
925 3423 1048 3489 Videte
1064 3425 1143 3509 quid
1160 3426 1288 3492 dicitur.
1303 3427 1456 3510 Requirit
1472 3427 1566 3491 Deus
1578 3426 1703 3504 Adam,
1719 3445 1784 3491 non

434 3530 466 3590 in
484 3526 630 3604 meridie,
642 3527 699 3590 sed
717 3525 759 3590 ad
770 3545 964 3609 vesperam;
981 3529 1047 3594 iam
1063 3530 1152 3594 enim
1166 3530 1279 3596 Adam
1297 3530 1401 3595 solem
1415 3531 1614 3613 perdiderat,
1625 3529 1704 3613 quia
1721 3550 1788 3594 me·

431 3753 433 3759 ’
468 3746 939 3812 tQuierg01itacodd;quisergop.
1042 3747 1377 3812 sDeniqchGStdemum
1391 3769 1418 3814 μ.
1520 3749 1624 3815 8quod]
1640 3750 1705 3814 quid
1719 3749 1788 3810 C,G

434 3829 486 3880 iin
503 3845 523 3879 o.
628 3842 657 3878 10
673 3827 872 3894 praeiudicatur]
892 3827 977 3889 Gsn;
993 3829 1178 3892 predestinatus
1199 3829 1248 3894 μῦ.
1352 3844 1379 3880 21
1404 3831 1512 3893 noverit]
1533 3831 1598 3882 BGS
1610 3850 1618 3891 ς
1640 3831 1712 3880 nonii
1734 3831 1786 3890 ne.

434 3925 465 3977 23
484 3915 603 3978 cognmcit
620 3907 782 3977 cognoscitur]
799 3911 853 3971 ΑΒ,
867 3909 924 3961 cod.
939 3909 1088 3977 Gratianop.
1103 3911 1151 3962 218
1162 3929 1169 3970 ;
1181 3913 1299 3976 cognoscit
1309 3921 1463 3976 cognoscetur
1475 3913 1513 3977 μδ
1525 3930 1532 3972 ;
1544 3913 1592 3977 qni
1602 3914 1679 3963 noscit
1689 3914 1737 3978 pui
1747 3929 1787 3963 no·

433 3997 513 4045 scitur
523 3996 555 4048 G.

479 4188 501 4229 r.
519 4168 663 4228 indr‘cotus
676 4163 729 4248 cst]
747 4167 790 4227 Io.
808 4185 835 4243 3,
855 4169 898 4226 18.
1131 4161 1784 4242 quatiorumincurianegationemexcidisse.

476 4269 522 4326 23.
539 4246 746 4330 nonntovinos]
764 4249 869 4308 Matth.
889 4266 915 4322 7,
933 4268 947 4306 2
953 4267 969 4323 3
983 4269 991 4321 ;
1007 4249 1079 4307 Luc.
1132 4247 1321 4324 Quapropter
1349 4245 1465 4308 videtur
1501 4245 1705 4323 Hieronymus
1733 4265 1787 4324 pro

438 4351 482 4408 13,
500 4349 545 4408 ²7·
1134 4327 1281 4390 sententia
1308 4327 1435 4405 apostoli
1459 4326 1641 4403 reciprocam
1671 4338 1786 4389 senten-

476 4413 599 4490 Siquis
621 4413 758 4490 cognoscit
782 4408 967 4491 cognoscitur]
1000 4412 1081 4470 lnso
1134 4409 1213 4482 tiam,
1231 4420 1335 4484 utpote
1349 4427 1426 4487 quae
1449 4427 1504 4470 nec
1520 4407 1618 4468 minus
1640 4409 1704 4486 ipsa
1718 4427 1786 4472 vera

434 4496 498 4558 lens
521 4493 725 4572 interpretatio
750 4494 894 4555 Paulinae
918 4491 1090 4554 sententiae
1134 4502 1219 4563 esset,
1236 4490 1400 4568 protulisse.

435 4577 449 4636 1
473 4577 541 4638 Cor.
576 4596 621 4650 14,
649 4579 687 4652 38
712 4577 741 4640 ei
754 4571 785 4640 δέ
801 4598 847 4650 τις
865 4574 978 4668 ἀγνοεῖ,
994 4575 1082 4665 ἀγνο-
1177 4575 1222 4633 28.
1245 4567 1458 4653 dcanrbulabot]
1475 4572 1550 4632 Gen.
1569 4589 1595 4648 3,
1612 4571 1630 4628 8
1645 4589 1708 4650 sqq.

434 4665 521 4732 εἷται.
550 4666 607 4726 Vix
621 4685 708 4745 porro
732 4667 916 4728 credendum
933 4677 986 4739 est,
1011 4663 1084 4725 anti·
