4060 5498
550 417 806 478 TRACTATUS
839 418 894 474 DE
926 419 1095 477 PSAthlO
1124 420 1204 478 XCI.
1509 422 1560 507 75

207 620 314 702 magis
339 621 450 684 nosti:
478 618 620 702 gentiles
645 626 756 681 autern
779 619 811 681 in
835 639 876 681 eo
899 621 990 701 quod
1008 621 1175 684 sedicunt
1195 621 1288 698 scire,
1306 623 1467 698 nesciunt,
1484 624 1561 706 quia

206 725 289 789 salsa
305 734 383 788 sunt
400 745 485 806 quae
503 733 675 786 noverunt.
689 722 864 805 Simulque
876 723 1049 787 considera
1061 725 1141 805 quid
1155 727 1282 788 vocaris
1297 727 1423 790 :fidelis
1437 729 1561 810 utique,

205 849 272 893 non
290 829 470 894 rationalis.
489 830 642 911 Denique
655 839 793 910 accepto
806 829 975 910 baptismo
988 831 1052 894 lroc
1065 832 1206 894 dicimus
1220 857 1226 895 :
1245 833 1368 896 Fidelis
1381 835 1488 898 lactus
1501 845 1561 909 est,

204 934 273 996 sive
290 933 397 996 lactus
421 953 503 997 sum.
528 933 639 998 Credo
662 936 752 1016 quod
780 937 912 998 nescio:
941 944 974 996 et
1001 947 1177 1018 propterea
1203 938 1282 1014 scio,
1305 939 1384 1020 quia
1413 957 1466 1000 me
1492 939 1560 1000 scio

170 1038 332 1111 suescire
366 1039 456 1119 quod
484 1040 606 1103 nescio.
632 1039 699 1104 Sed
728 1039 819 1102 dicat
846 1038 988 1119 aliquis:
1018 1039 1094 1102 Hoc
1123 1060 1189 1104 non
1217 1049 1268 1104 est
1295 1061 1477 1124 exponere,
1501 1041 1558 1104 sed

206 1143 318 1226 sugere
334 1144 581 1226 expositionem
599 1165 606 1220 ;
622 1153 655 1206 et
672 1162 733 1206 nos
749 1142 938 1205 sciebamus
962 1143 1045 1206 scire
1071 1145 1160 1226 quod
1189 1145 1430 1222 nesciebamus,
1445 1156 1482 1208 tu
1500 1167 1561 1208 nos

204 1248 289 1311 doce
304 1247 387 1311 scire
403 1249 493 1330 quod
512 1249 714 1328 ignoramus.
732 1247 853 1310 Nonne
870 1247 989 1311 melius
1005 1259 1055 1312 est
1084 1250 1137 1330 pie
1155 1249 1378 1330 ignorantiam
1404 1247 1560 1330 profiteri,

204 1372 305 1434 quam
323 1363 447 1415 temere
462 1351 524 1413 sibi
542 1351 717 1414 scientiam
735 1350 928 1414 vindicare?
948 1351 985 1412 ln
1014 1352 1068 1414 die
1093 1352 1204 1414 iudicii
1229 1371 1294 1414 non
1320 1353 1462 1416 damnor
1483 1352 1560 1432 quia

204 1459 324 1534 dicam,
342 1457 475 1520 Nescivi
494 1468 647 1520 naturam
665 1455 823 1519 creatoris
841 1459 915 1532 mei,
942 1459 969 1518 si
997 1465 1110 1520 autem
1135 1457 1260 1539 aliquid
1279 1466 1402 1519 temere
1420 1457 1560 1518 dixero:

156 1585 186 1620 ιο
204 1561 374 1625 temeritas
392 1581 537 1642 poenam
554 1560 665 1636 habet,
681 1560 871 1641 ignorantia
887 1560 1020 1623 veniam
1032 1571 1245 1642 promeretur.
1260 1562 1421 1624 Dicamus
1433 1560 1558 1642 aliquid

204 1668 246 1730 de
263 1666 445 1746 scripturis,
462 1684 528 1728 non
546 1665 710 1727 rationem
728 1675 916 1745 sequentes,
934 1667 992 1727 sed
1010 1667 1246 1729 auctoritatem
1277 1664 1414 1726 Domini
1443 1663 1559 1728 Salva·

204 1771 294 1833 toris.
324 1768 413 1850 Quid
442 1769 531 1831 enim
560 1768 652 1843 dicit,
678 1788 876 1832 ascensurus
904 1769 945 1832 ad
974 1769 1103 1831 caelum
1133 1771 1175 1832 ad
1204 1768 1378 1852 apostolos
1412 1767 1561 1849 loquens,

203 1875 324 1958 quibus
351 1873 522 1956 praedicat
550 1883 586 1934 ut
615 1873 775 1952 magister
800 1881 833 1935 et
860 1873 1050 1934 Dominus?
1076 1874 1187 1937 Nemo
1210 1875 1256 1936 sic
1273 1873 1366 1936 novit
1383 1872 1424 1935 de
1443 1881 1561 1935 natura

203 2000 263 2042 sua
281 1979 399 2054 dicere,
414 1977 585 2059 quomodo
603 1976 673 2057 ipse
689 1979 745 2057 qui
765 1976 859 2039 Deus
875 1987 946 2040 est:
963 1977 1060 2040 uobis
1076 1977 1218 2041 sufficiat
1231 1978 1314 2040 scire
1328 1978 1370 2042 de
1385 1977 1561 2050 Trinitate,

155 2084 293 2165 15qu0d
314 2083 479 2146 Dominus
495 2099 668 2161 exponere
684 2081 844 2161 dignatus
861 2090 921 2143 est.
950 2079 1039 2162 Quid
1068 2081 1156 2142 enirn
1183 2081 1264 2144 dicit
1290 2083 1332 2144 ad
1361 2080 1559 2162 apostolos?

204 2187 211 2214 ‘
227 2187 287 2262 lte,
302 2185 472 2265 baptizate
488 2203 607 2246 omnes
624 2194 742 2264 gentes
758 2185 790 2247 iu
811 2185 946 2248 nomine
963 2185 1068 2247 Patris
1081 2195 1115 2247 et
1129 2185 1204 2247 Filii
1217 2197 1250 2248 et
1266 2187 1411 2268 Spiritus
1425 2187 1532 2249 sancti
1545 2186 1560 2249 ’.

204 2291 284 2352 Tria
300 2290 437 2350 nomina
452 2289 563 2364 audio,
580 2300 612 2349 et
629 2308 732 2350 unum
751 2289 873 2352 dicitur
889 2313 895 2351 :
912 2308 977 2350 non
995 2291 1084 2351 enim
1102 2289 1198 2365 dixit,
1223 2289 1254 2352 in
1278 2290 1479 2364 nominibus,
1501 2293 1558 2352 sed

203 2397 236 2458 irr
254 2395 397 2457 nomine.
414 2393 494 2456 Tria
510 2395 648 2458 nomina
664 2396 764 2459 dicit:
781 2406 814 2459 et
831 2399 1003 2477 quomodo
1020 2415 1122 2460 unum
1139 2397 1231 2473 dicit,
1250 2399 1286 2460 ln
1305 2397 1440 2461 nomine
1455 2397 1560 2459 Patris

202 2509 237 2564 et
254 2499 329 2562 Filii
345 2507 378 2561 et
394 2497 539 2580 Spiritus
556 2499 689 2562 sancti?
707 2499 841 2563 Nomen
860 2499 967 2563 Patris
984 2509 1018 2563 et
1037 2499 1156 2562 Filiiet
1168 2499 1315 2582 Spiritus
1332 2503 1439 2566 sancti
1456 2523 1558 2566 unum

149 2635 184 2668 20
202 2615 251 2668 est
267 2629 273 2667 :
289 2605 347 2666 sed
364 2602 541 2666 Trinitatis
558 2612 609 2665 est
626 2623 757 2666 nomeu.
787 2603 886 2686 Quod
913 2603 1043 2679 dicitur,
1069 2605 1100 2666 irr
1129 2605 1264 2667 nomine
1294 2607 1401 2670 Patris
1429 2607 1501 2681 Dei,
1526 2609 1557 2668 in

201 2711 338 2773 nomine
363 2705 437 2770 Filii
463 2707 537 2784 Dei,
565 2708 596 2770 in
626 2709 760 2771 nomine
789 2708 935 2789 Spiritus
960 2710 1067 2772 sancti
1097 2710 1182 2772 Dei:
1211 2711 1310 2773 Pater
1337 2719 1369 2772 et
1398 2709 1501 2772 Filius
1526 2721 1559 2772 et

201 2814 347 2894 Spiritus
363 2822 499 2876 sanctus
515 2830 619 2874 unum
637 2831 758 2874 nomen
776 2821 827 2873 est
846 2811 1041 2874 divinitatis.
1059 2813 1125 2876 Sed
1141 2815 1278 2895 requiris
1290 2834 1309 2875 a
1321 2833 1374 2876 me
1386 2816 1560 2895 quomodo

202 2938 269 2980 uno
292 2916 427 2980 nomine
452 2925 517 2978 tres
541 2915 780 3000 appellantur?
809 2916 943 2990 Nescio,
968 2927 1002 2979 et
1028 2917 1129 2979 libere
1158 2937 1210 2979 me
1238 2919 1364 2980 nescire
1393 2916 1559 2998 profiteor,

200 3024 290 3105 quod
309 3021 461 3087 Christus
478 3020 584 3082 noluit
602 3018 757 3084 indicare.
777 3020 852 3082 Hoc
869 3019 978 3082 solum
996 3021 1073 3098 selu,
1089 3021 1168 3101 quia
1185 3021 1216 3083 in
1235 3021 1297 3082 lroc
1310 3041 1383 3083 sum
1398 3019 1557 3084 Christia-

144 3158 180 3211 25
201 3149 274 3205 nus,
298 3129 375 3210 quia
403 3146 505 3189 unum
534 3126 643 3188 Deurn
669 3125 701 3186 in
730 3125 897 3186 Trinitate
922 3123 1092 3187 confiteor.
1117 3124 1153 3188 Si
1177 3134 1290 3188 autem
1314 3127 1433 3189 dixero
1457 3144 1557 3186 unam

200 3250 376 3312 personam
394 3249 466 3292 esse
485 3229 591 3291 Patris
607 3238 640 3290 et
660 3227 733 3289 Filii
750 3236 785 3290 et
799 3227 945 3308 Spiritus
956 3229 1072 3302 sancti,
1086 3227 1299 3290 Sabellianus
1310 3227 1515 3309 appellabor,
1526 3241 1559 3292 et

199 3337 325 3416 incipio
341 3353 407 3396 non
425 3352 498 3394 esse
515 3314 726 3396 Christianus
743 3331 800 3394 sed
821 3332 984 3394 iudaeus:
1011 3331 1090 3412 quia
1115 3341 1148 3393 et
1180 3332 1322 3394 ludaeus
1347 3333 1428 3394 dicit
1454 3353 1556 3395 unum

236 3489 305 3552 sest]
319 3504 334 3537 rr
347 3505 353 3545 ;
365 3487 462 3535 orn.·L.
566 3497 594 3548 15
606 3486 687 3546 eninr]
701 3485 723 3533 L
734 3502 741 3540 ;
752 3500 809 3546 ergo
820 3500 844 3533 nr.
951 3496 977 3543 17
989 3484 1124 3546 a'r'rr'lnr]er
1145 3486 1204 3535 add.
1227 3501 1324 3534 nornen.
1430 3487 1457 3534 18
1476 3503 1558 3535 rmum

198 3571 272 3632 dicit]
285 3587 367 3618 unum
374 3571 449 3634 ponit
461 3585 485 3618 α.
588 3579 619 3615 20
637 3568 776 3615 Trinitatis
787 3573 821 3615 esi
831 3581 927 3614 nomen.
946 3567 1018 3626 Quod
1027 3568 1134 3629 dr'cilur]
1147 3568 1184 3625 L;
1203 3569 1319 3616 Trinitas
1338 3575 1374 3616 est
1389 3583 1477 3616 nornen
1495 3569 1562 3630 qnod

198 3655 296 3704 dicitur
307 3669 332 3702 α.
435 3651 466 3699 26
478 3649 649 3711 Sabellianus]
661 3665 677 3698 rr
688 3667 695 3708 ;
707 3648 834 3697 Sabrilirrr
847 3647 875 3694 L.
978 3659 1008 3708 27
1020 3649 1124 3712 incipio]
1136 3665 1152 3698 er
1164 3669 1172 3708 ς
1183 3652 1232 3699 scio
1245 3651 1274 3700 L.

243 3792 267 3828 2.
282 3770 383 3844 fidelis
398 3789 424 3827 rr.
442 3788 498 3826 non
514 3763 683 3846 rationalis]
700 3767 764 3824 Ill²
785 3781 848 3840 154,
903 3764 1118 3847 expositionem]
1145 3767 1271 3825 Hieron.
1301 3769 1413 3827 Contra
1443 3768 1555 3826 Ruffln.

201 3873 239 3928 ²3
257 3851 396 3911 ‘Fideles
410 3849 547 3920 dicimur,
565 3869 625 3908 non
641 3849 801 3907 rationales
813 3849 828 3905 '.
904 3851 946 3921 11,
970 3869 1003 3906 ro
1018 3870 1023 3906 :
1042 3849 1188 3907 ‘Hocest
1200 3847 1386 3924 suspiciones
1399 3849 1555 3908 hominum

242 3954 267 4009 3.
291 3940 397 4009 accepto
411 3927 563 4008 baptismo]
587 3931 632 3989 Ita
652 3929 775 4005 quidem
793 3930 852 3986 Ro·
904 3949 965 3989 non
981 3929 1088 4006 sopire,
1106 3931 1158 3987 sed
1175 3947 1272 3989 serere
1283 3932 1298 3990 ’,

199 4034 268 4075 mae
293 4027 322 4074 et
345 4013 437 4080 alibi;
463 4023 596 4072 ceterum
621 4010 849 4085 Hierosolymis,
949 4013 992 4069 16.
1015 4007 1122 4089 sancti]
1141 4012 1249 4069 ltlatth.
1269 4015 1314 4084 28,
1337 4031 1379 4086 ¹9·

200 4095 379 4168 Mediolani,
419 4091 618 4154 Remesianae
655 4093 759 4151 fideles
793 4092 850 4150 iam
948 4112 993 4166 17.
1014 4095 1064 4152 scri
1092 4095 1124 4150 in
1157 4090 1284 4173 nomine]
1317 4095 1488 4154 Comrnent.
1525 4095 1553 4153 in

199 4178 389 4247 dicebantur,
406 4176 458 4252 qui
475 4175 551 4235 inter
567 4177 785 4250 Competentes
802 4192 851 4231 no·
906 4175 1015 4251 Ephes.
1033 4195 1059 4246 4,
1078 4193 1093 4252 5
1111 4191 1154 4249 sq.
1175 4177 1231 4233 ‘Et
1247 4194 1307 4234 non
1324 4175 1509 4251 baptizamur
1525 4174 1554 4232 in

198 4277 271 4319 men
307 4258 460 4330 dederant,
491 4255 630 4334 baptismi
664 4265 852 4314 sacramento
905 4256 1078 4316 nominibus
1106 4255 1200 4315 Patris
1225 4267 1254 4315 et
1282 4255 1347 4314 Filii
1374 4269 1403 4315 et
1429 4254 1554 4332 Spiritus

200 4359 271 4401 mox
296 4339 444 4415 expiandi.
472 4339 585 4400 Confer
607 4341 634 4397 S.
658 4335 762 4412 Cyrilli
786 4341 853 4396 Pro·
906 4337 1011 4408 sancti,
1027 4338 1081 4396 sed
1098 4337 1126 4395 in
1144 4356 1205 4397 uno
1220 4336 1370 4397 nomine’.

198 4423 315 4483 catech.
335 4425 364 4480 P.
382 4421 430 4480 Gr.
450 4440 497 4494 33.
516 4440 582 4494 343,
600 4433 659 4478 not.
684 4440 719 4492 r;
744 4423 771 4478 S.
801 4420 851 4479 Ni·
947 4439 991 4477 20.
1020 4418 1179 4477 Trinitatis
1206 4426 1248 4477 esi
1275 4415 1388 4498 nornen]
1426 4418 1551 4479 Hieron.

199 4515 285 4566 cetae
303 4505 416 4578 Fragm.
437 4523 461 4573 2,
482 4505 511 4559 Ρ.
533 4505 562 4558 l..
580 4517 627 4577 52,
642 4504 720 4576 8733
736 4504 764 4560 S.
782 4505 851 4561 Am·
904 4503 1077 4562 Comrnent.
1095 4501 1124 4558 in
1142 4501 1250 4560 Mattlr.
1270 4503 1316 4572 28,
1344 4519 1378 4574 19
1403 4503 1554 4560 ‘Nomen-

199 4587 279 4649 bros.
298 4588 345 4645 De
360 4587 489 4643 Sacram.
510 4584 533 4652 I,
554 4603 576 4641 1.
904 4601 963 4660 que
978 4581 1131 4643 Trinitatis
1147 4602 1224 4642 unus
1240 4584 1325 4643 Deus
1340 4593 1385 4644 est
1396 4583 1411 4642 '.

243 4686 270 4746 5.
294 4667 360 4726 Hoc
381 4684 438 4724 non
463 4671 505 4724 esi
521 4675 667 4741 exponere,
689 4665 739 4722 sed
749 4665 852 4741 fugere
