4160 5500
556 436 749 497 HOMILIA
772 437 829 496 DE
851 437 1118 498 NATIVITATE
1141 437 1313 500 DOMINI.
1531 437 1613 525 395

300 654 468 718 Diremnt
492 653 601 737 itaqne
619 663 792 737 pastores:
821 655 1041 719 Transeamus
1056 677 1155 740 usqne
1181 656 1373 720 Bethlehem.
1392 655 1612 721 Dimittamus

256 759 423 824 desertum
451 760 624 842 templum,
644 770 677 823 et
705 769 911 823 transeamus
938 780 1042 842 usque
1068 761 1110 824 ad
1137 759 1343 826 Bethlehem.
1371 761 1419 826 Et
1440 762 1611 826 videamus

257 863 387 927 verbnm
404 863 627 946 quodfactnm
643 873 697 928 est.
726 864 815 928 Vere
842 864 935 946 quasi
952 864 1127 946 vigilantes
1153 885 1218 929 non
1242 865 1410 944 dixerunt,
1426 867 1611 931 Videamus

258 989 406 1051 puerum,
421 969 594 1033 videamus
609 968 690 1050 quid
707 967 845 1031 dicitur:
862 967 930 1044 sed,
946 968 1119 1032 videamus
1146 969 1282 1033 verbum
1298 970 1388 1052 quod
1405 970 1531 1034 iactum
1549 981 1607 1036 est.

225 1077 264 1141 5⁴
282 1074 320 1136 In
348 1073 510 1156 principio
537 1083 606 1138 erat
632 1073 780 1138 Verbum
798 1071 813 1136 '.
829 1077 836 1103 ‘
855 1071 900 1136 Et
923 1073 1072 1137 Verbum
1098 1094 1175 1136 caro
1202 1073 1325 1137 tactum
1353 1085 1403 1138 est
1420 1075 1436 1140 '.
1452 1075 1612 1154 Verbum,

256 1176 345 1258 quod
361 1195 493 1258 semper
506 1174 579 1254 suit,
593 1176 765 1240 videamus
782 1175 952 1257 quomodo
969 1197 1028 1257 pro
1044 1178 1139 1241 nobis
1163 1176 1287 1243 lactum
1303 1187 1364 1243 est.
1379 1178 1427 1242 Et
1441 1178 1612 1242 videamus

256 1280 456 1346 ltocverbnm
472 1282 560 1364 qnod
573 1282 705 1362 factum
729 1291 784 1358 est,
809 1281 898 1363 qnod
911 1281 995 1362 fecit
1018 1283 1190 1359 Dorrrinns,
1205 1291 1237 1345 et
1250 1283 1389 1347 ostendit
1403 1285 1500 1349 trabis.
1526 1285 1611 1349 Ver·

255 1388 336 1451 bum
359 1387 423 1450 hoc
449 1389 557 1471 ipsum
583 1407 619 1449 se
643 1384 741 1450 secit:
758 1385 921 1466 siquidem
950 1384 1012 1447 hoc
1040 1386 1148 1468 ipsum
1176 1386 1327 1451 Verbum
1354 1388 1521 1454 Dominus
1548 1398 1608 1454 est.

255 1492 438 1556 Videamus
455 1492 554 1574 igitur
570 1490 741 1573 quomodo
757 1489 820 1552 hoc
837 1491 945 1571 ipsum
971 1490 1129 1568 Verbum,
1146 1492 1210 1556 hoc
1227 1501 1287 1570 est,
1303 1492 1471 1557 Dominus
1487 1493 1559 1576 ipse
1574 1515 1611 1558 se

206 1611 239 1648 1⁰
255 1597 376 1672 iecerit,
391 1606 425 1660 et
442 1595 588 1660 ostendit
605 1595 700 1658 nobis
716 1613 849 1656 carnem
866 1613 969 1658 suam.
986 1593 1085 1677 Quod
1103 1596 1191 1659 enirn
1208 1597 1319 1660 videre
1335 1616 1401 1660 non
1418 1605 1611 1680 poteramus

253 1702 333 1765 dum
350 1712 419 1765 erat
436 1700 596 1784 Verbum,
612 1699 785 1762 videamus
810 1717 952 1774 carnem,
968 1700 1048 1780 quia
1063 1720 1141 1763 caro
1156 1709 1206 1764 est
1222 1723 1229 1764 :
1245 1700 1417 1765 videamus
1439 1701 1610 1785 quomodo

252 1804 402 1882 Verbum
428 1824 506 1868 caro
531 1803 655 1867 tactum
680 1811 739 1866 est.
756 1801 804 1864 Et
818 1802 1189 1884 venerantfeste'nantes.
1207 1802 1319 1868 Ardor
1345 1805 1434 1868 enim
1458 1805 1560 1869 animi
1577 1815 1611 1871 et

254 1908 452 1972 desiderium
466 1907 620 1972 vincebat
638 1906 761 1988 pedes:
779 1925 844 1969 non
863 1915 1017 1988 poteraut
1033 1915 1164 1971 tantum
1181 1928 1318 1983 currere,
1335 1921 1497 1992 quantum
1516 1931 1609 1975 mens

252 2013 407 2096 cupiebat
422 2013 576 2095 aspicere.
596 2011 640 2074 Et
656 2019 816 2074 venerunt
833 2010 1038 2076 testinantes.
1063 2010 1148 2094 Quia
1167 2021 1264 2076 tanto
1279 2013 1396 2078 ardore
1423 2015 1609 2094 currebant,

203 2131 234 2185 15
252 2125 426 2200 propterea
443 2116 615 2179 inveniunt
631 2135 730 2198 quem
748 2114 959 2195 quaerebant.
976 2113 1160 2178 Videamus
1173 2117 1252 2198 quid
1266 2117 1446 2182 inveniunt.
1456 2117 1609 2184 Mariam

250 2231 282 2284 et
296 2218 415 2303 Ioseph.
432 2220 468 2286 Si
485 2239 560 2283 vere
578 2240 664 2282 uxor
679 2229 759 2296 erat,
775 2219 889 2300 utique
913 2219 1050 2281 iniuriae
1076 2230 1146 2283 erat
1170 2221 1288 2299 dicere,
1306 2222 1508 2288 Invenerunt
1524 2244 1610 2288 uxo-

252 2345 331 2403 rem,
347 2325 543 2388 invenerunt
569 2323 744 2386 maritum:
762 2342 849 2386 nunc
877 2342 956 2385 vero
983 2323 1126 2404 primum
1156 2324 1313 2388 seminam
1338 2336 1477 2408 ponunt,
1493 2338 1609 2409 postea

252 2429 417 2493 virumEt
432 2429 511 2512 quid
527 2429 673 2492 dicitur?
689 2427 890 2490 Invenerunt
899 2426 1053 2489 Mariam
1064 2436 1096 2489 et
1105 2427 1216 2509 Ioseple
1231 2452 1238 2492 :
1255 2430 1451 2495 invenerunt
1465 2433 1608 2498 Mariam

253 2541 403 2610 matrem,
419 2534 615 2597 invenerunt
633 2531 753 2613 Ioseph
779 2532 967 2596 nutricium.
982 2530 1031 2593 Et
1045 2529 1207 2610 irascentem
1217 2533 1361 2613 positum
1390 2535 1424 2597 in
1433 2536 1608 2618 praesepio.

199 2657 234 2694 20
260 2637 292 2702 V
289 2638 411 2701 r'dentes
424 2647 532 2700 antem
547 2645 763 2718 eognovemnt
772 2635 811 2698 de
822 2635 925 2712 verbo,
936 2633 1025 2717 qnod
1032 2635 1155 2698 dr'ctnm
1166 2646 1240 2700 erat
1247 2637 1314 2700 illis
1323 2637 1363 2700 de
1369 2651 1479 2720 puero.
1491 2639 1537 2700 M
1535 2641 1610 2704 aria

251 2753 359 2806 aretem
374 2740 583 2804 conservabat
596 2740 706 2803 omnia
722 2739 820 2802 verba
835 2739 912 2802 leaec
925 2739 1089 2818 conserens
1104 2738 1139 2802 in
1155 2739 1246 2802 eorde
1267 2762 1332 2804 sno.
1350 2741 1441 2824 Quid
1459 2743 1528 2808 vult
1546 2742 1608 2806 hoc

251 2845 340 2928 quod
357 2845 447 2920 dicit,
462 2845 660 2908 conferens?
677 2843 802 2906 Debuit
818 2844 936 2920 dicere,
953 2862 1081 2925 ponens
1098 2843 1129 2904 in
1146 2844 1246 2905 corde
1262 2863 1343 2908 suo:
1359 2843 1474 2908 debuit
1491 2845 1608 2920 dicere,

251 2947 484 3012 considerabat
511 2947 543 3009 in
572 2946 672 3010 corde
699 2967 768 3025 suo,
785 2958 817 3010 et
843 2947 983 3010 notabat
1007 2948 1078 3011 sibi.
1097 2947 1228 3029 Aliquis
1254 2948 1343 3023 dicit,
1367 2948 1550 3014 Conlerens
1573 2950 1606 3012 in

251 3052 351 3115 corde
366 3071 427 3115 suo
443 3076 450 3116 :
466 3050 625 3135 quoniam
654 3059 769 3113 sancta
795 3061 874 3126 erat,
890 3059 923 3112 et
939 3060 1071 3113 sanctas
1087 3050 1265 3133 scripturas
1283 3052 1416 3136 legerat,
1432 3063 1466 3116 et
1481 3054 1608 3119 sciebat

198 3175 232 3232 ις
252 3157 441 3240 prophetas,
457 3157 692 3221 recordabatur
719 3155 807 3238 quod
833 3153 971 3234 angelus
998 3154 1155 3218 Gabrihel
1184 3155 1245 3219 sibi
1271 3157 1404 3220 dixerat
1432 3157 1496 3233 illa,
1524 3177 1608 3240 quae

251 3262 434 3325 dictasunt
450 3261 482 3323 in
499 3259 680 3342 prophetis.
697 3258 782 3323 Cum
800 3257 850 3321 his
867 3257 1001 3320 videbat
1017 3257 1190 3321 conferens
1207 3259 1239 3321 in
1256 3261 1357 3324 corde
1373 3281 1435 3324 suo
1455 3262 1482 3324 si
1503 3272 1605 3326 staret

251 3365 419 3447 ‘Spiritus
446 3376 580 3430 sanctus
604 3364 814 3445 superveniet
841 3363 873 3425 in
901 3372 943 3438 te,
958 3372 991 3425 et
1018 3364 1122 3426 virtus
1149 3363 1301 3428 altissimi
1324 3365 1538 3430 obumbrabit
1554 3377 1608 3432 te:

251 3478 426 3551 propterea
458 3470 546 3551 quod
580 3479 733 3531 nascetur
762 3466 805 3530 de
836 3475 869 3530 te
900 3477 1062 3543 sanctum,
1093 3467 1265 3532 vocabitur
1295 3467 1381 3532 lilius
1409 3470 1472 3533 Dei
1489 3471 1504 3536 ¹.
1531 3471 1607 3535 Hoc

251 3571 409 3638 Gabrihel
436 3573 578 3637 dixerat.
597 3571 815 3635 Praedixerat
842 3569 959 3633 Esaias
975 3593 981 3632 :
997 3573 1004 3600 ‘
1022 3570 1110 3632 Ecce
1126 3570 1220 3652 virgo
1236 3573 1402 3655 concipiet
1418 3583 1451 3636 et
1467 3573 1573 3655 pariet
1590 3576 1606 3640 '.

197 3692 234 3744 3⁰
253 3676 329 3740 Hoc
346 3675 480 3758 legerat,
497 3675 576 3738 illud
594 3676 753 3739 audierat.
769 3674 917 3738 Videbat
945 3673 1109 3736 iacentem
1140 3693 1287 3754 puerum,
1304 3675 1440 3740 videbat
1465 3677 1497 3739 in
1515 3697 1608 3759 prae·

288 3873 405 3940 rr'taqne]
424 3876 509 3938 ntr'que
529 3890 549 3942 χ
569 3881 593 3922 et
613 3874 679 3923 codd
693 3875 729 3933 (N
741 3877 818 3933 corr.)
921 3887 930 3920 ι
944 3889 981 3936 sq.
997 3871 1150 3936 Bethlehem]
1169 3873 1229 3940 χΡ;
1251 3873 1375 3924 Bethleem
1388 3873 1429 3931 1.;
1450 3871 1561 3922 Bethlem
1575 3873 1608 3922 N.

252 3957 540 4021 5snetnmest1sactum.
555 3957 631 4023 Εἱχ.
733 3954 924 4019 Sseseeit]sr'f.
940 3970 967 4021 χ.
1068 3967 1119 4014 9se
1123 3954 1223 4020 feeerit]
1244 3969 1325 4022 χοω.
1338 3971 1370 4015 re,
1385 3954 1480 4004 Nadd.
1494 3972 1549 4020 sup.
1563 3956 1607 4005 lin.

254 4051 284 4088 ιο
294 4039 409 4101 ostendit]
422 4039 468 4088 FN
478 4056 485 4096 ;
497 4038 628 4087 ostenderit
640 4051 667 4103 χ.
772 4049 800 4100 13
813 4037 934 4098 vincebat]
952 4036 1082 4084 vr'ncebant
1093 4036 1167 4102 aab,
1184 4036 1207 4084 N
1220 4052 1283 4086 corr.
1388 4035 1417 4085 16
1429 4035 1494 4096 vere]
1509 4053 1566 4086 vero
1578 4039 1607 4087 F.

250 4128 305 4172 erat
315 4121 403 4182 dicere]
414 4129 486 4169 erant
496 4121 520 4169 d.
536 4121 556 4168 F
568 4135 632 4169 corr.
736 4118 865 4168 18lnven.
882 4119 919 4167 M.
933 4134 953 4166 e.
968 4115 1004 4175 t]
1025 4125 1103 4181 repet.
1120 4119 1171 4167 FL.
1273 4132 1306 4168 20
1316 4120 1345 4168 de
1352 4117 1440 4182 perere]
1459 4121 1548 4184 Nsup.
1563 4119 1606 4169 lin.

251 4203 310 4253 add.
324 4203 373 4252 hoc.
475 4215 506 4265 23
519 4203 633 4266 Atr'an's]
647 4201 735 4260 FLN3
755 4201 894 4267 alr'anr'dz.
996 4200 1140 4262 selegerat]
1159 4201 1248 4262 tenebat
1267 4201 1296 4250 1.
1399 4199 1554 4259 absnolom.
1571 4201 1609 4260 F;

252 4285 277 4334 N
289 4285 370 4350 suppl.
385 4302 439 4350 sup.
454 4284 497 4334 lin.
599 4295 629 4344 27
642 4285 798 4346 superveniet
811 4285 839 4330 in
851 4287 882 4348 te]
894 4284 975 4330 veniet
986 4290 1094 4345 superte
1107 4284 1126 4329 1⁴·
1140 4301 1145 4330 :
1166 4287 1241 4341 super
1254 4277 1257 4341 Ι
1275 4278 1405 4341 Lreliqua
1425 4278 1607 4330 desiderantur.

250 4367 405 4418 obnrnbraln't
414 4368 447 4428 te]
468 4382 504 4433 χ;
522 4375 545 4414 te
557 4383 587 4415 ex
600 4366 648 4414 tr'ln'
660 4365 714 4415 FN.
817 4378 848 4428 30
867 4365 896 4412 r'n
912 4365 1037 4427 praesepe]
1050 4365 1078 4412 in
1093 4362 1208 4426 praesepi
1228 4361 1252 4410 N
1268 4377 1324 4426 sup.
1339 4360 1393 4418 lin;
1407 4359 1427 4408 F
1440 4368 1518 4425 repet.
1533 4362 1609 4410 verba

253 4453 349 4500 oe'rteaar
360 4453 388 4499 r'n
396 4457 512 4515 praesepe
518 4459 638 4514 puerum.

294 4635 320 4694 5.
345 4613 477 4697 Verbum]
490 4616 534 4676 lo.
552 4637 575 4688 1,
595 4636 619 4675 1.
998 4613 1042 4669 28.
1062 4607 1132 4688 Dei]
1152 4614 1219 4670 Luc.
1242 4633 1265 4684 1,
1281 4630 1326 4690 35.

333 4695 511 4778 factumest]
526 4697 597 4758 ibid.
618 4717 661 4767 14.
997 4713 1043 4767 ²9-
1052 4690 1161 4774 parnt]
1179 4696 1214 4752 Is.
1232 4713 1257 4768 7,
1277 4715 1320 4765 14.
