4158 5492
443 418 500 502 34
822 420 1131 483 S.H15RONYM1
1158 420 1424 481 PRESBYTERI

441 655 525 713 mea,
552 637 643 702 dicat
670 657 760 702 nunc
787 635 933 701 Israhel:
959 655 1059 719 saepe
1086 643 1366 720 expugnaverunt
1391 641 1481 699 mea
1505 636 1677 700 iuuentute
1695 657 1768 699 moa
1785 636 1800 701 ¹.

443 724 566 804 Videte
591 741 762 823 quomodo
790 740 836 803 illi
867 741 1073 823 praecinunt,
1088 751 1122 804 et
1142 741 1297 806 omnium·
1318 739 1469 822 gentium
1497 740 1594 804 turba
1613 743 1801 823 respondet.

443 841 500 907 Sic
515 852 549 904 et
562 860 649 906 nunc
665 842 852 908 dicentibus
868 841 932 906 illis
947 841 981 904 in
997 841 1162 926 principio
1176 849 1183 876 ‘
1201 841 1432 909 Confiteantur
1448 842 1508 906 tibi
1525 841 1639 925 populi
1654 863 1772 906 omnes
1783 840 1800 922 ³,

443 954 477 1007 et
493 944 773 1026 praecipientibus
789 945 922 1029 populis
945 955 979 1008 et
1002 945 1192 1012 dicentibus
1216 953 1223 980 ‘
1241 944 1473 1012 confiteantur
1488 946 1547 1009 tibi
1565 946 1681 1029 populi
1698 946 1800 1025 Deus,

443 1046 664 1112 confiteantur
688 1051 747 1113 tibi
764 1050 879 1132 populi
908 1069 1025 1114 omnes
1042 1050 1246 1133 ';quoniam
1273 1049 1346 1114 illos
1370 1051 1486 1113 vident
1510 1050 1710 1128 reticescere,
1726 1071 1799 1135 pro·
1836 1077 1850 1132 ς

444 1160 559 1232 pterea
570 1151 714 1233 idipsum
728 1152 911 1236 increpant,
921 1164 954 1219 et
964 1154 1090 1231 dicunt,
1102 1154 1326 1239 Confitcantur
1334 1153 1397 1219 tibi
1398 1156 1512 1238 populi
1523 1155 1624 1234 Dens,
1631 1157 1800 1241 confitean-

444 1267 501 1316 tur
514 1253 698 1336 tr'bipopulr'
721 1275 838 1322 ornnes.
855 1258 967 1324 Semel
983 1259 1142 1338 diximus,
1168 1282 1235 1324 non
1255 1260 1416 1339 audistis3
1441 1261 1562 1325 iterum
1588 1262 1748 1340 dicamus,
1764 1272 1799 1326 ut

443 1360 580 1423 canatis.
598 1359 675 1422 Hoc
691 1371 803 1424 autern
821 1369 929 1424 totum
953 1380 1055 1444 quare
1071 1362 1220 1426 diximus
1236 1372 1270 1427 et
1285 1362 1387 1426 semel
1415 1372 1449 1427 et
1473 1365 1631 1442 secundo,
1645 1373 1682 1428 ut
1696 1365 1798 1428 confi·

445 1474 577 1527 tcantur
592 1465 708 1546 populi
726 1464 800 1528 Deo
810 1463 952 1547 l'Quare
968 1465 1031 1528 hoc
1047 1466 1215 1530 dicimus?
1231 1487 1333 1550 quare
1349 1465 1412 1532 hoc
1428 1468 1676 1551 praecipimus?
1697 1468 1728 1532 T
1724 1489 1800 1533 erra

442 1565 534 1630 dedit
549 1567 702 1648 fructum
728 1587 834 1632 suum.
859 1569 972 1646 Terra,
995 1581 1112 1636 sancta
1139 1570 1257 1647 Maria,
1283 1571 1325 1640 de
1354 1581 1467 1635 nostra
1491 1580 1587 1650 terra,
1617 1573 1660 1637 de
1686 1585 1800 1639 nostro
1822 1603 1852 1640 ro

444 1674 580 1753 semine,
595 1675 638 1738 de
653 1675 716 1738 hoc
734 1675 813 1752 luto,
829 1676 871 1740 de
887 1675 950 1740 hoc
967 1677 1057 1753 limo,
1072 1678 1115 1740 de
1124 1677 1247 1742 Adam.
1264 1682 1270 1708 ⁴
1288 1678 1393 1742 Terra
1406 1695 1452 1754 es,
1467 1687 1501 1740 et
1516 1677 1550 1740 in
1567 1687 1688 1742 terram
1705 1678 1800 1745 ibis·

444 1779 547 1842 Terra
571 1777 637 1841 ista
650 1779 744 1843 dedit
769 1777 912 1844 fructum
938 1800 1058 1844 suum:
1082 1782 1172 1864 quod
1199 1780 1345 1865 perdidit
1373 1781 1406 1842 in
1434 1780 1599 1862 paradiso,
1618 1781 1745 1845 invenit
1768 1781 1801 1845 in

445 1885 539 1949 Filio.
561 1884 663 1948 Terra
677 1883 768 1948 dedit
773 1886 927 1966 fructum
951 1908 1061 1954 suum.
1077 1889 1226 1952 Primum
1243 1890 1336 1954 dedit
1361 1887 1485 1952 florem.
1502 1885 1595 1949 Dicit
1611 1886 1644 1949 in
1661 1885 1802 1951 Cantico

443 1989 649 2053 cantieorum
664 2012 672 2052 :
688 1994 694 2020 ⁸
713 1989 789 2071 Ego
805 1990 866 2054 flos
881 1994 992 2075 campi
1009 2005 1043 2057 et
1059 1993 1163 2056 lilium
1188 1993 1390 2057 convallium
1407 1992 1422 2057 '.
1440 1991 1509 2054 iste
1525 1989 1625 2073 igitur
1650 1987 1710 2054 flos
1737 1989 1800 2054 iru-

445 2105 519 2158 ctus
535 2093 644 2156 factus
659 2103 720 2172 est,
735 2104 772 2157 ut
789 2115 850 2158 nos
866 2097 959 2161 illum
977 2099 1239 2175 comederemus,
1254 2107 1291 2162 ut
1307 2118 1367 2162 nos
1393 2094 1671 2160 manducaremus
1686 2113 1802 2158 carnes
1824 2125 1853 2180 ¹5

445 2196 557 2279 ipsius.
576 2197 687 2261 Vultis
714 2198 797 2261 scire
814 2200 894 2281 quid
918 2203 962 2265 sit
977 2201 1041 2265 iste
1067 2201 1219 2266 fructus?
1237 2201 1341 2284 Virgo
1356 2201 1400 2265 de
1425 2197 1562 2280 virgine,
1577 2197 1745 2262 Dominus
1760 2196 1803 2261 de

445 2300 575 2379 ancilla,
602 2299 696 2364 Deus
712 2321 756 2364 ex
783 2302 928 2382 homine,
944 2302 1030 2368 filius
1057 2325 1101 2368 ex
1119 2315 1233 2383 matre,
1260 2302 1386 2368 tructus
1402 2323 1448 2367 ex
1472 2310 1567 2365 terra.
1583 2300 1705 2365 Videte
1720 2301 1801 2384 quid

443 2407 534 2470 dicat
559 2407 630 2489 ipse
654 2405 788 2470 fructus.
805 2410 812 2438 ‘
830 2404 903 2468 Nisi
928 2425 1069 2488 granum
1086 2407 1186 2472 tritici
1203 2407 1362 2472 ceciderit
1384 2405 1555 2469 interram
1581 2414 1614 2466 ct
1632 2412 1800 2468 mortuum

443 2510 550 2591 fuerit,
566 2530 632 2575 non
649 2521 761 2594 potest
771 2511 879 2576 iacere
894 2509 1020 2575 fructus
1037 2512 1169 2576 multos.
1185 2511 1192 2538 '
1215 2509 1246 2573 T
1242 2532 1317 2575 erra
1328 2509 1421 2574 dedit
1425 2510 1579 2590 fructum
1589 2527 1696 2585 suum,
1707 2508 1802 2572 dedit

442 2635 585 2699 granum
601 2615 759 2679 frumenti
775 2637 782 2679 :
798 2599 1053 2699 quod'granum
1070 2615 1229 2680 frumenti
1244 2617 1365 2680 cecidit
1381 2615 1414 2678 in
1442 2625 1564 2677 terram
1581 2624 1614 2676 et
1631 2623 1799 2678 mortuum
1820 2651 1852 2689 20

443 2729 502 2795 est,
518 2732 551 2782 et
568 2719 644 2782 ideo
661 2719 784 2782 multos
796 2719 921 2784 tructus
933 2719 1051 2784 adfert.
1067 2720 1330 2803 Multiplicatum
1344 2729 1395 2784 est
1410 2721 1443 2782 in
1460 2719 1573 2801 spica:
1589 2717 1678 2800 quod
1696 2737 1799 2781 unum

443 2826 616 2902 ceciderat,
632 2843 709 2888 cum
726 2824 840 2888 multis
863 2825 1051 2890 resurrexit.
1074 2823 1204 2889 Cecidit
1228 2824 1318 2887 enim
1334 2841 1476 2906 granum
1493 2822 1594 2886 tritici
1619 2823 1651 2884 in
1669 2831 1801 2899 terram,

442 2939 476 2992 et
492 2949 587 3011 seges
602 2930 738 3012 copiosa
754 2931 908 2992 surrexit.
930 2927 1032 2992 Terra
1043 2927 1133 2992 dedit
1138 2930 1293 3009 fructum
1305 2949 1411 2992 suum.
1425 2929 1605 3010 Propterea
1620 2924 1799 3008 Confitcan·

442 3033 817 3117 turtibipopulrslleus,
841 3033 1055 3116 confiteantur
1069 3032 1132 3096 tibi
1146 3033 1262 3116 populi
1274 3052 1407 3096 amnes:
1433 3042 1523 3095 terra
1538 3029 1629 3094 dedit
1646 3030 1799 3109 fructum

440 3160 544 3205 suum·
1816 3177 1848 3229 ²5

484 3243 569 3326 Quis
596 3254 647 3308 est
667 3245 729 3307 iste
754 3242 903 3310 fruetus?
928 3242 1103 3308 Benedicat
1118 3264 1177 3308 nos
1209 3243 1305 3321 Deus,
1319 3243 1411 3305 Deus
1427 3251 1540 3319 noster,
1565 3239 1728 3304 benedicat
1741 3261 1799 3304 nos

439 3347 537 3411 Deus.
548 3349 650 3425 Deus,
661 3348 759 3410 Pater
773 3348 885 3425 ;Deus
897 3355 1018 3426 noster,
1031 3348 1144 3412 Filius.
1155 3348 1233 3428 lpse
1245 3348 1333 3410 enim
1349 3347 1441 3411 Deus
1454 3351 1583 3411 noster.‘
1598 3345 1642 3409 Et
1653 3345 1797 3423 vocabis,

439 3452 555 3535 inquit,
580 3470 702 3514 nomen
725 3449 798 3533 ejus
822 3452 1070 3516 Emmanuhel'
1098 3451 1131 3516 id
1157 3463 1217 3530 est,
1244 3453 1417 3514 nobiscum
1436 3451 1539 3516 Deus.
1555 3450 1649 3513 Deus
1676 3459 1797 3514 noster.

437 3554 613 3618 Benedicat
628 3575 683 3618 nos
698 3556 799 3634 Deus,
816 3556 960 3639 Spiritus
975 3566 1121 3622 sanctus.
1137 3555 1259 3620 Videte
1277 3555 1473 3637 mysterium
1491 3551 1666 3617 Trinitatis
1682 3551 1715 3614 in
1730 3571 1796 3616 uno

438 3660 599 3725 versiculo
623 3658 898 3742 conprehensum.
920 3660 1023 3724 Terra
1046 3659 1137 3724 dedit
1141 3661 1296 3740 fructum
1310 3679 1407 3722 suum
1436 3676 1511 3719 cum
1530 3654 1664 3733 multis;
1681 3653 1713 3717 in
1731 3654 1796 3718 isto
1814 3700 1847 3750 30

438 3764 546 3831 fructu
562 3764 737 3829 Trinitatis
755 3766 949 3848 mysterium
974 3768 1172 3832 continetur.
1188 3763 1363 3828 Benedicat
1379 3785 1434 3828 nas
1450 3764 1551 3839 Deus,
1571 3761 1663 3824 Deus
1678 3771 1795 3827 noster.

470 3968 487 4014 4
499 3950 723 4017 praecapirrrtr'lusl
742 3951 857 4020 panes.
872 3953 912 4004 Ci.
927 3955 992 4004 inira
1010 3956 1027 4005 l.
1041 3969 1057 4017 9
1067 3973 1075 4015 ;
1090 3954 1292 4020 praecinentibus
1311 3954 1343 4003 G.
1455 3951 1471 4000 6
1486 3953 1626 4015 increpant]
1645 3951 1741 4000 iterant
1760 3947 1793 4016 β;

438 4043 584 4100 concrepant
595 4038 627 4086 Α.
713 4037 1100 4098 ydirarmrsJABCG;dr'cinrus
1113 4037 1158 4106 βὸ.
1241 4035 1548 4098 8ταηαίιζε1ταηαπιωῦ.
1636 4033 1791 4095 tosuurnJS

438 4128 516 4181 repet.
522 4119 642 4182 fructum
653 4132 736 4168 suum.
803 4118 909 4182 florem]
920 4121 942 4171 C
954 4131 1032 4187 repet.
1040 4122 1209 4186 deditstorrm,
1219 4137 1284 4186 quae
1295 4119 1397 4185 quidem
1409 4121 1540 4170 verborum
1550 4117 1695 4168 iterationes
1706 4132 1792 4168 senem

436 4202 615 4265 grandaevum,
629 4200 710 4265 qualis
722 4211 781 4252 tunc
790 4211 843 4252 erat
854 4203 1032 4269 Hieronymus,
1046 4205 1149 4255 minime
1161 4205 1292 4254 dedecent.
1387 4204 1416 4252 16
1427 4203 1491 4268 quid
1499 4202 1543 4264 sit]
1556 4201 1636 4260 CSG;
1647 4201 1705 4265 quis
1715 4203 1750 4249 rr't
1760 4197 1791 4267 β,

436 4287 568 4352 qur'sitB.
659 4288 995 4350 dcancr'lla1rxanrr'tlats'.
1099 4300 1126 4349 17
1138 4286 1256 4349 exterra]
1264 4292 1345 4338 terrae
1357 4287 1402 4336 C..
1486 4284 1514 4336 18
1525 4283 1618 4346 rrtrtcr]
1621 4283 1753 4349 surrenti
1764 4281 1788 4351 β.

436 4381 466 4420 22
479 4385 536 4419 cum
547 4371 646 4432 matris]
659 4373 687 4420 ἐκ
700 4372 788 4421 multis
800 4371 825 4442 β.
928 4383 959 4436 30
969 4387 1027 4421 cunr
1038 4372 1126 4420 multis
1137 4386 1186 4420 om.
1200 4371 1233 4420 A.

479 4561 503 4600 r.
520 4539 595 4621 mea]
611 4545 657 4602 Ps.
679 4545 743 4616 128,
763 4562 816 4602 aa.
1183 4543 1227 4600 18.
1245 4541 1315 4600 Nise
1325 4557 1455 4618 granum
1469 4532 1539 4619 etc]
1556 4535 1600 4598 Io.
1627 4557 1672 4611 12,
1694 4555 1787 4619 usq.

479 4622 604 4704 inibis]
622 4627 697 4686 Gen.
715 4645 741 4702 3,
763 4645 806 4702 19.
1182 4626 1228 4683 28.
1244 4615 1456 4700 Enrrnanulrcl]
1472 4621 1510 4680 Is.
1525 4637 1550 4695 7,
1570 4639 1620 4694 145
1635 4621 1745 4684 Matth.
1764 4643 1787 4699 r,

478 4725 522 4780 14.
538 4705 725 4787 carrvattium]
741 4711 827 4778 Cant.
842 4729 867 4778 2,
888 4727 911 4766 1.
1139 4725 1186 4783 ²3·
