4154 5494
581 445 834 508 TRACTATUS
857 449 915 507 DE
937 451 1105 512 PSALMO
1127 451 1291 514 CXVllII.
1530 448 1611 526 223

259 666 380 747 gradus
396 671 456 740 est,
471 661 605 726 saeculo
631 664 829 742 renuntiare,
845 665 926 728 nihil
942 666 985 730 de
1014 667 1147 730 saeculo
1163 685 1330 750 quaerere,
1345 675 1476 728 terrena
1499 675 1611 726 conte-

261 786 381 832 mnere.
397 764 532 847 Aliquis
548 765 658 828 dicat:
675 767 719 830 Et
735 768 799 832 hoc
815 767 924 835 lacere
936 774 1118 836 secundum
1136 777 1209 835 est?
1228 771 1302 853 Ego
1318 769 1402 845 dico,
1418 768 1610 831 secundum.

261 870 353 936 Nihil
369 879 419 933 est
435 879 565 932 terrena
588 868 775 936 dimittere:
794 873 874 936 vitia
897 874 1030 939 animae
1052 876 1230 951 dimittere,
1245 874 1370 957 grande
1395 882 1454 936 est.
1471 871 1506 936 Si
1523 868 1611 933 enirn

261 977 459 1052 ieiunavero,
485 973 549 1037 hoc
574 982 634 1050 est,
658 975 685 1037 si
711 974 804 1040 luero
827 977 860 1040 in
886 979 994 1060 primo
1018 982 1124 1062 gradu
1140 1003 1147 1044 :
1163 979 1190 1041 si
1206 979 1366 1043 dimisero
1387 975 1613 1058 possessiones

228 1107 242 1160 5
262 1099 362 1154 meas,
377 1078 440 1142 hoc
458 1085 520 1154 est,
535 1077 563 1140 si
579 1075 673 1140 luero
697 1077 730 1140 in
758 1080 905 1144 secundo
921 1082 1025 1163 gradu
1043 1106 1050 1147 :
1072 1083 1152 1166 quid
1171 1083 1251 1145 rnihi
1269 1081 1415 1164 prodest,
1430 1079 1457 1140 si
1482 1078 1614 1140 rixosus

261 1204 344 1260 sum,
368 1183 395 1246 si
420 1182 598 1246 iracundus
626 1201 709 1261 sum,
735 1183 762 1246 si
787 1185 954 1250 detractor
982 1207 1065 1262 sum,
1081 1187 1107 1250 si
1134 1186 1315 1250 invidiosus
1339 1187 1439 1246 sum?
1456 1180 1548 1244 Nihil
1564 1189 1614 1242 est

261 1283 387 1371 g'rande
402 1296 533 1351 terrena
550 1286 740 1350 dimittere:
758 1287 883 1352 maiora
908 1300 985 1354 sunt
1003 1291 1091 1368 vitia,
1107 1311 1194 1374 quae
1217 1288 1420 1353 dimittenda
1435 1295 1521 1349 sunt.
1545 1282 1613 1348 Sed

261 1393 349 1456 dicat
365 1390 505 1472 aliquis:
522 1387 666 1452 Difficile
676 1400 737 1467 est,
751 1392 878 1472 grande
893 1394 1083 1470 est,durum
1100 1405 1159 1458 est.
1177 1394 1222 1458 Et
1238 1395 1314 1456 ideo
1348 1392 1450 1455 rande
1465 1397 1525 1467 est,
1536 1389 1614 1470 quia

261 1495 395 1562 difficile
411 1506 470 1560 est.
491 1494 631 1558 Athleta
648 1493 760 1575 Xpisti
778 1515 843 1558 non
869 1508 1056 1576 coronatur,
1072 1498 1133 1561 nisi
1157 1497 1306 1580 legitime
1322 1494 1504 1559 certaverit.
1522 1489 1614 1555 Nulli

215 1630 245 1670 ro
263 1600 361 1665 iaciat
377 1598 646 1680 desperationem
662 1621 669 1660 :
685 1597 807 1660 arduus
824 1619 981 1665 ascensus
997 1611 1056 1680 est,
1072 1601 1216 1665 difficilis
1232 1612 1291 1677 est,
1307 1598 1495 1683 desperatio
1509 1596 1615 1660 nasci-

262 1717 323 1770 tur.
345 1704 425 1768 Noli
441 1703 627 1784 desperare,
650 1700 752 1764 homo
766 1725 775 1766 ι
790 1703 822 1766 ἱη
838 1705 958 1786 quinto
981 1705 1112 1769 decimo
1128 1707 1233 1789 gradu
1252 1704 1419 1768 Dominus
1440 1722 1540 1784 supra
1556 1710 1616 1778 est,

262 1809 410 1874 intuetur
423 1817 466 1883 te,
478 1806 537 1870 dat
553 1803 770 1869 auxiliumSi
788 1805 820 1869 in
839 1809 947 1889 primo
962 1811 1068 1890 gradu
1081 1830 1126 1887 es,
1135 1820 1168 1874 et
1184 1811 1315 1872 videtur
1330 1808 1391 1872 tibi
1407 1807 1533 1890 grande
1545 1825 1618 1868 esse

261 1910 402 2003 διάβημα
416 1910 503 1976 inter
529 1910 672 1991 primurn
689 1920 723 1994 et
739 1911 892 1994 quintum
918 1915 1107 1980 decimum:
1130 1915 1198 1980 noli
1226 1915 1387 1996 respicere
1411 1912 1543 1994 gradus,
1558 1910 1616 1972 sed

263 2024 446 2087 Dominum
464 2021 585 2104 aspice.
603 2020 648 2083 Et
664 2020 775 2087 videte
800 2024 879 2106 quid
896 2026 995 2090 dicat.
1013 2026 1089 2090 Non
1108 2026 1204 2098 dixit,
1221 2025 1301 2088 Vidi
1319 2023 1503 2086 Dominum
1528 2029 1618 2083 stan-

216 2150 245 2203 ¹5
263 2137 330 2191 tem
348 2128 380 2189 in
398 2125 516 2208 quinto
531 2125 662 2188 decimo
677 2127 783 2207 gradu
799 2151 806 2192 :
823 2149 883 2193 nos
899 2131 988 2194 enim
1005 2131 1047 2194 ad
1064 2141 1209 2194 stantem
1228 2139 1260 2192 et
1271 2139 1418 2192 erectum
1433 2125 1616 2190 Dominum

263 2231 433 2314 pervenire
458 2248 523 2292 non
552 2241 752 2311 poteramus
777 2232 845 2297 Sed
869 2236 945 2297 vide
971 2235 1051 2317 quid
1069 2235 1179 2299 dicat:
1206 2235 1289 2300 vidit
1315 2253 1391 2297 eum
1419 2231 1618 2296 innitentem

263 2361 362 2424 super
377 2339 511 2403 scalam.
526 2339 616 2403 Vide
631 2338 711 2420 quid
727 2337 818 2399 dicat
833 2359 840 2400 z
856 2337 898 2399 de
914 2338 1060 2419 eoquod
1078 2336 1198 2413 stabat,
1210 2335 1395 2399 incurvavit
1411 2353 1446 2397 se
1462 2343 1495 2397 et
1511 2330 1619 2394 humi·

264 2443 365 2521 liavit,
395 2453 432 2507 ut
455 2463 516 2506 nos
539 2459 713 2524 possemus
738 2441 925 2505 ascendere.
957 2440 1123 2505 Dominus
1149 2442 1303 2503 incurvus
1330 2449 1389 2515 est,
1421 2446 1556 2520 propter
1586 2441 1621 2497 te

263 2546 450 2611 humiliavit
465 2566 522 2610 se:
539 2547 673 2609 sec'urus
689 2545 839 2608 ascende.

216 2673 248 2710 ω
309 2650 378 2714 iste
394 2650 504 2732 igitur,
518 2650 575 2731 qui
592 2669 680 2714 nunc
697 2650 729 2712 in
747 2649 856 2731 primo
871 2650 976 2732 gradu
994 2658 1053 2727 est,
1069 2668 1134 2713 non
1164 2659 1214 2712 est
1241 2649 1273 2711 in
1303 2645 1536 2711 tribulatione:
1553 2645 1619 2707 iarn

263 2753 352 2816 enim
380 2752 515 2815 recessit
539 2752 583 2816 de
609 2753 832 2830 tribulatione,
848 2752 914 2816 iam
941 2753 974 2816 in
1000 2753 1110 2835 primo
1134 2753 1239 2834 gradu
1257 2752 1368 2834 posuit
1391 2750 1519 2832 pedem.
1543 2748 1620 2810 Non

264 2857 353 2921 enim
376 2856 468 2932 dicit,
492 2855 591 2918 Nunc
614 2855 762 2932 tribulor,
786 2875 874 2919 nunc
897 2856 1028 2935 clamo:
1053 2858 1111 2920 sed
1135 2857 1213 2939 quia
1238 2859 1270 2921 in
1298 2857 1405 2938 primo
1432 2853 1537 2935 gradu
1563 2861 1622 2928 est,

266 2961 363 3026 refert
379 2960 458 3043 quid
477 2979 593 3040 passus
610 2960 661 3023 sit.
679 2960 723 3024 Et
739 2960 820 3042 quid
837 2962 943 3025 dicit?
959 2963 1022 3025 Ad
1032 2963 1214 3026 Dominum
1226 2982 1298 3026 cum
1312 2957 1490 3022 tribularer
1503 2955 1622 3019 clama-

264 3065 309 3142 vi,
324 3075 355 3128 et
367 3063 539 3127 exaudivit
554 3085 611 3127 me.
639 3064 784 3128 Videtur
800 3066 863 3128 iste
886 3067 1068 3130 versiculus
1089 3067 1170 3129 nihil
1193 3067 1315 3130 habere
1332 3065 1539 3139 intrinsecus,
1551 3081 1622 3124 ver·

218 3195 249 3246 25
266 3167 387 3232 siculus
403 3186 525 3250 parvus
540 3177 591 3231 est
607 3193 614 3232 :
629 3169 687 3231 sed
704 3177 771 3231 tres
783 3187 899 3232 sensus
914 3169 1016 3234 habet
1029 3171 1061 3233 in
1073 3190 1108 3233 se
1120 3171 1243 3253 pariter
1259 3168 1515 3250 conglutinatos.
1532 3165 1622 3248 Quid

267 3275 354 3339 enirn
371 3273 480 3336 dicit?
498 3273 583 3337 Cum
600 3273 783 3351 tribularer,
797 3295 873 3339 ecce
890 3296 993 3340 unum
1006 3275 1167 3340 :clamavi
1185 3284 1236 3340 :et
1249 3282 1325 3355 post
1336 3271 1515 3335 clamorem
1528 3270 1625 3352 quid?

267 3376 441 3442 exaudivit
458 3397 520 3440 me.
539 3377 576 3439 ln
602 3397 669 3441 uno
685 3398 780 3443 versu
797 3379 886 3461 prior
909 3379 1089 3456 tribulati0,
1104 3378 1272 3451 clamatio,
1288 3385 1322 3438 et
1339 3374 1521 3437 exauditio.
1546 3371 1622 3436 Non

268 3482 366 3559 dixit,
382 3479 531 3562 Quando
545 3499 680 3544 securus
695 3499 797 3557 eram,
813 3484 948 3564 quando
972 3482 1079 3546 laetus
1103 3501 1203 3556 eram,
1219 3481 1362 3544 clamavi
1380 3503 1386 3544 :
1403 3481 1471 3556 sed,
1487 3479 1623 3560 quaudo

270 3584 463 3659 tribulabar,
478 3581 629 3646 clamavi.
647 3592 653 3616 ⁸
671 3584 795 3662 Petitis,
812 3586 929 3668 inquit,
944 3595 978 3650 et
994 3607 1060 3650 non
1078 3585 1298 3660 exaudimini,
1314 3583 1393 3667 quia
1409 3582 1625 3666 neglegenter

224 3716 256 3767 30
272 3688 384 3771 petitis
400 3687 415 3750 ’.
432 3685 493 3750 Ad
505 3687 687 3783 Dominum
701 3709 773 3752 cum
789 3690 968 3754 tribularer
980 3691 1132 3767 clamavi,
1146 3700 1177 3753 et
1191 3687 1364 3754 exaudivit
1379 3708 1436 3753 me.
1465 3687 1553 3770 Quid
1574 3705 1627 3748 me

305 3893 466 3944 urcundum
476 3895 522 3956 est]
532 3893 598 3944 codd
610 3911 617 3953 ;
628 3894 748 3943 secundm
757 3901 794 3943 est
805 3911 832 3958 μ.
902 3895 918 3944 6
930 3892 1079 3953 invidiosus]
1092 3897 1196 3945 invidus
1214 3897 1253 3960 μδ
1265 3915 1271 3956 3
1284 3896 1429 3946 invidi-..us
1441 3895 1468 3944 P.
1536 3907 1553 3957 9
1565 3893 1627 3942 Aru-

274 3975 331 4036 leta]
341 3976 561 4035 atletal'3arileta
573 3977 603 4026 C.
704 3977 868 4042 Xpisti]om.
884 3977 953 4040 pus.
1059 3989 1084 4025 Η
1098 3975 1282 4036 hamalalramo
1295 3997 1325 4042 μ.
1430 3990 1458 4026 12
1471 3977 1503 4038 te]
1520 3993 1570 4026 om.
1585 3977 1629 4034 G;

277 4057 318 4108 EC
329 4059 404 4108 inser.
416 4065 447 4108 et.
552 4071 579 4120 13
591 4055 720 4125 διάβημα]
740 4060 847 4122 scripsi:
868 4058 984 4123 draunpu
996 4061 1060 4120 AB;
1081 4059 1258 4129 ὃεαστεριγμα
1273 4063 1289 4110 S
1303 4081 1310 4122 ;
1331 4063 1387 4112 aliis
1398 4061 1465 4110 aliud
1479 4061 1627 4109 uocabulum

275 4139 321 4190 sub
331 4139 410 4189 oculis
421 4138 497 4188 luisse
507 4137 614 4198 videtur,
628 4141 762 4193 ultumi!
775 4142 1153 4206 G3u1tcuuumituu01·
1165 4143 1316 4206 P;spau'um
1326 4161 1359 4206 μ;
1370 4143 1457 4192 om.C.
1523 4142 1629 4204 gradus]

272 4223 380 4285 gratum
394 4223 440 4284 μδ,
541 4223 583 4271 red
600 4223 752 4282 Dominum]
769 4222 813 4270 sed
829 4225 923 4274 caelum
937 4225 995 4288 μ3;
1015 4224 1057 4272 sed
1074 4241 1124 4272 urra
1144 4225 1174 4273 B.
1279 4235 1307 4287 15
1326 4223 1442 4285 erectum]
1461 4231 1554 4273 rectum
1572 4223 1626 4272 CC.

279 4300 527 4362 resultavimus
538 4305 678 4354 Dorrrirrrrm
692 4305 739 4367 μδ.
843 4319 871 4369 17
882 4307 912 4355 de
922 4323 948 4355 ra
959 4307 1036 4371 quad]
1050 4307 1091 4357 SG
1104 4325 1111 4367 ;
1128 4307 1157 4356 de
1168 4323 1193 4356 ea
1204 4309 1251 4370 qui
1263 4307 1314 4368 μΒ.
1415 4305 1573 4367 r'mrrrvavil]
1591 4308 1630 4354 r'rr·

276 4387 415 4451 qvurvavit
425 4385 457 4435 G.
556 4384 717 4444 humiliavit]
729 4388 767 4448 pS
780 4397 857 4453 repet.
871 4405 902 4438 re.
1008 4389 1036 4438 18
1049 4389 1181 4451 incurvus]
1198 4391 1344 4453 inqrrurvus
1357 4387 1398 4445 G;
1416 4389 1564 4436 irr'curuatrrs
1578 4387 1629 4437 BC.

272 4475 374 4534 propter
382 4467 415 4528 te]
421 4474 470 4530 pro
479 4473 503 4514 te
514 4467 546 4516 G.
639 4479 669 4528 23
681 4468 839 4532 quidpasrus
849 4471 893 4530 sil]
904 4471 969 4534 quii
975 4479 1001 4534 p.
1014 4479 1050 4519 cst
1063 4471 1101 4533 pS
1114 4489 1121 4528 ς
1133 4471 1199 4534 quod
1207 4479 1235 4534 p.
1250 4470 1285 4518 sit
1296 4469 1343 4518 Gl.
1441 4469 1559 4534 adquiri]
1573 4469 1611 4530 μδ
1623 4489 1630 4524 ;

277 4566 326 4600 om.
341 4547 456 4599 BCGIP.
555 4558 586 4610 27
598 4549 761 4609 vrrsu1versa
773 4550 793 4598 C
805 4565 869 4600 corr.
973 4563 1005 4613 29
1016 4552 1180 4614 neglegenter]
1192 4553 1344 4614 neclegenter
1355 4551 1406 4600 SG.

318 4707 566 4791 30.peruu1ue
582 4731 611 4784 r,
628 4732 653 4788 s
