4154 5494
592 435 849 500 TRACTATUS
870 436 928 496 DE
951 433 1119 496 PSALMO
1140 433 1259 497 CVIII.
1535 435 1613 518 193

253 656 285 718 in
302 673 397 720 cruce
413 655 612 737 pendebam,
627 654 662 719 et
676 653 839 736 sanguiue
855 672 931 718 meo
947 652 1100 717 lavabam
1117 651 1231 715 sordes
1246 669 1378 715 eorum:
1393 661 1427 716 et
1442 651 1504 734 ipsi
1521 651 1613 715 nole-

253 758 334 823 bant
350 779 449 842 agere
464 759 713 842 paenitentiam.
733 757 827 822 Haec
842 765 938 822 erant
953 754 1118 830 lacrimae,
1134 754 1216 818 haec
1228 755 1439 838 conpunctio,
1450 755 1609 839 quoniam

253 871 490 947 persequentes
507 882 643 928 menon
660 863 754 946 potui
770 861 905 926 salvare.

297 965 416 1032 Libera
432 987 490 1045 me,
504 966 583 1050 quia
598 987 714 1050 egenus
735 977 767 1032 et
773 977 902 1052 pauper
916 987 997 1030 sum.
1016 965 1182 1030 Dominus
1207 984 1243 1028 se
1264 984 1443 1048 pauperem
1467 967 1557 1043 dicit,
1574 979 1610 1033 ut

219 1087 236 1142 5
253 1091 416 1154 pauperes
430 1071 665 1137 consolaretur.
676 1071 761 1137 Cum
773 1069 963 1136 hominibus
974 1090 1099 1154 pauper
1111 1069 1287 1147 lactusest,
1299 1079 1335 1134 ut
1351 1069 1492 1135 salutern
1510 1092 1610 1136 nemo

252 1193 436 1258 pauperum
452 1175 614 1257 desperet.
629 1174 678 1240 Et
698 1195 752 1238 cor
766 1195 872 1240 meum
886 1172 1111 1238 conturbatam
1133 1183 1181 1237 esc
1199 1173 1290 1237 r’ntra
1311 1193 1367 1237 me.
1390 1174 1513 1239 Videte
1527 1176 1607 1258 quid

252 1277 403 1354 dicat,Et
418 1299 475 1344 cor
487 1297 598 1342 meum
608 1279 844 1344 conturbatum
855 1289 906 1342 est
918 1279 1005 1343 intra
1017 1298 1077 1343 me.
1090 1279 1205 1362 ipsum
1219 1279 1370 1361 estquod
1384 1288 1417 1343 et
1428 1279 1506 1343 alibi
1516 1281 1610 1346 dicit:

251 1381 438 1448 ‘Turbatus
454 1401 538 1460 sum,
558 1393 592 1446 et
614 1403 679 1448 non
696 1402 770 1448 sum
793 1382 950 1447 locutus.¹
968 1381 1067 1467 Quod
1087 1382 1211 1460 turbor,
1231 1382 1376 1446 hominis
1397 1392 1462 1447 est:
1477 1383 1609 1449 vincere

251 1495 363 1552 autem
380 1486 603 1552 turbationem
627 1496 661 1551 et
677 1485 770 1565 iram,
789 1486 853 1551 hoc
870 1506 1012 1569 magnae
1034 1487 1165 1551 virtutis
1187 1495 1245 1549 est.
1270 1485 1449 1568 Propterea
1471 1488 1553 1554 dicit
1575 1500 1609 1555 et

200 1612 235 1650 ra
250 1589 437 1674 apostolus:
460 1589 677 1670 ‘Imsciminl,
699 1599 733 1656 et
756 1589 859 1656 nolite
882 1590 1044 1674 peccare.'
1070 1590 1248 1655 Irasceris?
1264 1590 1366 1655 homo
1388 1611 1432 1655 es.
1458 1592 1535 1656 Non
1559 1613 1608 1656 re-

250 1703 363 1760 manet
380 1695 412 1758 in
429 1703 464 1758 te
479 1693 550 1758 ira?
567 1693 766 1777 Xpistianus
781 1713 824 1759 es.

291 1800 458 1867 Excussae
486 1821 561 1866 sam
591 1799 677 1864 secut
700 1798 846 1863 locustae.
878 1799 953 1881 Ego
983 1798 1119 1880 quidem
1151 1817 1305 1862 veneram
1337 1808 1374 1864 ut
1397 1810 1606 1884 protegerem

248 1905 409 1988 populum
427 1924 549 1983 meum,
561 1913 595 1970 et
606 1903 696 1968 dixi:
711 1908 718 1934 ⁸
734 1901 943 1966 Hierusalem
959 1901 1181 1979 Hierusalem,
1196 1923 1282 1986 quae
1291 1905 1416 1969 occidis
1426 1907 1607 1991 prophetas

247 2016 281 2072 et
297 2006 427 2092 lapidas
443 2029 500 2074 eos
516 2009 572 2091 qui
589 2007 631 2072 ad
650 2016 683 2070 te
708 2006 798 2070 missi
820 2016 908 2084 sunt,
923 2005 1078 2088 quotiens
1097 2005 1186 2070 volui
1206 2027 1409 2091 congregare
1428 2008 1513 2075 filios
1530 2022 1607 2076 tuos

198 2129 230 2184 ¹5
247 2109 332 2174 sicut
347 2110 472 2194 gallina
487 2110 550 2176 sub
565 2109 635 2174 alas
651 2129 735 2174 suas.
748 2109 755 2134 '
774 2109 850 2192 Ego
865 2129 1021 2174 veneram
1035 2119 1072 2173 ut
1083 2109 1207 2192 gallina
1220 2110 1263 2174 ad
1278 2113 1521 2193 protegendum
1538 2135 1607 2179 eos:

247 2211 293 2276 illi
310 2224 421 2278 autem
439 2213 667 2280 inimicissima
684 2221 796 2277 mente
812 2221 1028 2294 susceperunt
1048 2232 1109 2276 me.
1127 2213 1202 2296 Ego
1213 2233 1367 2278 veneram
1386 2224 1421 2278 ut
1439 2227 1559 2282 mater:
1572 2228 1607 2284 et

166 2369 170 2374 .
246 2313 293 2379 ilii
309 2317 403 2399 quasi
419 2316 623 2384 homicidam
636 2337 733 2381 suum
747 2335 800 2380 me
817 2317 1059 2381 interfecerunt.
1071 2315 1236 2380 Excussus
1250 2338 1331 2384 sum.
1343 2317 1434 2402 Quid
1450 2332 1501 2386 est
1517 2323 1606 2387 hoc?

246 2423 408 2504 persecuti
425 2433 504 2488 sunt
521 2442 583 2501 me,
598 2421 807 2507 proiecerunt
824 2441 885 2484 me.
911 2421 1078 2486 Persecuti
1102 2431 1179 2485 sunt
1196 2439 1250 2485 me
1268 2422 1311 2485 de
1328 2423 1506 2501 Nazareth,
1530 2429 1604 2490 veni

246 2525 279 2590 in
296 2525 547 2610 capharnaum:
568 2526 731 2610 persecuti
747 2537 825 2588 sunt
847 2545 900 2589 me
915 2526 958 2589 de
971 2525 1217 2608 capharnaum,
1233 2527 1307 2590 veui
1330 2527 1362 2590 in
1380 2528 1605 2608 Bethsaidam,

199 2637 280 2694 eset
310 2629 389 2694 inde
419 2649 473 2694 me
499 2632 663 2713 persecuti
691 2641 777 2696 sunt.
802 2633 889 2697 Veni
917 2633 949 2694 in
980 2633 1201 2709 Hierusalem,
1228 2633 1383 2699 nolebam
1409 2638 1561 2702 recedere
1585 2659 1606 2703 a

246 2732 373 2816 populo
389 2753 481 2811 meo:
496 2744 530 2799 et
546 2734 623 2799 inde
637 2755 689 2798 me
706 2737 869 2817 persecuti
885 2745 973 2812 sunt,
987 2748 1021 2801 et
1032 2737 1078 2800 sic
1096 2756 1148 2800 me
1160 2736 1329 2814 habebant
1340 2740 1434 2821 quasi
1452 2740 1604 2806 locustas.

249 2833 293 2900 Et
308 2835 388 2918 quid
405 2836 492 2901 ieci?
509 2837 610 2901 iratus
627 2858 710 2916 sum,
729 2837 864 2903 defendi
880 2841 1125 2924 memetipsum,
1136 2841 1296 2904 maledixi
1313 2863 1379 2918 eos,
1395 2853 1426 2906 et
1444 2842 1604 2927 dereliqui

247 2938 344 3006 illos?
361 2941 432 3006 Nec
448 2960 551 3006 unum
568 2941 686 3006 borum
704 2941 774 3007 ieci.
788 2944 855 3010 Sed
873 2944 951 3028 quid
969 2944 1054 3010 feci?
1071 2944 1172 3009 Oravi
1190 2964 1249 3026 pro
1266 2945 1354 3028 ipsis.

292 3043 407 3112 Genua
422 3066 493 3109 mea
512 3045 771 3130 infirmalasunt
784 3069 805 3111 a
822 3047 949 3112 t'eiuuio.
964 3048 1101 3112 Habeto
1110 3048 1383 3126 consolationem,
1399 3069 1420 3112 o
1433 3051 1604 3127 monache,

201 3159 230 3216 ²5
246 3147 440 3214 ieiunando:
456 3149 620 3231 siquidem
637 3160 671 3213 et
689 3151 855 3215 Dominus
866 3151 930 3216 hoc
946 3150 1033 3217 iecit.
1047 3153 1122 3234 Ego
1133 3151 1209 3216 dico
1224 3154 1314 3236 quod
1326 3155 1463 3235 quando
1479 3155 1604 3219 ieiunat

247 3252 438 3330 monachus,
465 3251 580 3316 sortior
600 3251 636 3316 fir
657 3253 795 3334 ieiuni03
816 3264 850 3320 et
865 3256 1000 3338 quando
1023 3253 1233 3320 infirmantur
1251 3276 1361 3338 genua
1380 3257 1450 3320 eius
1473 3259 1604 3337 ieiunio,

245 3366 324 3422 tunc
337 3355 487 3422 maxime
502 3359 683 3423 roboratur.
702 3359 750 3422 Er
767 3379 841 3422 caro
851 3380 921 3424 :nea
937 3359 1102 3422 inmutata
1116 3369 1165 3422 est
1178 3371 1311 3443 propter
1323 3360 1434 3424 oleum.
1455 3364 1540 3427 Rem
1558 3365 1604 3427 vi·

244 3463 325 3528 deor
349 3461 517 3528 difficilem
543 3464 663 3540 dIcere,
686 3473 720 3526 et
746 3463 928 3526 secundum
960 3462 1103 3526 litteram
1135 3465 1333 3548 interpretor
1367 3475 1404 3529 ut
1430 3466 1602 3530 aedificem

245 3565 433 3634 audientes:
448 3565 602 3631 aedificat
625 3567 715 3631 enim
733 3577 835 3630 meet
862 3565 980 3630 littera.
1002 3565 1133 3632 Bonum
1159 3576 1209 3631 est
1234 3567 1388 3646 ieiunare,
1404 3569 1527 3633 bonum
1553 3581 1603 3634 est

276 3780 372 3834 allece
382 3780 467 3841 eram]
479 3778 609 3846 §G3Iaee
619 3779 785 3840 eranthsslr
796 3780 855 3830 add.
869 3795 924 3844 sup.
939 3778 1168 3840 linquerent&
1185 3781 1231 3830 hae
1246 3797 1294 3830 ecce
1309 3788 1384 3834 erunt
1401 3781 1493 3841 Crhec
1507 3789 1562 3832 erat
1574 3783 1600 3834 S.

246 3859 425 3932 Legeudumne
437 3861 507 3911 haece
517 3863 610 3911 eram?
674 3876 690 3922 4
702 3861 769 3922 sarrs]
783 3859 798 3927 β
810 3861 868 3910 adel.
880 3876 928 3924 ego.
997 3869 1026 3910 ut
1033 3869 1155 3926 pauperes
1163 3864 1339 3926 consolaretur]
1349 3872 1378 3912 ut
1384 3872 1412 3928 p.
1423 3865 1602 3924 consoletur&

245 3949 379 4014 ulpaarper
395 3944 562 3994 consolaretur
573 3945 605 3994 A.
707 3942 848 4008 ssalutem]
868 3957 956 3993 omnes
974 3943 1057 4000 codd:
1077 3945 1162 3992 saltem
1176 3941 1204 4011 β.
1300 3945 1316 3994 6
1322 3947 1477 4010 pauperum]
1494 3947 1603 4006 ABCS;

240 4032 375 4094 pauperem
387 4025 437 4091 pG.
537 4025 654 4091 desperet]
675 4026 712 4085 S:
730 4027 861 4090 despicere!
878 4023 973 4092 βΑΒΕ,
995 4026 1125 4090 dr'specerr'l
1142 4027 1174 4076 G.
1274 4034 1324 4088 9e!
1335 4028 1466 4091 aposlolus]
1484 4029 1550 4078 codd
1562 4046 1570 4087 ς
1581 4036 1605 4078 el

242 4108 361 4176 propheta
373 4105 397 4175 β.
501 4121 531 4160 10
542 4125 579 4174 sq.
594 4109 713 4158 Irasceris
769 4109 922 4172 Xpistianus
942 4109 976 4170 es]
997 4109 1079 4158 Irasci
1096 4109 1226 4159 lrarue'uum
1246 4117 1289 4168 est,
1312 4126 1361 4158 nan
1382 4127 1509 4160 rerrranere
1521 4112 1549 4160 r'rr
1561 4112 1604 4160 ira

248 4191 393 4246 Christiani
401 4199 437 4241 est
449 4189 473 4259 β.
544 4205 553 4240 1
559 4203 572 4256 5
584 4191 768 4254 siculgallr'na]
781 4188 819 4258 βΒ
831 4192 889 4240 add.
904 4197 1033 4255 congrega!
1041 4191 1123 4254 pullos
1133 4207 1195 4241 suos.
1268 4205 1296 4252 19
1308 4193 1379 4254 ueni]
1392 4194 1461 4244 nCG
1474 4212 1481 4253 ;
1494 4194 1533 4242 ivi
1546 4193 1603 4260 βΒ;

244 4274 296 4328 adii
307 4273 333 4325 S.
403 4275 432 4322 in
443 4270 617 4333 Bethsaidam]
628 4273 658 4322 irs
669 4273 806 4322 Bethsaida
819 4274 870 4324 SG.
939 4286 970 4320 22
981 4289 1019 4320 eos
1029 4273 1062 4334 el]
1073 4289 1110 4320 eos
1121 4274 1163 4322 sed
1176 4275 1226 4323 llC.
1238 4273 1278 4322 cl.
1290 4291 1364 4338 supra
1377 4291 1400 4338 p.
1417 4285 1468 4338 135,
1484 4276 1499 4325 l.
1512 4277 1543 4324 26
1553 4285 1600 4326 elc.

244 4365 274 4418 ⁸7
285 4351 381 4414 videor]
391 4356 493 4405 videtur
503 4357 536 4406 Α.
638 4368 669 4418 29
679 4355 804 4420 aedificat]
815 4354 953 4418 aedificabit
964 4355 993 4405 C.

284 4543 312 4602 8.
327 4536 447 4621 locutus]
464 4542 510 4600 Ps.
529 4544 574 4614 76,
589 4559 614 4618 5.
948 4539 1033 4600 irasci
1043 4537 1173 4599 hominis
1182 4550 1234 4610 est,
1245 4549 1274 4598 et
1285 4537 1421 4598 inluriam
1432 4558 1493 4600 non
1505 4540 1601 4600 lacere

285 4642 311 4698 9.
326 4617 519 4701 eraposrolas]
536 4623 561 4682 E
584 4623 644 4681 hes.
661 4641 689 4694 4,
708 4625 753 4680 26.
948 4620 1108 4684 Christiani
1120 4623 1136 4684 '.

288 4722 330 4762 rr.
347 4641 713 4782 Xpistianuseerieron.
730 4721 776 4780 ep.
794 4723 826 4760 12
846 4713 895 4761 'er
992 4719 1035 4780 15.
1052 4698 1134 4783 suas]
1151 4701 1257 4762 Matth.
1277 4721 1322 4778 23,
1337 4719 1383 4778 37.

297 4831 408 4875 measa
418 4831 656 4882 adamannum
1526 4848 1550 4886 25
