4202 5492
639 419 894 482 TRACTATUS
917 421 975 481 DE
999 421 1169 484 PSALMO
1190 423 1254 485 XC.
1539 419 1616 509 117

264 637 412 724 Quando
427 636 584 702 haeretici
602 635 696 720 quasi
713 635 871 720 mysteria
888 637 1000 722 aliqua
1015 639 1224 722 promittunt,
1239 625 1376 724 quando
1391 661 1494 724 regna
1509 640 1616 706 caelo-

263 764 347 821 mm,
361 743 499 826 quando
513 739 765 817 continentiam,
781 741 917 823 quando
933 741 1063 819 ieiunia,
1078 743 1216 828 quando
1243 745 1465 822 sanctitatem,
1479 747 1616 829 quando

263 848 543 914 renuntiationem
560 844 901 926 saeculi,promittunt
918 847 1099 912 meridiem.
1117 847 1185 913 Sed
1202 848 1360 931 quoniam
1379 867 1444 912 non
1461 859 1512 914 est
1533 850 1616 933 Xpi·

262 954 305 1020 sti
321 955 512 1029 lumen,non
529 959 580 1016 est
596 949 760 1026 meridies,
777 951 835 1016 scd
852 951 1066 1016 daemonium
1085 953 1315 1017 meridianum.

231 1074 246 1129 5
308 1057 434 1124 Cadent
457 1079 479 1122 a
504 1055 602 1120 latere
622 1064 677 1120 tuo
692 1056 789 1134 mille,
803 1066 834 1120 et
848 1057 951 1122 decem
967 1059 1063 1122 ms'lia
1084 1079 1105 1122 a
1120 1058 1245 1122 dextris
1259 1057 1335 1121 tuis.
1352 1055 1493 1140 Singula
1516 1056 1618 1122 verba

263 1162 501 1246 scripturarum
518 1158 651 1242 singula
667 1170 878 1225 sacramenta
892 1170 978 1226 sunt.
999 1162 1067 1226 ista
1083 1163 1205 1226 rustica
1229 1161 1330 1225 verba
1345 1180 1432 1244 quae
1457 1170 1618 1243 putantur

182 1261 184 1266 ’
263 1263 387 1330 saeculi
412 1262 615 1340 hominibus,
630 1261 731 1345 plena
751 1273 829 1328 sunt
853 1266 1077 1329 sacramentis.
1092 1269 1099 1298 ¹
1117 1264 1292 1329 Habemus
1319 1265 1408 1328 enim
1425 1265 1617 1330 thesaurum

264 1369 364 1433 istum
382 1368 414 1432 in
434 1367 521 1432 vasis
537 1365 693 1431 fictilibus
709 1367 736 1432 ':
753 1369 946 1433 thesaurum
963 1389 1097 1433 sensum
1118 1369 1269 1433 divinum
1282 1369 1445 1433 habemus
1461 1369 1493 1432 in
1510 1369 1619 1434 verbis

264 1471 440 1536 vilissimis.
452 1469 577 1536 Cadent
589 1492 612 1534 a
625 1470 726 1535 latere
738 1481 793 1534 tuo
807 1472 945 1549 miliaci
957 1471 1061 1536 decem
1078 1473 1173 1536 mr'lia
1184 1494 1207 1537 a
1221 1472 1346 1536 dextris
1357 1472 1430 1536 turs.
1449 1472 1504 1536 Ex
1517 1472 1620 1537 latere

220 1597 249 1636 ro
264 1577 384 1641 cuius?
401 1575 458 1640 Ab
473 1577 553 1653 eius,
568 1575 619 1640 cui
637 1575 764 1638 dictum
782 1572 897 1652 iuerat,
914 1574 1019 1640 Scuto
1034 1575 1253 1640 circumdabit
1272 1587 1306 1640 te
1324 1577 1446 1641 veritas
1461 1577 1540 1656 eius,
1551 1596 1619 1641 non

264 1681 433 1746 timebisa
450 1679 570 1744 timore
586 1688 760 1744 nocturno.
776 1677 843 1762 Qui
860 1689 910 1744 est
927 1679 1014 1744 iste?
1038 1679 1091 1744 De
1113 1700 1181 1762 quo
1203 1699 1302 1762 supra
1325 1681 1452 1744 dictum
1476 1690 1536 1758 est,
1552 1680 1619 1764 Qui

264 1785 395 1850 habitat
421 1786 455 1849 in
481 1783 649 1850 adiutorio
671 1783 849 1861 Altissimi,
865 1783 897 1848 in
927 1785 1131 1866 protectione
1160 1784 1223 1849 Dei
1250 1783 1332 1848 caeli
1348 1785 1618 1850 commorabitur.

265 1890 323 1954 Ab
347 1910 387 1954 eo
414 1910 494 1974 ergo
520 1889 576 1972 qui
593 1888 724 1952 habitat
740 1888 772 1952 in
789 1888 957 1952 adiutorio
974 1889 1121 1966 Domini,
1136 1890 1292 1953 cadente
1309 1888 1410 1952 latere
1433 1889 1504 1953 eius
1521 1889 1620 1965 mille,

265 2005 299 2058 et
313 1995 430 2058 decem
447 1992 539 2058 milia
555 2013 573 2056 a
589 1991 718 2057 dextris
734 1991 813 2056 eius.
830 1992 981 2055 Dextera
1008 1992 1115 2054 sancti
1130 1992 1250 2056 dicitur
1265 2017 1271 2055 :
1288 1993 1420 2056 sinistra
1448 2012 1514 2056 non
1528 1993 1621 2056 dici·

221 2115 249 2170 15
265 2107 328 2175 tur,
343 2097 401 2160 sed
420 2096 516 2161 latus.
533 2095 657 2160 Videte
673 2097 762 2162 enim
779 2097 859 2181 quid
876 2097 1017 2160 dicitur:
1035 2097 1079 2160 Et
1095 2097 1210 2162 decem
1239 2097 1331 2162 milia
1346 2118 1365 2161 a
1393 2097 1522 2161 dextris
1546 2097 1621 2161 tuis.

267 2202 312 2266 Et
327 2201 499 2284 quomodo
515 2201 677 2264 dixeras?
693 2201 825 2265 Cadent
841 2221 860 2265 a
877 2200 978 2265 latere
1003 2209 1062 2264 tuo
1087 2201 1186 2266 mille.
1204 2201 1350 2285 Quando
1375 2203 1463 2266 enim
1480 2203 1622 2266 dextera

265 2305 386 2370 dicitur
411 2315 445 2369 et
472 2303 605 2369 sinistra
632 2323 698 2368 non
726 2305 926 2382 nominatur,
953 2325 1014 2386 pro
1038 2305 1171 2370 sinistra
1199 2306 1284 2369 latus
1311 2305 1510 2370 nominatur.
1542 2305 1620 2369 Non

267 2411 356 2474 enim
383 2416 515 2494 poterat
539 2410 662 2474 iustum
689 2429 770 2488 esse,
785 2417 822 2474 ut
838 2409 943 2474 iustus
967 2409 1105 2473 haberet
1128 2409 1305 2475 sinistram.
1328 2407 1419 2492 ‘Qui
1447 2418 1489 2489 te,
1505 2410 1623 2492 inquit,

268 2513 467 2596 percusserit
491 2513 525 2576 in
552 2514 727 2576 dexteram
746 2505 930 2587 maxillam,
946 2511 1067 2594 praebe
1084 2513 1113 2574 ei
1141 2521 1174 2575 et
1190 2512 1327 2576 alteram
1348 2512 1364 2576 ¹.
1381 2513 1458 2576 Non
1475 2513 1573 2589 dixit,
1589 2524 1622 2577 et

220 2639 252 2678 ro
268 2617 456 2681 sinistram:
473 2615 642 2680 nonenim
660 2626 710 2679 est
725 2616 858 2680 sinistra
874 2635 961 2699 quae
977 2616 1162 2698 praebetur,
1179 2618 1235 2680 sed
1253 2615 1394 2680 dextera
1404 2615 1517 2681 altera.
1532 2617 1623 2700 Ergo

268 2719 462 2804 simpliciter
486 2719 573 2798 dico,
587 2719 747 2802 quoniam
773 2719 879 2783 iustus
904 2719 988 2782 duas
1013 2719 1172 2783 dexteras
1196 2718 1305 2783 habet.
1330 2719 1484 2802 Denique
1509 2731 1543 2782 et
1567 2719 1623 2783 iiie

270 2825 425 2908 Aod,qui
442 2823 597 2888 scribitur
614 2822 646 2886 in
662 2822 814 2886 Indicum
833 2822 926 2899 iibro,
942 2831 1117 2904 propterea
1132 2824 1215 2886 duas
1232 2822 1389 2886 dexteras
1404 2822 1527 2886 habere
1542 2823 1623 2887 dici-

268 2939 330 3005 tur,
345 2929 424 3012 quia
450 2927 558 2991 iustus
587 2935 669 3002 erat,
684 2935 718 2988 et
744 2924 908 2989 interiecit
922 2926 1025 2989 iilum
1055 2925 1310 3008 pinguissimum
1328 2945 1449 3007 regem.
1464 2925 1589 2991 Cadent
1602 2949 1623 2991 a

267 3035 368 3098 latere
382 3043 438 3098 tuo
453 3032 551 3110 mille,
566 3042 597 3094 et
613 3031 716 3094 decem
733 3030 826 3093 milia
842 3052 863 3093 a
879 3030 1004 3093 dextris
1018 3031 1092 3095 trias.
1110 3031 1224 3094 Plures
1249 3040 1326 3094 sunt
1342 3031 1397 3112 qui
1426 3031 1625 3096 insidiantur

222 3159 252 3212 ις
268 3139 429 3202 dexterae
456 3146 598 3212 nostrae,
614 3154 682 3198 non
709 3145 786 3198 sunt
814 3133 924 3215 plures
940 3134 997 3216 qui
1014 3133 1211 3197 insidiantur
1227 3135 1400 3199 sinistrae:
1418 3147 1625 3220 proptereaa

273 3241 376 3307 latere
404 3240 495 3306 miilc
521 3242 653 3319 cadent,
668 3251 702 3304 ct
730 3262 749 3303 a
774 3240 903 3304 dextris
929 3243 1044 3304 decem
1063 3241 1162 3305 milia.
1192 3241 1258 3305 Ubi
1276 3241 1364 3306 enim
1382 3243 1488 3306 maior
1503 3263 1626 3326 pugna,

301 3411 463 3476 dputarrtur]
477 3409 564 3479 flBCG
577 3411 652 3462 inser.
667 3410 876 3476 praepositionem
887 3427 912 3470 a,
926 3427 990 3474 quac
1002 3409 1027 3460 in
1038 3410 1083 3462 HS
1095 3409 1227 3461 omittitur.
1295 3411 1311 3463 8
1322 3429 1421 3462 serarum
1431 3413 1561 3475 divinum]
1575 3411 1625 3480 βὸς

269 3507 367 3543 sensum
378 3492 465 3542 divini
476 3493 496 3542 B
511 3504 521 3540 t
535 3509 560 3542 m
571 3511 578 3548 t
589 3508 689 3542 sorsum
700 3491 791 3541 dr'vina
801 3493 899 3556 eloquia
911 3493 933 3541 G
945 3511 952 3550 ;
970 3507 1056 3540 sensus
1066 3492 1153 3541 divini
1163 3491 1192 3552 C,
1208 3493 1229 3541 B
1240 3509 1295 3557 sup.
1310 3494 1353 3543 iio.
1455 3507 1471 3556 9
1483 3493 1625 3555 vilissimis]

269 3575 410 3624 visibilibus
421 3575 450 3625 C.
551 3572 692 3634 Exiaem]
705 3573 831 3642 βΗΒ(ςτ.
847 3569 877 3624 ἐκ
888 3575 935 3623 τοῦ
948 3566 1124 3632 xi.irou;);ex
1135 3573 1215 3623 altare
1226 3574 1401 3633 SG3alatere
1413 3575 1441 3626 C.
1476 3571 1487 3588 ⁸
1546 3589 1576 3625 10
1587 3576 1627 3625 At

269 3657 473 3720 eiur]aieoSG.
578 3655 606 3706 16
617 3656 840 3718 dixerar1dr'xerat
851 3656 881 3706 C.
982 3655 1105 3719 margo]
1116 3671 1157 3718 ego
1169 3656 1195 3706 S.
1296 3669 1328 3706 22
1340 3654 1484 3716 Aodiuiod
1494 3657 1626 3715 s;a‹rc;

269 3737 538 3807 aothHC;Ar'othii.

312 3875 339 3931 8.
346 3867 499 3952 fictriihrrs]
515 3870 592 3930 Ibid.
609 3891 637 3944 4,
656 3889 680 3946 7.
978 3889 1050 3928 ram.
1068 3868 1225 3947 Numquid
1241 3869 1340 3930 dicere
1355 3889 1416 3929 non
1431 3868 1536 3947 potuit,
1552 3882 1581 3930 et
1592 3868 1626 3930 si·

315 3972 359 4029 19·
374 3961 403 4011 et
414 3949 551 4092 alteram}
567 3953 673 4012 Mattb.
692 3970 719 4030 5,
736 3971 782 4028 39.
977 3949 1117 4010 nistrami
1131 3951 1190 4010 Sed
1206 3952 1329 4027 quando
1339 3949 1500 4028 percutitur
1515 3951 1625 4024 dextra,

314 4053 360 4093 20.
376 4033 494 4092 dextera
515 4053 534 4091 a
547 4030 623 4113 tera]
646 4034 771 4094 Hieron.
788 4034 819 4091 in
844 4032 924 4090 hunc
976 4031 1132 4108 praebetur
1146 4033 1237 4092 altera
1251 4033 1373 4092 dextra:
1387 4031 1457 4108 quia
1478 4030 1507 4090 in
1524 4042 1627 4090 sancto

274 4115 418 4175 Matthaei
433 4115 534 4174 locum
551 4119 559 4146 ⁴
574 4117 717 4174 Percussa
731 4115 852 4174 dextera
874 4132 925 4172 no
977 4112 1038 4171 viro
1055 4123 1215 4188 utrumque
1229 4114 1375 4184 dextrum,
1392 4123 1553 4188 utrumque
1565 4130 1627 4188 per·

272 4210 332 4256 stra
359 4214 420 4256 non
445 4194 583 4256 iubemur
603 4194 750 4255 sinistram
773 4193 923 4272 praebere,
975 4195 1086 4253 tectum
1111 4205 1154 4253 est
1170 4196 1176 4220 '
1191 4193 1239 4267 ;in
1266 4196 1380 4254 Eccles.
1397 4213 1422 4252 c.
1443 4213 1478 4251 ro
1503 4192 1559 4270 (Μ.
1580 4212 1626 4269 23,

272 4277 326 4337 sed
341 4278 473 4350 aiteram,
489 4276 548 4335 hoc
562 4287 615 4348 est,
631 4279 753 4337 aiteram
768 4277 922 4335 dextram:
978 4277 1054 4346 1146
1078 4274 1116 4350 Β)
1147 4277 1209 4333 ‘Et
1237 4277 1360 4351 quando
1386 4273 1567 4351 percutimur
1596 4273 1627 4332 in

273 4357 366 4417 iustus
380 4357 462 4417 enim
487 4357 635 4417 sinistram
660 4356 837 4417 nonhabet
852 4358 879 4428 '3
894 4355 924 4413 in
977 4354 1125 4414 maxillam
1141 4357 1302 4427 dexteram,
1319 4375 1379 4415 non
1401 4355 1537 4416 iubemur
1561 4354 1629 4414 sini-

275 4440 381 4500 Ezech.
398 4457 446 4511 41,
465 4458 501 4515 23
516 4457 580 4516 sqq.
599 4443 680 4498 ‘non
703 4437 802 4514 posuit
827 4437 925 4496 dexte·
976 4448 1065 4495 stram
1091 4453 1197 4514 genam
1218 4436 1394 4513 percutienti
1409 4437 1559 4513 praebere,
1575 4437 1629 4496 sed

273 4539 334 4580 ram
349 4519 579 4581 etsinistram...
597 4518 676 4579 iuxta
698 4519 772 4578 iilud
796 4519 879 4596 quod
894 4517 924 4575 in
975 4519 1098 4576 aiteram
1130 4518 1290 4578 dexteram.
1325 4519 1425 4577 Iustus
1452 4517 1533 4577 enim
1562 4517 1630 4576 sini·

275 4599 429 4678 evangelio
443 4599 584 4678 scriptum
594 4612 638 4660 est
652 4601 716 4676 Qui
724 4608 750 4659 te
754 4597 927 4677 percenseri!
976 4609 1065 4658 stram
1081 4597 1112 4658 in
1127 4617 1159 4659 se
1174 4617 1234 4658 non
1250 4598 1349 4672 habet,
1364 4602 1418 4660 sed
1433 4609 1528 4660 totum
1544 4597 1575 4658 in
1590 4617 1628 4659 eo

276 4684 306 4740 in
320 4683 468 4741 dexteram
483 4681 644 4754 iiraxiilam,
653 4683 801 4758 praeberi
817 4689 846 4738 et
857 4680 925 4738 alte·
976 4680 1112 4739 dextrum
1128 4693 1180 4740 est.
1198 4681 1205 4708 ³
