4202 5492
586 432 840 494 ueneratus
864 433 920 492 nu
945 435 1111 496 rsnuuo
1134 438 1309 497 Lxxxnr.
1572 416 1629 520 89

270 667 358 730 quae
372 648 552 712 dictasunt
569 646 676 714 mihi'.¹
688 649 732 713 Et
747 647 878 732 semper
894 652 1053 732 procedit,
1069 661 1101 715 ct
1119 649 1296 733 proficit,et
1312 652 1463 716 ascendit
1480 653 1512 716 in
1526 652 1627 716 subli-

273 754 386 818 miora.
402 752 502 836 Quod
520 754 611 828 dicit,
626 754 688 818 hoc
713 764 771 817 est.
796 755 1005 819 Ascensioues
1028 756 1062 818 in
1077 756 1169 819 corde
1189 776 1247 820 suo
1268 755 1435 840 disposuit.
1463 756 1561 822 Felix
1576 768 1627 822 est

271 858 327 940 qui
344 857 467 921 cotidie
483 856 622 939 proficit,
638 857 694 938 qui
711 877 777 920 non
795 858 983 923 considerat
1009 859 1087 940 quid
1112 858 1180 922 heri
1207 858 1329 939 lecerit,
1345 861 1403 925 sed
1425 861 1504 945 quid
1528 860 1628 926 hodie

272 961 371 1026 iaciat
393 970 426 1025 et
442 960 604 1044 proficiat.
621 960 766 1027 Sanctus
791 963 1002 1026 ascensiones
1019 962 1050 1024 in
1068 963 1168 1027 corde
1190 982 1253 1028 suo
1279 966 1383 1048 ponit,
1399 976 1556 1049 peccator
1570 965 1626 1031 de·

242 1076 255 1130 5
273 1067 471 1132 scensiones.
487 1066 670 1150 Quomodo
685 1067 742 1150 qui
763 1078 897 1132 sanctus
913 1076 963 1132 est
979 1067 1101 1131 cotidie
1117 1067 1256 1152 proficit,
1271 1069 1319 1132 sic
1334 1069 1391 1152 qui
1408 1077 1563 1152 peccator
1578 1077 1628 1133 est

273 1170 396 1234 cotidie
411 1171 580 1234 decrescit
598 1171 721 1234 Beatus
738 1171 787 1235 vir
801 1171 858 1254 qui
875 1171 1023 1254 disponit
1040 1173 1251 1238 ascensiones
1268 1174 1300 1237 in
1316 1173 1425 1237 corde.
1441 1173 1530 1237 Vide
1551 1193 1627 1238 con-

273 1275 480 1358 sequentiam
497 1275 743 1358 scripturarum.

318 1379 359 1442 In
375 1365 460 1444 ualk
473 1374 697 1457 lacrimarum,
714 1379 748 1442 in
763 1379 827 1443 loco
841 1401 934 1462 quem
942 1381 1064 1463 posuit.
1081 1381 1149 1447 Ubi
1166 1382 1285 1445 dicitur
1298 1385 1305 1413 ‘
1316 1381 1349 1445 in
1366 1379 1452 1444 valle
1462 1379 1479 1459 ’,
1495 1401 1629 1446 necesse

273 1491 325 1546 est
339 1477 376 1548 ut
392 1483 579 1548 econtrario
588 1483 821 1567 intellegamus
834 1493 868 1548 et
879 1485 1133 1568 montemErgo
1144 1485 1346 1569 quicumque
1355 1483 1503 1569 disponit
1515 1504 1629 1549 ascen-

227 1601 257 1639 10
274 1585 384 1650 siones
400 1587 433 1651 in
449 1588 549 1652 corde
565 1609 636 1665 suo,
652 1588 708 1652 ubi
725 1587 853 1670 positus
869 1594 943 1654 est?
967 1590 1004 1652 ln
1022 1588 1108 1654 valle
1135 1588 1354 1654 lacrimarum.
1372 1587 1630 1654 Consideremus

275 1691 364 1773 quod
381 1691 415 1754 in
431 1690 517 1755 valle
532 1712 669 1757 sumus:
700 1711 766 1756 non
793 1711 908 1757 sumus
931 1693 965 1756 in
992 1702 1116 1772 monte,
1132 1713 1198 1756 non
1226 1711 1341 1756 sumus
1357 1693 1390 1755 in
1408 1691 1573 1774 paradiso,
1596 1693 1627 1756 in

274 1793 419 1876 paradisi
450 1793 652 1874 altitudine;
676 1795 735 1858 sed
762 1795 794 1857 in
820 1795 1011 1861 humilitate
1035 1806 1152 1874 terrae,
1179 1805 1285 1860 terrae
1312 1794 1518 1874 maledictae,
1544 1813 1630 1878 quae

276 1897 372 1961 nobis
387 1897 526 1962 tribulos
545 1907 579 1962 et
595 1898 707 1982 spinas
724 1910 870 1980 generat,
885 1920 972 1983 quae
994 1900 1087 1965 cibus
1104 1901 1266 1984 serpentis
1284 1909 1343 1977 est,
1358 1900 1402 1963 de
1428 1919 1495 1983 qua
1510 1897 1630 1964 dicitur

276 1997 317 2068 ad
344 2003 460 2068 Adam
476 2003 600 2067 ‘Terra
616 2024 660 2081 es,
676 2014 709 2070 et
733 2005 765 2067 in
788 2013 910 2068 terram
939 2006 1002 2069 ibis
1018 2004 1034 2070 '.
1052 2005 1223 2089 Quamdiu
1250 2025 1331 2088 ergo
1347 2023 1462 2068 sumus
1487 2003 1519 2067 in
1543 2002 1630 2067 valle

229 2120 257 2174 ¹5
276 2106 497 2186 lacrimarum,
513 2130 578 2173 non
604 2110 766 2173 debemus
791 2110 907 2187 ridere,
922 2111 980 2174 sed
998 2109 1084 2176 llere.
1102 2111 1281 2192 Propterea
1297 2108 1379 2172 dicit
1395 2117 1429 2171 et
1440 2105 1630 2171 Dominus:

275 2211 389 2276 ‘Beati
407 2212 532 2286 flentes,
548 2213 626 2297 quia
642 2212 704 2295 ipsi
722 2212 876 2278 ridebunt
889 2214 904 2278 ¹.
918 2214 1090 2278 Interdum
1108 2235 1187 2296 ergo
1204 2233 1318 2277 sumus
1329 2212 1361 2275 in
1380 2211 1465 2275 valle
1481 2209 1630 2274 lacrima-

276 2336 358 2394 rum,
373 2326 407 2381 et
423 2318 591 2382 saeculum
607 2318 672 2381 hoc
689 2317 897 2382 lacrimarum
914 2329 975 2396 est,
991 2338 1056 2383 non
1081 2319 1205 2402 gaudii.
1223 2317 1300 2381 Non
1329 2316 1489 2379 debemus
1516 2314 1631 2389 ridere,

277 2422 434 2503 quoniam
451 2421 515 2485 lroc
531 2422 698 2486 saeculum
724 2431 758 2484 et
781 2423 844 2486 hoc
871 2431 1005 2504 tempus
1025 2423 1235 2486 lacrimarum
1260 2431 1320 2510 est,
1337 2420 1417 2483 illud
1443 2419 1566 2502 gaudii.
1590 2417 1631 2482 In

277 2524 362 2588 arntle
376 2525 599 2602 lacrimarum,
616 2525 651 2589 in
666 2527 730 2588 loco
744 2547 837 2606 quem
846 2527 964 2609 posuit.
982 2525 1072 2609 Quid
1090 2535 1140 2589 est
1164 2526 1255 2609 quod
1271 2525 1362 2600 dicit,
1379 2523 1419 2586 ln
1442 2523 1516 2587 loco
1530 2542 1630 2606 quem

227 2645 260 2682 ²0
278 2629 417 2711 posuit?
435 2629 473 2692 In
495 2627 577 2706 loco,
593 2626 656 2692 hoc
672 2639 733 2706 est,
749 2629 782 2692 in
799 2629 884 2694 valle
899 2629 1120 2694 lacrimarum.
1136 2627 1177 2692 In
1193 2628 1359 2712 locoqnern
1379 2627 1511 2710 poterit:
1540 2626 1632 2689 Deus

278 2733 373 2796 nobis
389 2732 500 2814 posuit
515 2732 558 2795 ad
581 2741 758 2809 certamen,
780 2741 817 2797 ut
832 2753 965 2816 semper
980 2734 1013 2796 in
1031 2736 1093 2796 hoc
1110 2752 1307 2814 pugnemus.
1332 2731 1440 2794 Locus
1460 2749 1540 2812 ergo
1562 2729 1633 2805 iste,

276 2835 340 2901 hoc
355 2845 406 2901 est
428 2835 523 2900 vallis
540 2834 759 2915 lacrimarum,
776 2857 841 2902 non
864 2848 914 2902 est
931 2838 1031 2922 pacis,
1048 2857 1113 2902 non
1131 2847 1180 2901 est
1196 2836 1392 2912 securitatis,
1407 2833 1465 2898 sed
1482 2833 1632 2897 certami-

278 2939 329 3002 nis
338 2949 439 3021 atque
454 2939 626 3005 bellomm.

320 3042 452 3107 Etenim
469 3042 695 3109 benedictiones
709 3043 802 3108 dabit
814 3044 874 3126 qui
886 3045 986 3128 legem
999 3043 1095 3108 dedit.
1110 3044 1209 3108 Dicat
1221 3043 1360 3127 aliquis:
1393 3043 1430 3105 ln
1445 3041 1530 3107 valle
1543 3039 1634 3104 lacri-

228 3165 259 3218 ²5
279 3167 417 3230 marum,
432 3147 466 3210 in
494 3147 568 3212 loeo
594 3169 692 3231 quem
719 3150 831 3232 posuit
857 3150 899 3212 ad
928 3169 1081 3230 agonem,
1104 3148 1168 3212 hoc
1194 3148 1304 3212 estad
1327 3157 1505 3212 certamen.
1523 3145 1635 3229 Quare

278 3251 389 3334 posuit
412 3251 454 3314 ad
471 3256 639 3334 agonem?
664 3250 776 3334 Quare
793 3273 942 3335 pugnare
958 3273 1018 3317 nos
1034 3253 1165 3318 voluit?
1184 3251 1371 3334 Respondit
1388 3252 1450 3315 sibi
1467 3250 1635 3335 ipsepsal·

279 3356 422 3432 mista,et
438 3355 538 3419 dicit:
556 3356 735 3438 Propterea
750 3357 783 3420 in
802 3356 875 3420 loco
892 3358 956 3421 isto
968 3377 1117 3439 pugnare
1129 3376 1189 3419 nos
1200 3356 1352 3433 voluit,ut
1368 3355 1475 3438 possit
1491 3355 1635 3418 tribuere

278 3478 425 3522 coronas.
442 3457 575 3520 Etenim
591 3457 819 3523 benedictiones
833 3460 926 3524 dabit
939 3461 1113 3543 legislator.
1131 3461 1199 3524 Iste
1217 3459 1394 3542 legislator,
1411 3459 1474 3522 hoc
1490 3466 1540 3522 est
1556 3477 1635 3541 ago·

279 3561 417 3625 ootheta
442 3571 564 3636 noster,
580 3571 755 3644 propterea
780 3582 842 3626 nos
867 3583 1016 3646 pugnare
1032 3564 1146 3639 voluit,
1163 3573 1198 3626 ut
1222 3583 1282 3626 nos
1310 3565 1417 3646 possit
1432 3562 1636 3626 benedicere.

230 3687 262 3740 30
279 3665 401 3730 Videte
428 3666 710 3747 consequentiam.
729 3667 825 3750 Quae
841 3679 918 3732 sunt
935 3677 1048 3733 autem
1065 3668 1317 3742 benedictiones
1341 3669 1436 3731 istius
1454 3666 1636 3749 agonothe-

279 3771 345 3835 tis?
361 3769 462 3833 Ibunt
474 3768 514 3832 de
529 3768 649 3833 virtute
665 3769 700 3833 in
716 3772 879 3836 ve'rtntem.
899 3773 964 3836 Hic
980 3773 1127 3850 vincunt,
1139 3781 1175 3836 ut
1191 3772 1235 3835 ibi
1252 3780 1459 3835 coronentur.
1477 3768 1513 3833 Si
1524 3768 1577 3833 hic
1590 3769 1638 3832 vir

313 3971 328 4022 3
332 3957 434 4022 fecerit]
446 3958 596 4023 fecerutG;
601 3957 666 4022 fecit
677 3957 703 4008 S.
804 3966 856 4020 4et
869 3959 994 4024 preasiciot]
1014 3965 1045 4007 ut
1056 3957 1284 4026 proficiatpmm.
1299 3959 1325 4007 S.
1430 3969 1455 4005 tt
1471 3959 1500 4005 in
1507 3957 1638 4020 paradiso]

280 4056 331 4090 orn.
347 4041 419 4090 PSG.
492 4041 623 4102 laternae]
636 4055 686 4089 non
698 4047 777 4105 repet.
791 4041 863 4092 PsG.
932 4053 964 4102 24
972 4041 1155 4102 beneditiones]
1169 4042 1214 4105 (gr.
1227 4033 1358 4108 ἐυλογίας)
1369 4054 1376 4102 ;
1386 4039 1573 4088 benedictionem
1582 4039 1636 4088 Gl’.

280 4121 412 4187 guitigem
423 4122 501 4182 dedit]
513 4121 606 4172 ACGP
618 4123 764 4185 ;tegistator
776 4122 820 4190 [38.
910 4125 989 4174 26od
996 4140 1097 4188 agonem
1105 4125 1127 4184 t]
1140 4123 1234 4174 ACGP
1245 4139 1295 4172 orn.
1310 4123 1350 4172 od.
1441 4119 1472 4170 28
1484 4119 1639 4184 agonotheta]

281 4202 318 4272 βὸ
328 4221 336 4264 3
346 4205 473 4267 agoniteta
483 4204 539 4255 AC.
625 4217 657 4268 30
668 4207 829 4268 agonothetis]
841 4209 858 4257 S
868 4222 874 4270 ;
887 4208 1019 4270 agonotetis
1031 4209 1051 4258 C
1068 4220 1077 4256 t
1092 4224 1115 4256 m
1126 4225 1134 4266 ;
1146 4208 1277 4270 agnmtetir
1289 4206 1352 4264 Gl‘;
1363 4203 1495 4268 ogorritetis
1505 4205 1536 4262 A,
1547 4203 1569 4254 C
1580 4217 1635 4268 sup.

280 4289 315 4339 lin
327 4307 335 4349 ;
347 4287 505 4353 agonothetae
518 4285 543 4354 β.
645 4300 676 4350 32
687 4303 741 4353 sqq.
756 4289 784 4337 de
796 4290 900 4351 uirtute]
911 4291 940 4339 de
951 4291 1089 4340 virtutihus
1102 4290 1131 4340 C.

325 4460 348 4498 r.
365 4440 440 4498 mihi
471 4439 519 4498 Ps.
537 4457 570 4496 12
581 4457 602 4509 r,
623 4457 646 4494 r.
989 4441 1081 4497 ‘Non
1097 4450 1140 4497 est
1156 4437 1273 4497 invidus
1295 4433 1476 4511 agonotheta
1497 4443 1597 4493 noster
1611 4432 1639 4504 ';

325 4541 368 4593 ¹4·
384 4521 436 4580 ibis
465 4521 540 4581 Gen.
559 4539 584 4595 3,
606 4538 647 4594 ¹9·
905 4539 907 4542 ·
983 4521 1096 4583 advers.
1110 4519 1203 4578 lovin.
1221 4539 1245 4589 r,
1262 4521 1310 4574 re‘
1322 4513 1462 4592 Proponit
1473 4515 1638 4589 ἀγωνοθέτης

324 4605 369 4662 16.
386 4597 531 4680 ridebunt]
547 4604 620 4660 Luc.
637 4602 664 4671 6,
683 4619 729 4659 21.
984 4601 1149 4678 praemium
1161 4602 1176 4659 '.

323 4686 368 4743 28.
384 4683 552 4761 agonotheta
568 4677 673 4760 noster]
693 4682 747 4757 Ep.
774 4699 819 4756 71,
843 4703 868 4742 n.
895 4703 909 4741 2
926 4707 932 4742 ε

333 4815 446 4858 Anecdota
456 4811 608 4854 Maredsolanu
618 4810 663 4860 lll,
674 4825 693 4851 s.
