4062 5504
509 426 589 485 200
945 415 1186 475 EMENDATA
1209 403 1264 476 ἘΤ
1285 415 1440 479 AUCTA.

507 599 539 663 in
557 599 721 683 Spiritum
738 607 892 662 sanctum
911 597 1023 661 Deum
1041 618 1108 662 non
1126 599 1314 682 ingenitum
1333 618 1443 682 neque
1457 599 1622 680 genitum,
1634 616 1701 659 non
1716 605 1854 658 creatum

508 724 616 786 neque
632 703 768 780 iactum,
785 704 845 766 sed
864 703 953 766 Patri
971 712 1004 765 et
1021 701 1109 767 Filio
1124 713 1349 769 coaeternum.
1366 703 1478 768 Credo
1494 702 1729 766 remissionem
1747 719 1854 782 pecca·

507 821 618 871 torum
647 809 680 871 in
706 819 823 871 sancta
847 807 990 870 ecclesia
1016 807 1192 884 catholica,
1217 817 1410 872 sanctorum
1442 807 1728 881 communionem,
1757 805 1856 868 carnis

507 915 784 976 resurrectionem
802 913 844 976 ad
861 912 965 976 vitam
982 922 1167 977 aeternam.
1183 914 1306 978 Amen.

543 1235 701 1300 Fragmenta
712 1240 831 1284 tractatus
841 1233 882 1282 Dc
889 1233 1053 1282 induratum
1063 1233 1144 1282 cordis
1155 1233 1307 1292 Pharaonis,
1317 1232 1361 1298 qni
1368 1234 1415 1283 sub
1423 1233 1573 1298 Hieronymi
1579 1233 1682 1284 nomine
1692 1235 1794 1284 soeculo
1801 1249 1862 1284 nono

510 1316 602 1382 passim
617 1317 846 1375 circumierebatur,
859 1315 885 1364 in
902 1315 950 1364 hac
964 1323 1076 1364 extrema
1092 1314 1232 1380 appendice
1249 1315 1417 1365 exhibiturum
1429 1331 1470 1366 me
1487 1315 1656 1381 promiseram.
1671 1317 1705 1366 Et
1716 1315 1744 1366 id
1754 1317 1861 1382 quidem,

509 1413 565 1448 cum
588 1415 652 1449 unus
672 1398 822 1450 innotuisset
842 1397 905 1447 liber
917 1396 1039 1446 Metensis
1059 1397 1124 1446 incer
1143 1405 1219 1462 atque
1231 1397 1340 1447 mutilus.
1359 1399 1395 1447 At
1406 1414 1466 1448 vero
1477 1399 1583 1464 repertis
1593 1414 1674 1464 nuper
1684 1406 1804 1463 quattuor
1813 1399 1864 1448 aliis

509 1481 650 1540 codicibus,
663 1498 693 1532 ac
711 1497 769 1531 vera
786 1479 870 1545 operis
889 1477 951 1528 facie
970 1477 1113 1543 plenissime
1132 1489 1272 1545 perspecta,
1290 1480 1368 1530 satius
1385 1480 1465 1530 visum
1485 1488 1532 1540 est,
1551 1481 1610 1531 hnic
1628 1481 1730 1532 maioris
1747 1482 1862 1532 momenti

511 1559 655 1632 dvendr‘rttp,
670 1563 815 1614 distinctum
828 1561 945 1610 volumen
956 1559 1082 1618 dedicare,
1095 1561 1121 1610 in
1132 1577 1183 1627 qno
1194 1561 1269 1612 etiam
1282 1563 1403 1612 nonnulla
1419 1562 1578 1628 Hieronymo
1597 1565 1725 1628 qnondam
1738 1581 1754 1614 a
1764 1563 1864 1614 librariis

511 1647 639 1696 adtributa
654 1645 729 1696 edere
740 1661 784 1694 sen
796 1643 869 1694 novis
879 1642 945 1693 curis
965 1651 1099 1692 retractare
1118 1643 1144 1692 in
1163 1644 1249 1694 animo
1268 1653 1313 1694 est.
1328 1646 1413 1709 Atque
1432 1644 1467 1694 ita
1485 1644 1589 1696 fortme
1609 1645 1661 1706 fiet,
1680 1655 1708 1696 ut
1725 1647 1760 1697 ad
1777 1647 1864 1697 haecce

512 1729 669 1779 coilectunea
680 1726 850 1777 continuanda
862 1733 887 1774 et
897 1724 1014 1789 augenda
1025 1740 1127 1774 manum
1138 1726 1212 1776 citius
1221 1725 1381 1786 admoveam,
1393 1743 1469 1791 quam
1481 1727 1543 1776 mihi
1558 1729 1619 1778 olim
1635 1729 1790 1780 destinatum
1805 1739 1860 1779 erat
