4202 5492
491 370 569 476 136
857 391 885 452 s
909 365 1165 453 ursaournr
1178 387 1453 450 sussurrant

483 606 638 684 litteram,
654 615 687 672 et
703 605 784 670 nihil
811 607 1009 685 considerat,
1024 607 1105 672 nihil
1129 605 1260 692 quaerit
1271 606 1477 670 intrinsecus.
1489 603 1743 670 Ecclesiasticus
1758 624 1837 668 vero

484 710 626 794 ungulas
637 709 733 775 findit
743 720 777 774 et
792 713 945 790 ruminat,
965 712 1028 776 hoc
1041 723 1103 802 est,
1116 712 1148 776 in
1163 722 1303 794 utroque
1313 710 1417 774 credit
1433 717 1646 786 testamento,
1658 707 1735 772 etin
1749 717 1835 780 utro·

485 836 549 899 quc
566 826 769 881 testamento
797 835 897 898 saepe
913 816 1050 898 requirit
1065 837 1073 893 ;
1089 825 1122 880 et
1138 815 1374 898 quodcumque
1390 813 1473 878 latet
1488 813 1521 876 in
1539 812 1659 890 littera,
1674 812 1707 876 in
1719 812 1835 895 spiritu

486 919 620 1001 profert.
638 919 715 984 Hoc
730 928 839 984 totum
857 938 958 1001 quare
974 919 1071 982 dixi?
1087 916 1176 1000 Quia
1191 919 1351 1000 scriptum
1380 926 1430 980 cst
1445 941 1452 981 ι
1466 916 1675 982 Adnuntiotc
1688 915 1773 981 dr'em
1799 914 1837 980 de

484 1023 537 1088 dio
562 1025 707 1090 solutore
730 1023 804 1090 cius.
826 1024 1006 1107 Propterea
1026 1032 1060 1087 et
1080 1021 1223 1104 apostoli
1254 1021 1322 1085 bini
1348 1020 1534 1097 mittuntur,
1563 1029 1740 1104 propterca
1770 1038 1835 1084 non
1869 1037 1883 1090 5

485 1127 648 1192 habemus
665 1149 766 1193 unum
785 1123 926 1192 'oculum
953 1129 1012 1190 sed
1039 1127 1133 1203 duos,
1148 1135 1326 1208 propterea
1349 1124 1432 1188 duas
1453 1121 1616 1189 habemus
1642 1144 1748 1201 aures,
1762 1143 1836 1205 pro·

485 1239 599 1313 pterea
614 1233 699 1295 duas
716 1251 820 1308 nares,
831 1240 1003 1316 propterea
1021 1231 1090 1294 duo
1102 1229 1198 1306 labia,
1214 1237 1391 1312 propterea
1402 1228 1486 1292 duas
1500 1231 1713 1306 manus,duos
1724 1227 1836 1311 pedes.

485 1332 578 1398 Nihil
606 1335 638 1398 in
667 1335 762 1398 nobis
787 1335 949 1399 habemus
974 1354 1077 1398 unum
1104 1332 1166 1396 nisi
1194 1334 1282 1416 quod
1308 1341 1406 1416 turpe
1432 1341 1550 1396 est:et
1570 1333 1717 1415 corporis
1734 1331 1837 1396 nostri

484 1438 634 1502 membra
649 1439 791 1502 duorum
807 1447 1085 1504 testamentorum
1099 1446 1311 1500 sacramenta
1326 1444 1501 1500 testantur.

527 1541 666 1622 Adferte
692 1542 833 1606 Domino
851 1542 984 1625 patriae
993 1541 1152 1625 gentium,
1168 1540 1296 1620 adferte
1319 1539 1460 1604 Domino
1470 1538 1616 1622 gloriam
1631 1548 1662 1604 ct
1676 1538 1833 1606 horrorem.
1857 1559 1885 1598 ro

485 1644 522 1710 Si
538 1645 581 1708 de
597 1645 723 1727 templo
742 1645 998 1730 Hierosolymae
1014 1645 1142 1718 dicitur,
1155 1645 1234 1726 quid
1248 1645 1310 1708 sibi
1328 1663 1414 1708 nunc
1431 1642 1511 1720 vult,
1527 1642 1670 1708 Adferte
1687 1643 1835 1707 Domino

485 1749 614 1831 patriae
641 1750 802 1832 gentium,
818 1748 944 1814 adlerte
970 1751 1119 1814 Domino
1134 1748 1275 1831 gloriam
1292 1759 1327 1813 et
1342 1747 1529 1812 honorem?
1546 1745 1708 1812 Gentium
1725 1747 1835 1811 multi-

485 1853 578 1932 tudo,
593 1854 725 1917 vocatio
749 1855 910 1936 gentium,
936 1854 1096 1918 ecclesiae
1119 1853 1335 1936 congregatio
1359 1860 1420 1916 est.
1445 1850 1586 1931 Adferte
1612 1852 1756 1916 Domino
1765 1851 1833 1934 glo·

485 1956 572 2021 riom
587 1967 619 2022 et
631 1957 790 2024 ltonorem.
806 1957 952 2042 Quando
967 1959 1172 2023 honoramus
1195 1957 1380 2022 Dominum
1397 1957 1429 2020 in
1458 1976 1597 2040 corpore
1621 1966 1746 2034 nostro,
1767 1956 1836 2039 glo-

485 2064 589 2128 riatur
615 2064 781 2128 Dominus
807 2066 840 2127 in
869 2064 974 2128 nobis.
999 2063 1141 2144 Afferte
1163 2061 1306 2125 Domino
1328 2062 1474 2144 gloriam
1489 2061 1617 2125 nomini
1628 2061 1707 2126 eius.
1724 2059 1837 2126 Gloria
1856 2079 1883 2133 ις
1980 2095 1982 2099 -

486 2169 580 2246 servi,
595 2169 703 2252 gloria
717 2170 845 2234 domini
862 2179 921 2234 est.
933 2175 940 2201 ‘
954 2167 1020 2252 Qui
1039 2189 1096 2231 vos
1113 2168 1237 2250 recipit,
1255 2187 1308 2231 me
1332 2165 1475 2249 recipit.'
1493 2166 1589 2230 Felix
1616 2187 1739 2244 seruus,
1762 2187 1836 2252 pro·

487 2281 560 2356 pter
576 2292 675 2356 quern
691 2272 849 2337 dominus
860 2273 1027 2357 gloriatur.

534 2375 650 2440 Tollite
672 2375 804 2454 hostros,
819 2386 850 2440 et
876 2376 1006 2440 introite
1033 2375 1067 2439 in
1091 2375 1181 2439 atria
1194 2363 1285 2439 'eius
1312 2379 1318 2406 ¹
1347 2375 1505 2439 Hostiam
1530 2382 1691 2450 sanctam,
1719 2374 1838 2452 vivam,

487 2478 676 2562 placentem
695 2481 778 2544 Deo.
794 2480 801 2507 '
824 2480 937 2544 Tollite
958 2479 1088 2544 lrostios.
1105 2481 1177 2544 Vos
1193 2480 1255 2562 ipsi
1271 2479 1398 2546 adferte
1414 2481 1550 2545 hostias.
1566 2477 1659 2562 Quas
1686 2479 1837 2544 hostias?

489 2583 561 2648 Vos
586 2585 649 2666 ipsi
674 2593 782 2648 estote
809 2583 947 2650 hostiae.
971 2585 1155 2666 Virginitas
1181 2585 1414 2649 holocaustum
1440 2584 1554 2667 Xpisti
1582 2594 1654 2648 est:
1685 2583 1837 2648 universa
1855 2603 1885 2642 ro

488 2687 635 2765 castitas,
650 2689 719 2751 sive
742 2689 774 2750 in
792 2688 983 2772 virginitate
999 2689 1067 2752 sive
1094 2690 1127 2751 in
1154 2689 1315 2754 viduitate
1341 2676 1468 2752 sivein
1490 2688 1707 2766 continentia,
1729 2687 1838 2752 hostia

489 2791 602 2874 Xpisti
619 2801 677 2855 est.
701 2793 785 2856 Rem
810 2812 930 2856 novam
956 2792 1093 2876 loquor:
1108 2793 1218 2857 hostia
1245 2793 1409 2858 castitatis
1436 2791 1510 2874 ipsa
1532 2813 1568 2856 se
1584 2802 1702 2874 portat
1727 2791 1840 2856 Tollite

486 2895 616 2972 hostias,
631 2906 662 2958 et
686 2895 816 2960 introite
843 2896 878 2959 itt
904 2897 993 2961 atreo
1019 2897 1113 2960 eius:
1127 2896 1259 2960 adorate
1281 2897 1463 2960 Dorrtinum
1480 2896 1515 2959 in
1531 2896 1616 2960 atrio
1639 2906 1748 2959 sancto
1762 2895 1838 2961 eius.

487 2999 598 3062 Video
626 2999 722 3081 plura
748 3001 842 3078 atria,
868 3001 967 3066 video
994 3021 1096 3066 unum
1124 3002 1254 3088 atrium.
1271 3001 1395 3066 Tollite
1422 3001 1559 3078 hostias,
1582 3009 1615 3066 et
1639 3001 1773 3066 introite
1804 3001 1836 3064 in

486 3101 571 3166 atria
587 3103 658 3166 eius
673 3127 680 3167 :
696 3122 772 3166 ecce
789 3103 883 3186 plura
899 3107 990 3170 atria.
1010 3106 1166 3182 Rursum,
1181 3105 1333 3169 Adorate
1351 3105 1535 3170 Dominum
1562 3105 1595 3169 in
1620 3103 1706 3167 atrio
1720 3112 1838 3176 sancto
1855 3122 1883 3178 ²5

486 3207 578 3270 eius:
594 3226 671 3270 ecce
688 3228 790 3272 unum
807 3208 940 3274 atrium.
956 3207 1078 3271 Videte
1094 3227 1174 3291 ergo
1196 3209 1355 3292 quoniam
1372 3228 1438 3272 non
1457 3216 1574 3289 potest¹
1592 3208 1636 3272 de
1662 3226 1729 3274 uno
1753 3207 1838 3273 atrio

488 3309 591 3372 veniri
618 3311 661 3376 ad
686 3310 782 3393 plura
808 3311 911 3377 atria:
928 3313 985 3374 sed
1014 3312 1056 3374 de
1083 3310 1234 3393 plurimis
1260 3310 1353 3374 atriis
1381 3312 1511 3376 venitur
1527 3313 1569 3374 ad
1587 3331 1690 3376 unum
1707 3314 1836 3377 atrium.

487 3413 599 3478 Vultis
615 3415 698 3479 scire
717 3416 780 3480 hoc
804 3417 913 3499 ipsum
932 3415 1127 3498 mysterium
1144 3415 1227 3480 etin
1244 3414 1335 3479 alio?
1360 3414 1562 3498 Negotiator
1577 3415 1640 3493 ille,
1656 3417 1713 3499 qui
1738 3418 1836 3482 habe·

487 3516 545 3580 bat
561 3517 671 3598 plures
688 3519 893 3602 margaritas,
908 3519 1060 3584 vendidit
1085 3519 1205 3600 plures,
1220 3527 1258 3582 ut
1284 3526 1410 3582 emeret
1434 3537 1545 3585 unam.
1562 3519 1608 3584 Et
1623 3519 1656 3586 in
1685 3519 1836 3584 Michaea

517 3695 573 3744 ain
592 3701 696 3760 utroque
715 3711 733 3744 c.
748 3698 900 3759 testamento]
919 3699 947 3746 in
967 3703 1103 3762 utrumque
1122 3714 1141 3746 c.
1156 3705 1328 3747 testamentum
1350 3695 1397 3764 βΒ.
1497 3695 1567 3745 tired
1581 3695 1652 3758 duos]
1668 3697 1711 3746 sed
1724 3695 1833 3748 duoSG.

483 3780 644 3844 portantur]
662 3776 835 3826 dentonstrom
845 3777 871 3828 S.
976 3791 1004 3841 13
1023 3779 1143 3844 ecclesiae]
1161 3786 1187 3828 et
1203 3780 1313 3828 ecclesiae
1325 3777 1349 3846 β,
1364 3779 1385 3829 C
1398 3777 1553 3840 (coniunctio
1573 3787 1660 3844 postea
1679 3779 1764 3830 deleta
1780 3780 1835 3838 est).

486 3869 516 3918 14
527 3857 799 3919 honoramusioramus
809 3859 839 3909 C.
940 3873 973 3910 20
982 3867 1054 3909 estote
1065 3861 1167 3928 hostias]
1179 3861 1270 3910 hostiae
1281 3869 1339 3910 stote
1351 3861 1368 3912 S
1380 3879 1388 3921 ;
1400 3861 1423 3910 G
1436 3877 1486 3910 om.
1497 3860 1597 3912 hostiae.
1699 3871 1729 3923 27
1742 3861 1837 3924 verrin]

485 3935 617 4006 βςυιηίνι
627 3941 702 3990 codd.
802 3941 832 3990 dr
838 3942 973 4007 plurimis]
985 3943 1008 3992 G
1020 3959 1071 3992 om.
1084 3943 1171 4002 derde
1178 3944 1296 4006 pluribus
1307 3943 1334 3993 S.
1435 3942 1548 4004 venitur]
1562 3941 1616 4009 βΡ;
1628 3943 1699 3992 vend
1710 3943 1833 3994 HBCSG.

484 4019 515 4074 28
525 4027 549 4070 et
560 4021 591 4071 r'rr
601 4021 663 4084 alio]
675 4021 727 4082 BC,
742 4021 761 4070 P
772 4035 781 4071 r
793 4039 835 4082 m;
849 4023 875 4072 H
884 4024 943 4074 add.
953 4025 1009 4084 loco,
1020 4023 1080 4074 item
1091 4025 1110 4074 P
1121 4040 1176 4088 sup.
1188 4025 1223 4074 lin
1235 4041 1242 4083 ς
1256 4025 1316 4075 Ecce
1327 4025 1357 4074 in
1368 4025 1418 4074 alio
1429 4025 1477 4074 loco
1489 4021 1513 4089 β.
1570 4024 1682 4087 mbae]
1692 4025 1764 4076 halet
1775 4025 1834 4074 HG.

484 4113 517 4166 29
522 4099 621 4168 plures]
629 4104 719 4168 pluras
732 4104 752 4152 B
762 4122 769 4164 3
776 4105 906 4168 plurimas
918 4101 934 4172 β
945 4122 953 4165 ;
964 4104 1026 4154 duat
1040 4105 1067 4156 S.

529 4238 572 4297 16.
590 4231 700 4316 recipit]
716 4237 823 4297 Matth.
844 4256 887 4310 ro,
903 4257 952 4312 40.
1291 4240 1323 4297 in
1337 4237 1487 4320 Mr'clraco]
1514 4240 1614 4301 Immo
1639 4238 1669 4301 in
1685 4241 1791 4304 Ierem.
1808 4243 1834 4314 ό,

528 4337 572 4394 19.
588 4315 665 4398 Deo]
681 4319 770 4377 Rom.
791 4338 835 4390 12,
855 4339 878 4378 1.
1190 4321 1225 4377 16
1241 4320 1280 4378 de
1305 4339 1366 4396 quo
1392 4321 1536 4381 versiculo
1553 4321 1678 4382 Hieron.
1696 4323 1726 4382 in
1750 4325 1837 4386 Com·

526 4419 572 4458 21.
588 4399 681 4459 lrostr'a
695 4396 861 4481 Xpr'stiest]
878 4399 1003 4460 Hieron.
1019 4399 1132 4458 advers.
1186 4413 1276 4460 ment.
1305 4402 1507 4479 ‘Evangelica
1533 4403 1681 4479 parabola,
1693 4406 1799 4482 inquit,
1813 4403 1836 4464 si

484 4479 578 4540 Iovin.
600 4501 623 4552 r,
643 4501 678 4557 13
695 4482 776 4541 ‘Sed
792 4482 841 4540 illa
866 4481 1014 4558 virginitas
1038 4479 1135 4540 hostia
1188 4481 1276 4541 tuerit
1302 4482 1461 4557 intellecta,
1489 4484 1577 4543 huius
1606 4484 1664 4545 loci
1686 4485 1836 4564 praebebit

484 4559 594 4623 Christi
608 4573 661 4632 est,
677 4561 762 4622 cuius
776 4563 783 4590 '
798 4573 853 4622 etc.
1190 4563 1430 4640 intellegentiam,
1448 4565 1477 4624 in
1489 4585 1549 4642 qna
1561 4566 1728 4644 negotiator
1742 4567 1837 4628 bonus

527 4639 944 4724 29.unam]Mnrh.13,46.
1188 4663 1293 4706 omnes
1320 4646 1447 4706 vendere
1469 4647 1577 4706 dicitur
1602 4647 1781 4727 margaritas,
1806 4660 1837 4710 ut
