4160 5500
838 423 1089 484 PRAEFATIO.

503 646 747 695 anecdotorum
769 643 862 694 tabor
880 645 923 692 ad
944 648 1078 704 tempus
1097 645 1376 694 intermittendus.

313 822 406 896 Xll.
441 820 636 894 Perductis
665 821 737 892 iarn
763 819 810 891 ad
837 815 950 890 finem
975 843 1072 915 qnae
1100 842 1145 888 ex
1172 817 1394 913 Hieronymi
1415 817 1620 914 deperditis

261 966 329 1012 seu
351 941 485 1012 misere
504 939 690 1033 corruptis
709 935 900 1034 opusculis
921 935 1090 1008 invenire
1105 934 1396 1032 primaevaeque
1415 935 1620 1034 integritati

263 1061 460 1133 restituere
479 1057 647 1153 contigit,
668 1057 715 1127 ab
736 1055 869 1129 horum
890 1054 1177 1128 Anecdotorum
1190 1053 1318 1127 labore
1331 1080 1428 1127 nunc
1447 1081 1618 1152 superse-

262 1176 428 1249 dendum
448 1193 548 1270 puto,
570 1175 691 1247 donec
711 1171 846 1268 aliquis
866 1170 955 1243 milti
976 1170 1128 1244 tandem
1148 1170 1374 1268 adiungatur
1399 1173 1617 1247 honestissi-

263 1320 409 1367 morum
454 1294 662 1366 studiorum
695 1314 850 1365 consors
886 1315 929 1364 ac
967 1289 1101 1362 socius.
1139 1289 1293 1362 interim
1326 1290 1490 1366 collectis
1527 1292 1619 1364 divi-

263 1415 325 1487 tiis
358 1412 444 1486 lelix
473 1432 690 1511 gratusque.
725 1408 851 1495 lector,
885 1407 1086 1504 perfruere.
1124 1407 1209 1506 Ego
1240 1433 1329 1482 vero
1359 1411 1394 1482 in
1431 1429 1621 1506 posterum

263 1555 414 1604 omnem
434 1554 587 1626 operam
618 1531 654 1601 in
686 1527 900 1602 Arelatensi
932 1552 1016 1600 meo
1043 1551 1271 1613 consumam,
1294 1546 1332 1600 ut
1360 1531 1422 1626 qui
1451 1530 1622 1625 princeps

264 1668 321 1722 tot
352 1649 540 1744 tantisque
571 1649 706 1745 opibus
739 1646 973 1744 reperiundis
1006 1647 1198 1724 materiam
1233 1643 1542 1732 subministravit,
1575 1647 1624 1720 ab

264 1767 457 1842 oblivione
477 1771 511 1840 in
534 1769 689 1864 quadiu
709 1767 871 1839 iacuerat
892 1766 1101 1840 vindicatus
1114 1793 1156 1838 ac
1170 1766 1284 1840 veluti
1305 1792 1352 1840 ex
1370 1791 1461 1841 sene
1476 1764 1623 1840 iuvenis

268 1883 328 1956 vel
349 1903 561 1978 postremus
582 1886 750 1981 prodeat.

1170 2015 1380 2068 Germanus
1406 2016 1540 2067 noum.

316 2629 404 2680 Post
432 2627 629 2680 SCRIPTUM.
656 2615 807 2696 Fastigio
829 2618 921 2698 operi
948 2615 1013 2678 iam
1038 2617 1132 2697 quasi
1158 2616 1316 2699 imposito
1341 2616 1459 2698 hisque
1488 2613 1631 2696 plagulis

269 2721 427 2783 correctis
452 2721 514 2782 tria
539 2719 647 2783 adbuc
664 2719 930 2802 opuscula‚quae
949 2721 1160 2801 Hieronymo
1176 2721 1207 2780 in
1226 2722 1322 2783 codd.
1341 2740 1417 2783 mss.
1434 2719 1632 2796 tribuuntur,

269 2822 432 2887 volumini
464 2825 608 2886 inserere
634 2823 740 2887 visum
768 2832 827 2886 est.
857 2824 913 2886 Ex
939 2824 1060 2904 quibus
1087 2843 1189 2886 unuin
1219 2825 1354 2907 quidem
1381 2822 1565 2904 genuinum
1598 2822 1632 2887 S.

273 2927 431 2990 Doctoris
457 2928 561 2991 ictum
587 2929 758 3002 existim0‚
784 2927 910 2991 scilicet
939 2927 990 2991 De
1006 2940 1291 3011 rrrotwgrommnte,
1316 2930 1348 2992 in
1376 2928 1485 3010 Apoc.
1508 2943 1554 3006 13,
1575 2929 1632 3003 183

269 3031 416 3095 alterurn
434 3053 512 3095 vero
530 3032 656 3113 Defide
673 3032 833 3112 perbreve
851 3042 900 3097 est
917 3055 955 3095 ac
974 3033 1123 3097 nondum
1142 3034 1339 3114 exploratae
1355 3030 1631 3107 auctoritatis‚di-

271 3156 375 3216 gnmn
388 3147 499 3197 tamen
512 3136 564 3198 cni
575 3135 724 3198 anirnurn
743 3137 918 3199 intendant
930 3136 1059 3201 eruditi.
1070 3137 1185 3200 Restat
1203 3137 1348 3212 tertium,
1359 3136 1409 3198 De
1427 3133 1635 3198 induratione

269 3239 378 3302 cordis
402 3239 602 3317 Pharaonis,
618 3239 661 3302 de
688 3261 755 3322 quo
784 3240 936 3322 frequens
964 3261 1074 3304 sermo
1090 3244 1179 3323 apud
1199 3240 1376 3323 theologos
1392 3241 1526 3303 saeculo
1543 3258 1633 3302 nono

272 3364 349 3406 cum
367 3344 409 3407 de
422 3343 545 3426 duplici
564 3343 870 3425 praedestinatione
887 3346 1112 3426 disceptarent
1129 3369 1135 3422 ;
1156 3359 1301 3408 ceterum
1328 3347 1414 3408 inter
1438 3342 1633 3426 apocrypha

272 3457 366 3510 certo
391 3449 655 3530 computandum
675 3461 733 3524 est,
752 3469 812 3510 nec
834 3448 896 3511 nisi
914 3449 1068 3513 mutilum
1094 3471 1137 3513 ex
1160 3451 1275 3514 codice
1303 3472 1371 3514 uno
1391 3450 1532 3514 Metensi
1563 3447 1634 3510 heic

273 3549 419 3632 primurn
451 3551 637 3615 exhibetur.
657 3551 753 3634 Quae
778 3553 891 3615 omnia
924 3555 955 3615 in
980 3565 1133 3618 extrema
1161 3566 1254 3636 parte
1281 3555 1366 3618 inter
1395 3553 1634 3620 ‹Addendat

272 3665 435 3735 congesta
452 3655 602 3737 reperies.

1443 3761 1480 3826 G.
1505 3761 1551 3826 M.
