4202 5492
639 405 895 468 sancturus
917 407 976 466 uu
997 403 1166 464 Psasuo
1188 405 1309 462 cxxx.
1590 378 1647 483 69

293 623 390 686 vinea
405 632 439 685 et
455 621 584 686 infinita
600 622 768 685 vindemia
784 631 842 686 est.
859 623 927 686 Pro
942 621 1166 686 torcularibus.
1184 623 1363 703 Propterea
1378 621 1460 684 dicit
1477 619 1645 682 Dominus

292 735 394 808 atque
411 724 592 791 Salvator:
616 725 801 790 ‘Torcular
826 726 951 790 calcavi
978 725 1078 803 solus,
1102 725 1203 790 etde
1229 726 1385 807 gentibus
1412 725 1461 788 vir
1487 743 1553 786 non
1575 731 1645 786 erat

294 849 425 894 mecum
435 829 453 893 '.
470 830 649 912 Propterea
664 830 796 894 vineam
823 831 865 894 de
881 830 1043 912 Aegypto
1070 827 1240 894 transtulit
1255 839 1287 892 et
1306 829 1478 911 plantavit.
1497 827 1542 891 Et
1564 827 1646 891 dicit

293 938 326 1000 in
345 935 517 1000 Hieremia
530 939 560 1017 :¹⁸
578 935 654 1016 Ego
669 942 703 998 te
719 933 867 1016 plantavi
893 934 1025 998 vineam
1044 953 1156 999 veram
1173 942 1279 998 totam
1296 933 1437 996 electam
1453 930 1647 1014 :quomodo

261 1051 274 1104 5
291 1058 452 1103 conversa
467 1058 503 1102 es
520 1037 599 1101 mibi
616 1038 648 1100 in
671 1037 938 1114 amaritudinem,
953 1036 1030 1102 vitis
1046 1037 1153 1101 aliena
1164 1036 1197 1100 i’
1214 1034 1258 1100 Et
1274 1039 1350 1101 Noe
1365 1037 1477 1101 vinum
1495 1035 1590 1112 bibit,
1613 1045 1646 1099 et

293 1143 475 1207 inebriatus
491 1149 548 1205 est.
568 1140 698 1204 Dicitur
714 1150 747 1204 et
763 1161 783 1204 a
800 1140 991 1218 Salomone,
1006 1141 1127 1205 dicitur
1143 1142 1175 1204 in
1192 1141 1372 1223 mysterio:
1388 1145 1395 1174 ‘
1413 1139 1523 1204 Bibite
1539 1139 1647 1216 amici,

293 1257 325 1312 et
341 1245 551 1311 inebriamini
563 1244 577 1308 ’.
595 1244 755 1327 Legimus
772 1253 805 1307 et
816 1246 847 1307 in
865 1244 932 1308 alio
949 1245 1031 1323 loco,
1047 1245 1206 1328 quoniam
1228 1245 1348 1328 loseph
1368 1245 1422 1310 ille
1438 1247 1486 1311 vir
1502 1255 1647 1320 sanctus,

292 1352 349 1435 qui
365 1351 398 1414 in
416 1360 499 1433 typo
515 1349 694 1432 praecessit
710 1346 902 1427 Salvatoris,
918 1350 975 1431 qui
991 1350 1147 1412 venditus
1173 1358 1224 1413 est
1244 1368 1265 1413 a
1280 1348 1436 1415 iratribus
1451 1352 1528 1428 suis,
1543 1369 1644 1432 quem

292 1454 513 1520 vendiderunt
529 1453 646 1518 iratres
662 1455 722 1530 sui,
738 1465 771 1520 et
786 1456 938 1538 regnavit
965 1455 997 1518 in
1023 1455 1194 1539 Aegypto,
1209 1455 1294 1522 sicut
1310 1464 1343 1520 et
1360 1456 1528 1520 Dominus
1543 1465 1644 1537 atque

248 1574 277 1612 ¹⁰
292 1559 449 1625 Salvator
464 1569 576 1624 noster
590 1559 745 1624 venditus
761 1569 812 1624 est
828 1581 848 1625 a
867 1561 1008 1639 ludaeis,
1020 1570 1054 1624 et
1070 1561 1220 1642 regnavit
1237 1560 1269 1623 in
1285 1559 1446 1642 Aegypto
1462 1559 1557 1624 istius
1573 1577 1644 1621 sae-

291 1663 364 1728 culi.
384 1662 445 1728 Ille
460 1683 541 1746 ergo
559 1663 680 1746 loseph
696 1665 745 1728 vir
761 1673 905 1743 sanctus,
920 1665 975 1729 ille
990 1665 1196 1748 praecipuus,
1209 1665 1264 1747 qui
1276 1663 1506 1728 crudelitatem
1517 1664 1643 1745 pietate

292 1766 460 1850 superavit
474 1788 482 1847 ;
494 1767 551 1850 qui
568 1767 644 1830 ideo
654 1768 809 1832 venditus
821 1778 871 1834 est
884 1769 917 1832 in
931 1768 1102 1852 Aegypto,
1113 1779 1149 1834 ut
1162 1769 1359 1850 Aegyptum
1376 1779 1526 1851 pasceret
1536 1777 1570 1831 et
1584 1766 1645 1830 ira·

293 1881 357 1936 tres
372 1891 452 1936 suos
467 1871 523 1954 qui
534 1891 610 1936 eum
623 1871 841 1936 vendiderant
851 1893 858 1950 ;
868 1871 924 1936 ille
940 1873 1039 1954 igitur
1052 1872 1174 1954 loseph
1186 1872 1339 1937 invitavit
1352 1871 1469 1936 iratres
1478 1891 1564 1935 suos.
1576 1870 1643 1936 Sed

293 1976 403 2042 videte
418 1999 425 2038 :
440 1981 447 2008 ⁴
465 1976 511 2040 Et
527 1974 709 2040 inebriatus
736 1987 786 2042 est
813 1976 846 2041 in
874 1975 1010 2041 meridie
1020 1976 1036 2040 ’.
1054 1977 1100 2040 Et
1115 1977 1179 2040 hoc
1195 1995 1309 2040 verum
1335 1984 1395 2052 est,
1410 1985 1444 2040 et
1460 1976 1645 2039 secundum

249 2093 276 2147 ¹⁵
294 2082 438 2146 litteram
455 2089 543 2145 stare
557 2090 678 2162 potest,
694 2088 731 2144 ut
746 2081 795 2144 vir
818 2089 951 2145 sanctus
977 2081 1158 2146 inebriatus
1182 2079 1304 2144 luerit?
1321 2079 1510 2143 inebriatus
1535 2089 1585 2142 est
1612 2086 1646 2142 et

295 2187 378 2264 Noe,
393 2186 452 2250 sed
469 2203 545 2250 vere
562 2185 668 2250 iuerat
684 2185 873 2249 inebriatus.
894 2184 974 2250 Erat
990 2185 1171 2250 inebriatus
1189 2183 1321 2266 loseph,
1337 2183 1520 2247 inebriatus
1537 2190 1588 2247 est
1612 2191 1647 2246 et

295 2290 378 2368 Noe,
393 2300 428 2355 et
443 2289 624 2354 inebriatus
649 2298 700 2354 est
727 2289 760 2352 in
787 2289 890 2353 domo
914 2308 983 2354 sua.
999 2288 1122 2353 Videte
1145 2288 1350 2371 mysterium.
1367 2285 1552 2351 Videamus
1569 2295 1649 2350 ante

294 2395 374 2478 quid
387 2391 553 2476 significet
568 2394 601 2456 in
619 2393 787 2476 mysterio,
803 2402 836 2456 et
853 2401 969 2475 postea
985 2393 1195 2476 disputemus
1211 2392 1292 2475 quid
1308 2389 1473 2475 significet
1489 2393 1522 2454 in
1539 2411 1648 2456 sensu.

297 2499 376 2563 Post
391 2497 554 2562 diluvium
572 2497 687 2562 mundi
705 2498 799 2563 istius
812 2498 900 2562 -bibit
917 2499 1001 2575 Noe,
1017 2507 1050 2562 et
1067 2497 1248 2562 inebriatus
1276 2507 1327 2562 est
1353 2499 1386 2560 in
1403 2499 1506 2562 domo
1521 2518 1590 2574 sna,
1613 2506 1647 2560 et

248 2603 464 2666 wdenudata
490 2610 569 2665 sunt
596 2599 723 2666 femora
749 2602 828 2678 eins,
844 2613 877 2667 et
900 2602 970 2667 eius
997 2603 1152 2685 apparuit
1179 2603 1360 2683 turpitudo.
1379 2605 1424 2668 Et
1439 2605 1530 2669 venit
1547 2604 1647 2668 irater

295 2707 409 2784 maior,
423 2714 457 2770 et
473 2705 580 2770 inrisit
594 2729 602 2770 ε
618 2705 718 2770 irater
733 2716 845 2771 autem
872 2707 979 2770 minor
999 2707 1094 2771 texit.
1113 2705 1188 2770 Hoc
1205 2715 1314 2771 totum
1338 2707 1460 2772 dicitur
1474 2709 1517 2772 de
1533 2707 1649 2772 Salva·

294 2809 541 2892 tore,quoniam
553 2808 682 2873 biberat
695 2810 727 2873 in
740 2829 836 2873 cruce
849 2810 1046 2892 passionem.
1062 2814 1070 2842 ‘
1088 2811 1195 2886 Pater,
1209 2810 1237 2874 si
1253 2811 1411 2892 possibile
1426 2821 1486 2888 est,
1502 2821 1648 2876 transeat

294 2913 383 2978 calix
400 2914 462 2978 iste
478 2936 497 2977 a
514 2915 594 2981 me'.
611 2913 711 2990 Bibit,
726 2922 760 2976 et
788 2913 968 2977 inebriatus
983 2923 1043 2989 est,
1058 2923 1092 2978 et
1115 2913 1285 2982 denudata
1310 2923 1388 2978 sunt
1414 2914 1541 2978 femora
1557 2915 1650 2979 eius:

295 3017 358 3082 hoc
382 3028 442 3096 est,
468 3019 652 3101 ignominia
672 3019 787 3083 crucis.
812 3017 915 3081 Venit
940 3017 1041 3081 irater
1065 3019 1179 3096 maior,
1207 3019 1349 3101 populus
1379 3018 1592 3096 ludaeorum,
1614 3028 1648 3083 et

248 3139 279 3192 25
295 3119 421 3184 inrisit:
437 3128 471 3184 et
487 3119 604 3196 minor,
620 3121 762 3204 populus
778 3121 821 3185 de
836 3121 1001 3203 gentibus,
1017 3122 1104 3187 texit
1120 3122 1348 3204 ignominiam.
1367 3123 1547 3205 Propterea
1562 3128 1651 3185 ‘ma-

296 3223 435 3288 ledictus
451 3223 622 3302 Chanaan,
633 3245 747 3289 servos
759 3226 820 3289 erit
837 3224 946 3290 fratris
956 3227 1006 3290 sui
1019 3225 1035 3291 '.
1052 3225 1139 3290 Ecce
1153 3226 1343 3290 maledictio
1359 3226 1416 3290 illa
1432 3245 1535 3308 usque
1551 3224 1651 3290 hodie

296 3337 492 3410 perseverat.
519 3327 600 3403 Nos,
625 3329 733 3392 minor
760 3330 913 3412 populus,
936 3330 1128 3411 inperamus
1155 3329 1270 3394 maiori
1287 3328 1414 3411 populo
1440 3329 1650 3394 ludaeorum.

297 3430 390 3496 Sicut
406 3450 485 3514 ergo
502 3430 668 3495 Dominus
694 3432 726 3496 in
752 3433 907 3514 passione
933 3432 1115 3496 inebriatus
1141 3443 1200 3510 est,
1218 3433 1265 3496 sic
1293 3442 1327 3496 et
1351 3432 1457 3496 sancti
1474 3433 1506 3494 in
1531 3432 1650 3495 ardore

296 3533 373 3598 fidei
384 3534 508 3598 cotidie
521 3535 735 3614 inebriantur,
747 3546 780 3601 et
793 3536 998 3600 inebriantur
1008 3537 1133 3619 Spiritu
1151 3549 1276 3600 sancto
1287 3536 1340 3602 Tu
1353 3536 1411 3620 qui
1422 3536 1477 3600 die
1493 3535 1649 3598 hesterna

248 3665 281 3716 3⁰
295 3660 411 3705 aurum
441 3640 632 3723 colligebas,
648 3639 749 3704 hodie
772 3640 914 3722 proicis:
931 3660 1043 3704 nonne
1066 3642 1155 3730 apud
1181 3640 1314 3724 ignotos
1341 3639 1462 3703 videris
1489 3639 1649 3702 insanus?

330 3801 668 3863 1rrineo]CPSG;oinrac
686 3799 758 3869 βΑΒ.
855 3801 976 3864 solicita]
987 3802 1052 3860 CG;
1069 3801 1167 3854 altinae
1180 3800 1247 3869 9138.
1343 3798 1534 3866 6α]βΑΒΡ8;
1551 3800 1580 3847 in
1592 3799 1650 3851 CG.

299 3897 326 3936 12
338 3883 466 3945 venditus]
476 3883 593 3933 vindicus
604 3885 637 3934 G.
709 3895 738 3945 14
750 3883 779 3934 iu
791 3882 905 3946 meridr'e]
916 3881 957 3951 βΑ
969 3882 1004 3934 ita
1015 3893 1216 3949 prosequuntur:
1233 3884 1336 3932 dr'citrrr.
1352 3883 1405 3933 Hoc
1416 3900 1472 3932 vero
1482 3883 1651 3932 resecandum

295 3969 482 4018 litterarumrore
499 3983 548 4016 raon
563 3974 647 4032 potest.
750 3978 777 4016 21
792 3965 1076 4030 utinor]Padd.goset.
1177 3978 1208 4014 22
1220 3965 1323 4027 biberat]
1340 3966 1445 4014 alternet
1462 3966 1500 4024 B;
1517 3965 1611 4014 dicator
1623 3963 1647 4032 β.

296 4063 327 4114 23
338 4049 402 4112 rius]
415 4048 475 4117 pSG
489 4049 562 4099 inser.
577 4057 600 4100 et
610 4049 738 4114 appamia
753 4048 794 4098 Cl.
808 4064 882 4113 supra
895 4047 937 4096 lin.
953 4061 992 4098 20.
1061 4060 1093 4111 24
1104 4047 1201 4108 incest]
1213 4047 1278 4097 codd
1290 4065 1297 4102 t
1309 4066 1359 4100 om.
1375 4049 1399 4118 β.
1468 4052 1500 4100 26
1515 4052 1650 4114 Chonoon]

296 4131 448 4184 Gmutatin
463 4131 551 4181 Citam.
644 4131 742 4196 fratris
758 4130 814 4192 rui]
823 4130 954 4195 fratribus
969 4130 1023 4179 suis
1040 4131 1072 4181 G.
1174 4143 1206 4193 30
1216 4131 1351 4194 coilr'gcdas]
1368 4133 1600 4196 collegeiosPcorr.
1614 4133 1646 4184 G.

295 4217 399 4282 igvrctos]
410 4217 512 4280 ignaros
523 4217 549 4266 S.

337 4361 361 4419 3.
376 4337 545 4420 turcum]1s.
559 4343 608 4416 63,
625 4361 651 4416 3.
998 4357 1044 4414 ep.
1065 4358 1130 4414 109,
1147 4359 1173 4396 n.
1193 4361 1207 4397 2
1222 4361 1228 4396 ε
1246 4343 1252 4370 ‘
1268 4340 1377 4414 loseph
1403 4358 1534 4416 quoque,
1549 4339 1601 4415 qui
1616 4338 1647 4398 in

369 4417 536 4502 plantavit]
552 4425 599 4490 Ps.
618 4441 663 4499 79,
681 4443 707 4499 9.
998 4431 1069 4496 typo
1084 4421 1244 4496 praecessit
1259 4420 1374 4481 domini
1388 4419 1555 4482 Salvatoris,
1572 4423 1579 4448 ’

337 4525 365 4582 5.
379 4498 507 4583 alienat]
521 4505 625 4564 Ierem.
643 4525 668 4578 π,
683 4524 728 4562 21.
810 4538 813 4543 -
1042 4520 1085 4573 14.
1104 4499 1233 4581 mer-ridie]
1249 4503 1324 4562 Gen.
1341 4523 1389 4577 43,
1407 4519 1452 4579 25.
1472 4523 1516 4578 34.

338 4603 362 4660 7.
379 4583 582 4666 inebriamini]
592 4585 679 4649 Cant.
697 4603 724 4662 5,
744 4605 767 4643 1.
1039 4602 1084 4658 ²3·
1101 4579 1190 4664 anre]
1208 4584 1313 4643 Matth.
1334 4587 1379 4656 26,
1396 4604 1442 4660 39.

336 4672 362 4728 8.
379 4670 411 4728 in
426 4673 491 4745 typo
497 4671 655 4744 praecessi!
665 4661 841 4745 Salvatm's]
858 4661 941 4724 Hier.
1038 4666 1083 4724 26.
1099 4659 1158 4744 sur]
1174 4665 1249 4726 Gen.
1267 4685 1294 4742 9,
1312 4685 1327 4723 2
1332 4683 1358 4742 5.
