4060 5498
500 418 578 500 104
903 409 930 468 S.
964 407 1219 468 HIERONYMI
1251 409 1516 468 PRESBYTERI

494 607 683 681 exordium,
699 606 836 668 dicens:
853 605 968 669 ‘Visio
982 626 1083 687 quam
1102 607 1184 669 vidit
1202 606 1321 669 Esaias
1339 605 1425 670 filius
1441 606 1549 670 Amos
1565 606 1739 687 propheta,
1751 623 1848 686 quam

494 710 578 772 vidit
594 719 712 771 contra
730 708 899 784 Iudaeam
915 718 947 772 et
972 720 1086 773 contra
1106 710 1318 773 Hierusalem
1337 712 1368 773 ln
1386 711 1505 774 diebus
1523 710 1628 774 Oziae
1647 710 1799 774 Ioatlram
1815 721 1850 780 et

495 813 612 875 Achae
636 821 669 875 et
694 813 859 876 Ezechiae
882 833 997 894 regum
1024 813 1136 879 Iuda.'
1160 812 1342 895 Quomodo
1357 835 1438 896 ergo
1454 814 1619 896 Origenes
1635 813 1769 890 adserit,
1784 832 1847 874 non

495 917 646 997 potuisse
664 915 799 979 Esaiam
818 917 930 980 videre
947 917 1119 992 visionem,
1135 919 1199 979 nisi
1216 917 1245 978 ei
1270 926 1422 981 mortuus
1439 918 1553 982 suisset
1571 916 1672 982 Ozias
1689 936 1761 993 rex,
1776 934 1847 977 cum

496 1021 673 1101 perspIcue
698 1029 880 1100 antequam
907 1017 1008 1081 Ozias
1035 1029 1218 1083 moreretur
1247 1019 1364 1083 Esaias
1392 1023 1539 1103 coeperit
1565 1018 1849 1102 prophetareiEt
1883 1029 1895 1078 t

496 1123 643 1186 idemait
664 1120 1111 1198 ‘Audicaelumetauribus
1122 1123 1254 1204 percipe
1264 1131 1361 1200 terra,
1371 1125 1450 1204 quia
1462 1121 1772 1187 Dominuslocutus
1781 1121 1852 1196 est',

488 1233 670 1306 'exponens
684 1245 770 1308 quae
784 1236 818 1288 et
834 1237 910 1306 post
928 1226 1089 1288 visionem
1107 1225 1274 1289 Dominus
1291 1228 1334 1291 sit
1351 1228 1490 1291 locutus.
1508 1227 1581 1290 Nec
1597 1236 1741 1308 negatur
1763 1224 1850 1307 quod

498 1329 600 1395 Ozias
624 1351 682 1392 rex
708 1340 865 1411 peccator
882 1328 1000 1393 luerit:
1024 1332 1082 1392 sed
1101 1331 1165 1392 hoc
1180 1332 1381 1412 quaerimus,
1400 1332 1571 1412 quomodo
1587 1341 1724 1411 propter
1740 1348 1851 1410 regern

497 1442 708 1516 peccatorem
735 1442 872 1496 sanctus
896 1435 1060 1515 propheta
1077 1435 1238 1497 visionem
1258 1434 1321 1498 Dei
1339 1435 1451 1498 videre
1467 1454 1533 1498 non
1551 1436 1723 1517 potuerit?
1749 1435 1852 1516 Igitur

499 1539 531 1600 in
556 1536 840 1617 consequentibus
864 1538 952 1599 idern
971 1536 1145 1620 Origenes,
1162 1538 1280 1602 Oziam
1299 1559 1410 1619 regem
1428 1538 1605 1620 allegorice
1622 1540 1853 1622 interpretans,
1873 1562 1899 1598 ro

498 1645 583 1705 inter
611 1654 721 1703 cetera
749 1641 852 1702 etiam
881 1639 945 1702 hoc
972 1641 1105 1704 intulit:
1133 1641 1274 1705 'Talem
1301 1661 1412 1723 regern
1441 1651 1474 1703 et
1506 1644 1689 1725 principem
1722 1645 1854 1706 animae

496 1758 631 1830 oportet
661 1747 754 1822 mori,
779 1757 815 1810 ut
841 1748 1008 1827 possimus
1037 1747 1100 1810 Dei
1128 1767 1262 1811 cernere
1287 1748 1460 1811 visionem.
1484 1747 1604 1829 Neque
1627 1750 1716 1810 enim
1735 1748 1853 1811 trustra

498 1852 658 1931 scriptum
677 1861 738 1926 est,
754 1851 892 1913 Factum
907 1860 956 1912 est
970 1851 1004 1913 in
1016 1872 1103 1914 anno
1113 1872 1175 1933 qno
1187 1861 1335 1914 mortuus
1345 1859 1394 1932 ert
1407 1850 1507 1914 Osiris
1518 1872 1582 1926 rex,
1592 1851 1665 1914 vidi
1672 1851 1852 1914 Dominum

499 1953 652 2019 Sabaoth.
680 1953 868 2035 Unicuique
892 1964 1043 2019 nostrum
1069 1965 1104 2018 ut
1128 1957 1210 2019 vIvit
1233 1955 1344 2030 Ozias,
1366 1955 1450 2019 vivit
1471 1955 1589 2032 Farao,
1610 1954 1667 2018 sed
1693 1954 1850 2036 quamdiu

498 2059 671 2142 Aegyptia
693 2078 795 2139 opera
820 2057 969 2136 facimus,
985 2067 1019 2122 et
1043 2079 1108 2123 non
1127 2060 1398 2140 ingemiscimus:
1414 2060 1441 2121 si
1459 2069 1571 2123 autem
1590 2071 1740 2124 mortuus
1757 2057 1852 2122 nobis
1872 2079 1896 2130 ις

500 2163 600 2227 luerit
629 2164 747 2242 Farao,
769 2163 884 2227 statim
909 2164 1059 2254 dolorem
1084 2165 1211 2246 gemitu
1229 2173 1464 2246 protestamur,
1480 2163 1567 2227 sicut
1584 2166 1616 2226 in
1634 2163 1760 2228 Exodo
1775 2161 1851 2225 scri-

499 2280 594 2350 ptum
619 2277 678 2330 est.
706 2268 744 2330 In
769 2267 858 2330 hunc
882 2268 1021 2330 modum
1046 2269 1207 2350 quamdiu
1238 2269 1321 2331 vivit
1348 2268 1460 2345 Ozias,
1485 2289 1550 2333 non
1580 2288 1759 2350 possumus
1787 2266 1851 2329 Dei

498 2391 632 2435 cernere
650 2372 821 2436 visionem.
838 2371 845 2398 ’
869 2371 955 2436 Cum
973 2371 1055 2434 haec
1072 2373 1119 2435 ita
1136 2372 1286 2450 disserat,
1302 2392 1367 2435 non
1386 2384 1455 2436 tam
1473 2374 1659 2454 pertinaces
1675 2390 1800 2446 sumus,
1816 2381 1851 2434 ut

498 2477 703 2558 allegoriam,
719 2475 746 2537 si
763 2475 818 2557 pia
835 2476 886 2550 sit,
902 2487 936 2538 et
952 2477 995 2537 de
1011 2477 1161 2540 veritatis
1178 2477 1270 2540 t'onte
1286 2479 1436 2554 ducatur,
1452 2477 1662 2541 refutandam
1680 2486 1852 2558 putemus,

498 2584 544 2644 ita
571 2581 761 2654 dumtaxat,
785 2579 812 2640 si
836 2599 903 2641 non
927 2579 969 2642 sit
993 2581 1162 2644 contraria
1185 2581 1327 2656 veritati,
1343 2601 1410 2644 non
1435 2592 1604 2662 pervertat
1624 2581 1809 2656 historiam,
1825 2581 1850 2642 si
1870 2598 1897 2633 ²0

497 2705 633 2748 sensum
659 2684 842 2765 scripturae
870 2692 1007 2745 sanctae
1032 2693 1200 2765 sequatur,
1215 2694 1248 2747 et
1272 2704 1337 2747 non
1363 2684 1572 2748 voluntatem
1589 2685 1735 2768 perversi
1752 2687 1851 2748 iuter·

498 2791 600 2873 pretis
622 2788 861 2870 scripturarum
880 2786 1046 2868 praeierat
1063 2789 1263 2853 auctoritati.
1280 2789 1443 2852 Dicamus
1460 2787 1560 2871 igitur
1576 2799 1609 2854 et
1626 2809 1687 2852 nos
1705 2788 1853 2870 Origeni,

497 2895 553 2976 qui
576 2891 757 2974 allegoriae
775 2890 892 2953 nubilo
908 2891 1063 2954 universa
1079 2890 1274 2955 confundit:
1292 2891 1369 2955 Non
1388 2893 1434 2955 sic
1450 2893 1613 2956 divinati0
1629 2903 1696 2970 tua,
1712 2912 1780 2955 non
1798 2892 1852 2953 sic.

499 2997 651 3062 Historia
668 2997 757 3058 enim
776 3014 837 3076 pro
852 2994 1015 3077 qualitate
1028 3010 1220 3077 temporum
1233 3006 1425 3078 quaegesta
1437 3008 1514 3060 sunt
1526 3007 1649 3074 narrat,
1660 3006 1693 3058 et
1704 2995 1852 3076 legentes

496 3101 655 3183 exemplo
678 3100 727 3162 sui
752 3108 910 3180 provocat
934 3098 1030 3180 sequi
1046 3101 1176 3181 optima
1192 3109 1225 3162 et
1242 3102 1348 3163 vitare
1363 3101 1550 3178 contraria;
1578 3121 1678 3181 porro
1693 3098 1851 3180 allegoria
1870 3114 1896 3164 ²5

497 3205 591 3286 quasi
616 3202 819 3285 quibusdam
845 3201 1005 3282 gradibus
1033 3222 1091 3284 per
1117 3201 1291 3266 historiam
1315 3204 1358 3266 ad
1376 3203 1511 3266 excelsa
1527 3203 1730 3278 conscendit,
1746 3211 1785 3264 ut
1800 3219 1851 3262 su·

500 3306 632 3370 bilmior
656 3307 709 3383 sit,
731 3327 797 3368 non
822 3305 1000 3368 contraria.
1025 3305 1181 3388 Denique
1205 3308 1323 3370 beatus
1346 3307 1520 3388 apostolus
1537 3306 1661 3370 Paulus
1678 3323 1852 3386 exponens

497 3421 706 3474 sacramenta
724 3410 836 3472 Adam
856 3419 890 3472 et
908 3409 1011 3486 Evae,
1027 3429 1093 3472 non
1110 3411 1247 3492 negavit
1264 3411 1521 3492 plasmationem
1538 3430 1663 3485 eorum,
1679 3410 1737 3474 sed
1754 3429 1853 3492 super

534 3584 542 3621 t
554 3567 688 3636 propheta]
710 3571 775 3630 cod;
797 3571 931 3634 prophetae
954 3587 979 3630 α,
1001 3571 1087 3620 nescio
1104 3586 1189 3635 quare.
1291 3567 1443 3630 alsatiam]
1457 3573 1600 3622 laeliano.
1703 3584 1729 3620 tt
1742 3573 1853 3643 animae]

498 3661 556 3703 ante
569 3669 607 3703 mr
617 3654 673 3704 cod.
690 3664 746 3715 342.
840 3655 844 3716 Ι
858 3669 895 3702 nu
906 3660 998 3716 oportet
1010 3654 1085 3714 mon]
1097 3653 1130 3702 ab
1141 3653 1180 3702 his
1188 3653 1277 3717 incipit
1288 3655 1346 3704 cod.
1358 3665 1415 3718 345,
1428 3670 1537 3719 quocurn
1545 3655 1625 3703 codex
1635 3666 1683 3716 3⁴2
1692 3669 1781 3718 pamm
1791 3653 1854 3702 ultra

497 3736 666 3801 progreditur.
754 3734 989 3796 14rrtvr'vr't1utur'·
1004 3734 1008 3798 Ι
1024 3735 1159 3786 uirrircod.
1173 3748 1228 3798 3⁴²·
1311 3735 1602 3800 t9allegoriaml—iaC.
1676 3735 1854 3800 assumpt]

497 3817 581 3867 rcrr'bt.
597 3817 627 3866 C.
729 3816 761 3865 2⁶
769 3813 904 3879 gradibus]
912 3814 1034 3878 gravibus
1046 3815 1076 3870 C.
1178 3814 1209 3865 28
1221 3815 1303 3876 Evae]
1315 3817 1373 3865 Eva
1385 3817 1414 3867 C.

541 3985 568 4043 3.
584 3963 679 4046 Iuda]
696 3967 735 4026 ls.
756 3986 780 4038 r,
800 3987 823 4024 1.
1204 3967 1302 4028 simile
1324 3967 1468 4044 quiddam
1493 3971 1574 4044 apud
1599 3969 1724 4029 Hieron.
1741 3965 1853 4026 notavit

540 4051 566 4107 6.
584 4049 746 4108 lomtusrrt
773 4047 844 4108 ibid.
863 4067 888 4106 z.
1204 4049 1290 4126 epist.
1319 4051 1367 4122 84,
1394 4069 1422 4108 n.
1451 4051 1691 4126 zr‘Allegoriae
1717 4047 1852 4108 nubilum

545 4133 589 4189 18.
606 4130 742 4190 unionem
773 4128 893 4204 OrIgen.
911 4128 948 4188 ab
966 4129 1153 4206 Hieronymo
1205 4151 1311 4190 serena
1325 4125 1514 4207 expositione
1528 4131 1710 4190 discutitur'.

500 4213 630 4271 translat
650 4213 704 4270 loc.
722 4211 772 4270 cit.
789 4225 845 4286 937
863 4211 899 4268 A.
916 4211 948 4268 Β.
1248 4209 1853 4292 a&superfundamentunrlrr‘storriu]Idem

542 4287 1152 4371 za.scripturarumpracseralaurtorr'tntr]
1205 4293 1257 4352 vir.
1273 4297 1310 4352 cl.
1326 4297 1364 4353 ad
1381 4295 1507 4353 Hieron.
1520 4295 1640 4355 Coram.
1657 4295 1686 4352 in
1703 4295 1741 4354 Is.
1759 4293 1811 4354 lib.
1828 4295 1853 4362 6,

500 4373 635 4450 Suggerit
663 4374 810 4432 Amellius
836 4373 964 4434 Hieron.
990 4375 1075 4450 epist.
1104 4379 1151 4450 98,
1205 4377 1316 4451 prolog.
1334 4395 1388 4434 nos
1400 4389 1529 4448 revocat,
1540 4375 1853 4454 ubiscribitur‘super

501 4475 527 4514 n.
563 4475 618 4530 19:
649 4455 717 4532 ‘qui
743 4453 914 4514 auctoritati
939 4454 1149 4530 scripturarum
1204 4457 1399 4516 fundamenta
1434 4457 1613 4517 historiae...
1644 4457 1778 4534 spiritale
1810 4477 1851 4516 er-

500 4533 640 4612 Origenis
656 4537 825 4612 praeierunt
839 4535 1036 4597 deliramenta
1045 4537 1060 4595 '.
1203 4552 1332 4597 truerem
1347 4538 1519 4598 aediticium
1532 4541 1546 4598 ³.

544 4637 558 4675 a
563 4637 589 4694 3.
605 4618 760 4694 allegoriae
774 4613 884 4697 nubr'lo]
902 4619 987 4678 Idem
1003 4618 1151 4678 Ameilius
