4154 5494
627 415 883 480 TRACTATUS
906 416 963 476 DE
986 415 1153 478 Psntlto
1175 417 1293 480 cv111.
1546 421 1617 503 191

266 638 395 716 marito,
411 637 597 722 repudiavit
607 646 642 702 te
657 647 690 703 et
707 635 855 721 proiecit,
869 644 903 700 et
912 635 1005 700 dedit
1018 634 1078 700 tibi
1095 634 1243 700 libellum
1261 637 1404 719 repudii:
1421 657 1485 721 ego
1494 648 1528 703 te
1544 637 1625 704 nolo

265 742 387 808 habere
402 763 552 809 uxorem.
565 740 697 806 Dedisti
714 738 795 804 milri
811 739 965 821 pretium,
975 747 1007 802 et
1024 738 1184 820 decepisti
1197 759 1264 803 me:
1280 750 1314 805 et
1329 761 1415 824 quae
1431 740 1623 818 interfecisti

267 845 450 911 Dominum
462 857 568 924 tuum,
580 843 772 910 interfecisti
785 852 819 907 et
831 861 892 906 me.
906 842 983 905 Non
996 861 1133 923 possum
1144 842 1233 906 enim
1248 843 1279 906 in
1293 846 1455 927 scriptura
1467 846 1624 924 invenire,

264 952 353 1034 quod
375 951 477 1016 ludas
491 950 645 1016 habuerit
661 957 719 1012 aut
736 966 876 1010 uxorem
893 955 950 1010 aut
966 943 1060 1009 filios.

231 1073 246 1125 5
307 1055 473 1120 Nutantes
483 1056 734 1136 transsemntur
748 1051 823 1136 filii
835 1051 913 1126 eius,
928 1059 960 1114 et
983 1050 1169 1115 mendicent.
1198 1050 1384 1134 Diligenter
1399 1055 1625 1121 considerate:

264 1160 428 1243 siquidem
444 1158 591 1224 difficilia
606 1165 685 1222 sunt
700 1175 786 1240 quae
802 1162 966 1218 secuntur.
989 1153 1044 1218 Ex
1062 1153 1119 1219 illo
1136 1165 1286 1237 tempore
1307 1177 1351 1220 ex
1372 1177 1440 1239 quo
1456 1157 1625 1226 Dominus

264 1263 442 1329 crucifixus
456 1275 517 1342 est,
535 1285 579 1327 ex
604 1273 683 1327 tunc
702 1278 833 1342 semper
849 1269 1024 1322 moventur
1048 1259 1174 1338 ludaei,
1197 1281 1263 1324 non
1285 1272 1375 1326 stant
1397 1263 1429 1326 in
1454 1285 1515 1329 suo
1542 1267 1626 1332 loco.

265 1369 419 1453 Denique
435 1368 556 1433 dicitur
572 1366 663 1432 etde
680 1365 764 1430 Cain
778 1385 785 1427 ε
801 1363 865 1426 ‘Et
880 1361 973 1440 exiit,
989 1363 1105 1446 inquit,
1124 1365 1206 1430 Cain
1224 1386 1244 1430 a
1260 1367 1344 1430 facie
1361 1367 1435 1445 Dei,
1447 1381 1479 1433 et
1495 1370 1624 1437 habita·

264 1473 311 1537 vit
336 1472 368 1536 in
394 1483 481 1536 terra
505 1467 625 1534 Naid'
643 1467 730 1532 Naid
753 1476 865 1531 autem
890 1466 1125 1550 interpretatur
1145 1473 1336 1536 commotio.
1360 1471 1448 1556 Quia
1472 1495 1624 1557 egressus

215 1595 248 1632 ιο
264 1576 369 1644 fuerat
385 1597 406 1641 a
421 1576 504 1641 facie
522 1575 585 1638 Dei
611 1573 704 1650 Cain,
720 1581 808 1636 recte
824 1589 890 1634 non
913 1570 1014 1646 stetit,
1029 1572 1086 1634 sed
1105 1572 1268 1639 habitavit
1287 1575 1320 1638 in
1338 1585 1425 1641 terra
1446 1577 1545 1656 Naid,
1561 1580 1623 1644 hoc

263 1693 314 1748 est
339 1683 371 1746 in
398 1681 633 1746 commotione.
663 1678 715 1743 Ita
743 1676 842 1760 igitur
867 1684 901 1739 et
928 1674 991 1752 isti,
1017 1677 1175 1758 quoniam
1197 1676 1432 1745 crucifixerunt
1457 1683 1567 1747 Deum
1590 1693 1625 1748 et

265 1785 449 1851 Dominum
467 1804 575 1861 suum,
590 1791 746 1846 nutantes
763 1777 1014 1844 transferuntur.
1033 1779 1111 1844 Non
1128 1782 1216 1845 enirn
1239 1784 1366 1848 suntin
1383 1787 1451 1850 suis
1463 1785 1554 1864 locis,
1564 1788 1623 1853 sed

265 1889 296 1953 in
323 1897 396 1954 toto
411 1887 491 1954 orbe
506 1887 603 1950 divisi
621 1894 708 1950 sunt.
735 1883 990 1947 Mendicitatem
1017 1882 1069 1947 lric
1094 1885 1175 1949 dicit
1200 1883 1392 1952 divitiarum
1417 1890 1625 1973 spiritalium.

266 1991 342 2054 Non
360 1992 448 2056 enirn
465 1991 591 2054 habent
606 1989 795 2073 prophetas,
812 2006 877 2051 non
895 1986 1020 2051 habent
1038 1987 1155 2070 legem,
1171 2009 1237 2054 non
1252 1989 1375 2056 habent
1392 1996 1624 2078 sacerdotium,

217 2115 247 2168 ¹5
265 2113 331 2158 non
348 2093 473 2159 habent
488 2090 696 2170 sacrificium,
711 2092 769 2154 sed
786 2111 862 2154 vere
881 2091 1023 2156 mendici
1041 2090 1118 2180 facti
1135 2103 1222 2157 sunt.

309 2197 482 2264 scrutetur
497 2197 670 2277 fenerator
694 2216 817 2282 ornnem
847 2193 1067 2260 substantium
1096 2196 1173 2260 eius.
1208 2197 1339 2264 Dedisti
1371 2200 1416 2264 illi
1447 2205 1622 2286 pecuniam

267 2301 421 2380 Domine,
436 2302 557 2367 dedisti
575 2300 620 2363 illi
638 2301 724 2364 sicut
733 2310 767 2364 et
782 2298 864 2364 aliis.
884 2299 1064 2363 Illeautem
1082 2301 1162 2384 quid
1173 2300 1274 2366 fecit?
1291 2303 1368 2367 Non
1386 2303 1502 2389 ligavit
1518 2309 1551 2372 in
1568 2330 1623 2375 su-

265 2407 367 2484 dario,
382 2416 416 2471 et
432 2425 499 2469 non
517 2404 636 2469 infodit
653 2413 768 2480 terrae,
784 2413 818 2466 et
834 2401 1013 2486 neglegens
1031 2401 1107 2468 fuit:
1124 2404 1182 2468 sed
1198 2406 1255 2469 ubi
1277 2406 1394 2473 habuit
1410 2410 1574 2477 talentum
1590 2425 1624 2479 et

266 2510 440 2594 pecuniam
473 2508 620 2586 Domini,
653 2506 781 2590 accepit
812 2507 955 2591 pretium
987 2508 1030 2571 ab
1057 2508 1200 2573 inimicis
1232 2510 1381 2588 Domini,
1410 2525 1444 2577 et
1475 2516 1625 2581 vendidit

218 2639 250 2676 ao
268 2614 452 2678 Dominum
463 2633 569 2678 suum.
581 2613 759 2695 Propterea
776 2611 836 2675 tibi
847 2612 923 2677 dico
934 2612 1088 2690 Domine,
1099 2613 1199 2697 exige
1215 2615 1259 2678 ab
1269 2613 1326 2680 illo
1336 2616 1452 2681 faenus
1463 2620 1625 2700 pecuniae

267 2727 352 2782 tuae.
368 2716 416 2781 Et
428 2716 594 2800 diripiant
607 2715 710 2779 alieni
722 2715 846 2780 labores
859 2715 937 2780 eius.
962 2715 1164 2781 Faenerator
1180 2719 1346 2784 Dominus
1368 2721 1543 2788 manifeste
1565 2745 1623 2790 ex·

267 2821 344 2896 titit,
358 2830 392 2886 et
407 2820 486 2904 quid
512 2819 635 2885 factum
659 2820 734 2883 est?
757 2819 874 2883 Alieni
893 2819 1056 2902 diripiant
1075 2819 1199 2886 labores
1219 2822 1297 2887 eius.
1322 2823 1400 2888 Sive
1411 2825 1453 2888 de
1469 2827 1624 2892 omnibus

270 2926 402 2991 Iudaeis
417 2926 615 3010 generaliter
631 2922 854 3006 intellegimus
878 2925 957 3007 quia
973 2924 1094 2989 vastati
1121 2935 1235 2990 sunta
1261 2928 1436 2992 Romanis:
1458 2929 1527 2994 sive
1548 2951 1624 2997 vere

266 3029 461 3113 specialiter,
477 3031 565 3113 quod
583 3050 604 3094 a
618 3028 838 3094 daemonibus
854 3027 1004 3110 direptus
1019 3037 1069 3092 est
1088 3029 1198 3106 Iudas,
1212 3041 1246 3095 et
1262 3032 1334 3116 ipse
1350 3035 1500 3117 populus

218 3158 249 3213 ις
309 3135 387 3198 Non
401 3135 448 3198 sit
462 3133 516 3198 illi
529 3133 669 3210 adiutor,
685 3152 740 3195 nec
757 3131 803 3194 sit
816 3131 875 3212 qui
893 3133 1087 3195 miserentur
1091 3133 1230 3214 pupillis
1243 3137 1321 3203 eius.
1347 3138 1383 3201 In
1403 3140 1411 3202 i
1416 3139 1459 3202 llo
1475 3151 1625 3225 ternpore

268 3259 335 3304 non
360 3237 477 3302 habuit
499 3235 642 3321 populus
666 3237 864 3299 Iudaeorum
889 3235 1084 3300 adiutorem.
1110 3236 1326 3320 Respondete
1345 3241 1435 3320 mihi,
1455 3264 1477 3307 o
1501 3245 1623 3311 ludaei.

269 3343 297 3408 F
299 3344 392 3408 uistis
408 3343 440 3406 in
461 3341 659 3424 Babylonia:
676 3337 838 3404 habuistis
855 3337 899 3401 ibi
918 3337 1105 3422 prophetas,
1122 3338 1254 3420 Daniel,
1272 3344 1446 3411 Iezechiel:
1462 3359 1495 3412 et
1512 3368 1625 3414 revera

268 3448 429 3514 idolatrae
444 3447 553 3512 eratis.
569 3445 792 3530 Septuaginta
808 3442 904 3506 annis
918 3442 1025 3507 fuistis
1041 3444 1073 3507 in
1091 3447 1293 3527 captivitate,
1308 3459 1342 3511 et
1354 3458 1475 3530 postea
1487 3449 1624 3514 venistis

268 3551 301 3614 in
318 3550 459 3634 propria.
477 3550 563 3613 Ecce
588 3567 675 3612 nunc
697 3545 932 3631 quadringenti
956 3548 1048 3612 anni:
1071 3568 1174 3632 quare
1199 3570 1264 3613 non
1289 3562 1339 3615 est
1363 3552 1482 3617 missus
1498 3554 1541 3617 ad
1566 3575 1625 3620 vos

219 3684 252 3735 30
268 3652 457 3738 propheta?
483 3654 520 3717 ln
545 3652 602 3717 illo
625 3661 776 3734 tempore
798 3651 890 3716 idola
910 3649 1080 3728 colebatis,
1102 3663 1136 3718 et
1160 3655 1376 3720 miserebatur
1399 3657 1499 3721 vestri
1524 3658 1626 3726 Deus.

269 3758 367 3822 Nunc
383 3766 495 3822 autem
513 3777 579 3820 non
596 3757 703 3821 colitis
720 3755 824 3819 idola:
840 3774 941 3839 quare
957 3756 1134 3840 dereliquit
1150 3780 1208 3824 vos
1233 3760 1423 3825 Dominus?
1442 3762 1528 3827 Ecce
1544 3784 1626 3846 qua·

300 3957 315 3993 2
331 3945 446 4008 uxerem]
465 3946 494 3994 in
514 3961 616 3994 uxorem
635 3943 659 4012 β.
761 3959 775 4008 3
794 3943 946 4006 Dominum]
967 3944 983 4013 β
1000 3947 1058 3997 add.
1079 3949 1169 4000 Deum.
1270 3952 1430 4020 interfecisti]
1447 3953 1579 4020 ritterficies
1597 3953 1624 4024 β.

268 4038 331 4093 9sq.
342 4027 426 4090 Natu]
438 4027 498 4078 Nm
508 4025 532 4094 β.
612 4041 640 4078 22
660 4025 864 4094 transfiruntur]
885 4031 1074 4092 frangerentur
1086 4030 1110 4099 β
1190 4045 1221 4082 2ο
1224 4031 1332 4097 suenus]
1344 4035 1436 4100 foenus
1456 4033 1503 4102 βΒ.
1518 4036 1626 4088 Codices

268 4109 315 4160 sibi
326 4127 378 4161 non
391 4120 516 4162 constant.
584 4123 613 4161 21
629 4113 870 4162 faeneratorum.
884 4111 980 4173 extitit]
990 4113 1146 4163 Foeneratur
1154 4115 1188 4165 D.
1198 4116 1328 4180 nmniseste
1337 4119 1419 4181 exigat
1427 4116 1451 4184 β.
1521 4131 1552 4168 22
1560 4119 1625 4168 diri·

266 4191 351 4256 pt'ont]
362 4193 495 4257 diripiunt
506 4193 566 4253 1303
578 4193 701 4258 ‹linitient
714 4191 738 4260 β.
816 4205 847 4257 23
858 4191 924 4252 uere]
935 4210 984 4242 om.
1001 4191 1025 4260 β.
1103 4209 1135 4258 24
1146 4193 1234 4256 Iudas]
1246 4198 1313 4248 luda
1322 4197 1374 4250 SG.
1449 4198 1480 4248 28
1494 4199 1626 4263 idolatrae]

270 4273 400 4324 Molatriae
412 4273 458 4325 CG
470 4292 477 4334 3
489 4274 635 4324 idololatrae
648 4273 673 4341 β.
776 4285 807 4334 29
818 4273 897 4334 anni]
910 4273 927 4322 S
939 4273 999 4322 add.
1012 4281 1080 4324 sunt.

311 4462 338 4518 9.
354 4437 456 4522 Naid]
471 4442 581 4502 Genes.
598 4460 625 4513 4,
646 4445 690 4500 16.
977 4438 1163 4518 Hieronymo
1177 4459 1223 4519 ep.
1244 4460 1309 4519 129,
1324 4461 1352 4501 n.
1372 4459 1386 4518 7
1399 4455 1463 4504 tum
1478 4447 1509 4506 in
1524 4445 1625 4509 multis

312 4516 923 4601 31.Eccequadn'ngcntiannisunt]ilanc
975 4521 1071 4596 quarti
1085 4521 1195 4582 saeculi
1221 4523 1426 4584 monumentis
1450 4539 1622 4606 usurpatam

272 4601 443 4665 chronicam
457 4605 652 4675 notationem,
664 4622 681 4662 a
692 4603 838 4662 Vallersio
849 4601 924 4661 aliis·
975 4599 1065 4663 fuisse
1079 4601 1138 4663 iam
1153 4605 1279 4666 ostendi.
1296 4604 1376 4666 Vide
1395 4607 1622 4672 Praefationem.

273 4701 332 4762 que
354 4695 467 4747 temere
481 4683 700 4762 reprehensam,
722 4701 792 4743 cum
806 4681 845 4744 ab
858 4682 924 4761 ipso
