4160 5500
513 435 598 520 404
683 407 686 412 ’
889 439 917 499 s
942 435 1196 500 martorum
1219 434 1482 499 raassrrsm

516 655 607 734 meis,
623 657 680 720 sed
698 663 809 720 tamen
837 655 879 720 de
906 655 1031 720 familia
1057 675 1131 721 mea
1146 673 1240 720 eras:
1257 675 1323 721 non
1335 674 1408 720 eras
1424 655 1582 737 minister,
1598 666 1711 724 tamen
1726 677 1799 724 eras
1820 656 1864 722 de

520 759 668 825 familia:
687 779 754 825 non
781 771 892 826 tameo
920 781 992 826 eras
1016 779 1157 839 mecum,
1172 761 1230 826 sed
1257 770 1368 825 tamen
1395 778 1489 824 meus
1513 779 1595 827 eras.
1611 761 1667 825 Ex
1691 781 1758 845 quo
1783 759 1863 826 mihi

517 861 659 930 militare
685 865 833 949 coepisti,
848 865 875 929 si
900 865 1080 943 recesseris,
1096 882 1161 928 non
1178 863 1287 930 habeo
1304 873 1338 929 te
1352 866 1395 931 de
1411 864 1537 930 familia
1559 865 1616 930 sed
1642 865 1736 949 quasi
1752 863 1862 948 sugiti-

514 988 601 1034 vum.
620 969 695 1034 Hoc
712 978 819 1034 totum
836 989 938 1053 quare
954 970 1055 1034 dico?
1070 969 1227 1053 quoniam
1241 970 1274 1033 in
1289 977 1402 1034 nostra
1414 978 1485 1034 erat
1494 976 1662 1052 potestate
1670 967 1864 1052 promittere

514 1075 707 1140 servitutem
726 1075 812 1139 Dei:
828 1095 894 1140 non
911 1083 961 1140 est
977 1075 1010 1139 io
1028 1084 1140 1139 nostra
1168 1082 1334 1157 potestate
1350 1073 1525 1138 dimittere.
1544 1073 1752 1139 Promisisti?
1769 1093 1862 1156 prae·
1897 1091 1908 1142 5

513 1180 617 1244 mium
645 1178 755 1244 habes.
772 1179 937 1262 Negasti?
953 1199 1095 1262 poenam
1116 1179 1217 1243 habes
1232 1201 1239 1241 :
1256 1188 1434 1262 utrumque
1458 1188 1593 1263 propter
1618 1176 1861 1243 confessionem

512 1293 603 1349 tuam
621 1291 680 1348 est.
699 1283 866 1360 Diximus,
882 1291 984 1366 atque
1008 1283 1126 1347 iterum
1153 1283 1303 1348 dicimus.
1320 1282 1504 1349 Promisisti
1518 1288 1531 1346 t
1547 1282 1731 1365 praemium
1748 1281 1861 1348 habes.

512 1389 704 1454 Dimisisti?
727 1407 870 1472 poenam
899 1387 1010 1453 habes.
1034 1389 1112 1452 Non
1138 1396 1189 1452 est
1217 1406 1338 1466 meum,
1355 1395 1533 1470 utrumque
1559 1395 1655 1451 tuum
1682 1395 1754 1452 est:
1777 1386 1864 1470 elige

513 1493 602 1576 quod
620 1493 709 1559 velis.
728 1492 844 1558 Habes
871 1493 958 1558 viam
976 1493 1091 1557 mortis
1109 1502 1142 1557 et
1158 1493 1245 1556 vitae
1260 1515 1267 1555 :
1282 1490 1369 1573 elige
1383 1490 1474 1573 quod
1490 1489 1641 1556 volueris.
1660 1490 1736 1554 Hoc
1752 1499 1861 1554 totum

512 1599 588 1663 dico
602 1597 707 1676 vobis,
722 1617 764 1663 ne
781 1597 854 1680 quis
868 1599 912 1662 de
927 1597 1021 1662 vobis
1037 1605 1132 1680 putet
1147 1617 1183 1660 se
1198 1595 1320 1661 habere
1337 1593 1474 1659 liberam
1491 1601 1703 1677 potestatem,
1726 1603 1760 1659 et
1775 1595 1863 1659 dice·
1883 1621 1909 1658 ιο

511 1722 566 1767 re:
584 1703 675 1784 Ergo
691 1701 736 1764 illi
753 1701 810 1784 qui
826 1721 949 1767 uxores
963 1700 1097 1777 habent,
1113 1699 1169 1783 qui
1185 1708 1263 1763 sunt
1286 1699 1318 1761 in
1347 1696 1547 1774 civitatibus,
1562 1697 1618 1780 qui
1636 1697 1792 1775 militant,
1806 1697 1863 1780 qui

512 1807 734 1889 negotiantur,
750 1826 829 1887 ergo
844 1815 935 1871 totus
952 1807 1095 1870 mundus
1106 1805 1138 1870 in
1153 1803 1298 1885 periculo
1310 1815 1370 1881 est,
1379 1815 1413 1870 et
1429 1803 1490 1868 soli
1508 1802 1661 1867 monachi
1672 1802 1863 1868 salvantur?

512 1911 590 1975 Non
607 1919 658 1975 est
673 1918 786 1975 nostra
802 1918 836 1974 et
852 1909 982 1975 illorum
996 1929 1103 1993 aequa
1115 1907 1275 1974 condicio.
1288 1909 1339 1972 Illi
1351 1908 1491 1973 scientes
1507 1906 1756 1972 inbecillitatem
1768 1925 1864 1972 suam

513 2035 579 2080 non
597 2015 821 2098 promiserunt
847 2014 954 2080 iacere
977 2015 1068 2098 quod
1093 2033 1159 2077 non
1176 2021 1339 2096 poterant.
1357 2011 1410 2076 llli
1425 2010 1562 2096 quidem
1578 2020 1656 2076 sunt
1673 2011 1865 2094 Xpistiani:

511 2119 568 2183 sed
586 2126 636 2183 est
653 2117 849 2201 Xpistianus
865 2118 960 2201 quasi
976 2116 1162 2194 saecularis,
1171 2117 1266 2199 quasi
1279 2117 1477 2200 negotiator,
1492 2123 1541 2180 est
1559 2115 1862 2200 Xpistianusquasi
1883 2131 1907 2184 ¹5

512 2221 615 2288 miles.
632 2223 677 2286 Et
694 2221 866 2287 Cornelius
883 2223 1033 2288 centurio
1049 2221 1120 2299 fuir,
1134 2231 1167 2287 et
1179 2221 1325 2286 salvatus
1341 2230 1401 2286 est.
1419 2221 1493 2303 Ego
1508 2220 1564 2302 qui
1583 2220 1767 2285 monachus
1779 2241 1863 2299 sum,

512 2327 567 2409 qui
584 2325 688 2390 desivi
704 2343 776 2389 esse
792 2326 969 2391 saecularis
986 2336 1019 2392 et
1034 2326 1142 2392 sactus
1164 2345 1238 2390 sum
1265 2323 1456 2402 monachus,
1471 2335 1529 2388 aut
1546 2323 1729 2389 monachus
1744 2325 1863 2404 salvor,

510 2437 568 2494 aut
584 2429 679 2496 aliter
695 2449 761 2494 non
777 2429 894 2496 salvor.
907 2432 939 2496 N
942 2453 985 2497 on
1002 2439 1053 2496 est
1068 2431 1194 2514 aliquid
1212 2429 1368 2496 medium.
1380 2427 1416 2494 Si
1428 2427 1564 2493 voluero
1579 2428 1747 2494 dimittere
1757 2430 1861 2494 vitam

511 2534 665 2600 monachi
682 2543 715 2599 et
730 2534 824 2618 sequi
841 2534 1053 2613 saecularem,
1066 2554 1132 2600 non
1143 2533 1280 2599 habebit
1297 2553 1350 2599 me
1362 2532 1528 2598 Dominus
1543 2533 1638 2617 quasi
1649 2533 1862 2612 saecularem,

509 2639 568 2704 sed
584 2637 678 2723 quasi
695 2639 1003 2722 praevaricatorem.
1020 2641 1098 2703 Non
1115 2657 1194 2722 ergo
1210 2636 1306 2702 nobis
1322 2636 1399 2701 licet
1413 2636 1581 2702 dimittere
1597 2637 1685 2721 quod
1699 2637 1861 2704 habemus
1879 2654 1907 2694 ω
2027 2704 2028 2731 p

507 2741 540 2808 in
558 2742 739 2826 proposito.

551 2845 652 2910 Dicat
663 2843 782 2928 aliquis
795 2868 803 2910 :
817 2845 861 2909 Et
872 2845 952 2929 quid
960 2843 1047 2909 iacio
1056 2846 1083 2909 si
1094 2846 1246 2930 peccavi?
1259 2847 1304 2912 Et
1317 2848 1349 2913 in
1363 2847 1427 2911 isto
1437 2844 1609 2930 proposito
1620 2847 1700 2930 quid
1713 2846 1859 2913 facturus

506 2967 590 3028 sum,
605 2969 667 3013 nec
691 2948 868 3014 saecularis
892 2969 951 3014 nec
978 2951 1186 3017 monachus?
1213 2952 1345 3036 Aliquis
1369 2960 1542 3036 peccatum
1568 2962 1707 3037 peccato
1735 2955 1858 3019 maiore

506 3053 599 3137 cupit
611 3053 806 3117 emendare?
819 3051 855 3118 Si
869 3053 1022 3135 peccasti,
1031 3063 1065 3117 et
1077 3053 1110 3116 in
1121 3053 1183 3118 hac
1196 3056 1263 3118 vita
1275 3055 1476 3120 constitutus
1488 3065 1560 3120 esto
1576 3057 1749 3138 paenitens
1761 3055 1857 3140 quasi

506 3156 690 3223 monachus
705 3156 879 3239 paenitens
893 3179 901 3222 ε
913 3175 980 3221 non
1007 3157 1102 3240 quasi
1129 3157 1315 3238 saecularis,
1330 3162 1388 3224 sed
1404 3159 1499 3242 quasi
1515 3160 1708 3226 monachus.
1724 3160 1858 3244 Aliquis
1876 3173 1903 3226 ²5

505 3259 614 3326 dicat:
630 3261 716 3343 Fugi
731 3259 906 3326 dominum
934 3281 1054 3338 meum,
1071 3281 1111 3326 ne
1136 3282 1189 3326 me
1204 3263 1323 3328 caedat
1337 3287 1345 3329 :
1361 3283 1492 3346 semper
1506 3263 1615 3328 debeo
1633 3261 1751 3346 lugere.
1769 3263 1806 3330 Si
1824 3275 1857 3329 te

505 3365 654 3447 paenitet
669 3365 747 3447 quia
763 3363 887 3447 fugisti,
905 3364 1008 3431 debes
1034 3375 1197 3432 revertere
1223 3368 1266 3432 ad
1294 3366 1467 3432 dominum
1496 3367 1607 3432 Deum
1624 3376 1728 3434 tuum.
1745 3367 1857 3432 Nemo

505 3468 595 3535 dicat
610 3491 617 3534 :
634 3467 786 3534 Paenitet
802 3488 855 3534 me
870 3469 949 3553 quia
965 3468 1045 3554 iugi,
1059 3480 1094 3536 et
1109 3470 1224 3555 fugere
1239 3491 1371 3554 semper
1382 3470 1497 3536 debeo.
1514 3470 1593 3536 Sive
1609 3471 1714 3536 sancti
1730 3489 1856 3547 sumus,

538 3649 689 3711 trirea]om.
704 3648 734 3698 Α.
804 3665 854 3699 non
864 3665 920 3698 eros
931 3651 1048 3701 minister
1058 3657 1075 3700 i.
1090 3667 1109 3700 e.
1123 3651 1152 3700 de
1155 3651 1384 3715 sanrr'lia]S;om.
1401 3647 1450 3717 βΑ.
1519 3649 1692 3712 quatlesiS.
1760 3649 1855 3714 ςῦιί]

503 3731 556 3780 Deo
567 3731 604 3790 ὃς
624 3729 709 3800 βιάἀ.
723 3731 859 3782 eiobedirr.
960 3743 974 3794 7
994 3740 1036 3782 est.
1051 3733 1187 3795 Diximus]
1208 3731 1267 3801 βΑ;
1289 3734 1333 3783 En
1353 3733 1469 3782 diximus
1488 3732 1514 3782 S.
1615 3740 1688 3797 atque
1708 3733 1815 3796 ilerum]
1833 3739 1856 3782 ei

501 3813 595 3864 ilerum
612 3821 685 3878 atque
705 3813 797 3862 ilerum
818 3814 844 3863 S.
949 3827 977 3864 to
988 3815 1065 3883 vobs's]
1085 3814 1165 3865 Editt.
1179 3823 1204 3866 et
1215 3815 1289 3865 codd.
1304 3815 1378 3865 inser.
1389 3814 1489 3879 fratres
1508 3815 1643 3882 cqrissimi,
1664 3813 1754 3879 quibus
1773 3815 1855 3866 verbis

500 3909 621 3959 nusquam
633 3893 760 3944 auditores
772 3893 943 3958 Hieronymus
953 3897 1095 3962 compellat.
1186 3896 1396 3960 rznegutianlur]
1408 3899 1534 3958 negotiari!
1546 3898 1572 3948 S.
1668 3911 1677 3946 1
1683 3899 1854 3961 smerularis]

499 3977 517 4028 S
529 3976 603 4026 inser.
615 3983 652 4026 esi
662 3975 804 4036 saecularis,
820 3975 877 4043 liet.
980 3979 1009 4028 16
1020 3986 1042 4028 et
1053 3980 1128 4045 salu]
1141 3979 1157 4028 S
1169 3997 1176 4038 ς
1196 3979 1239 4028 sed
1247 3980 1310 4028 salu.
1326 3977 1376 4044 βΑ.
1478 3993 1510 4028 22
1518 3980 1635 4044 peccavi?
1653 3977 1690 4029 El
1701 3980 1730 4030 irs
1741 3981 1789 4030 isto
1795 3989 1853 4046 pro·

493 4061 573 4128 posito
583 4061 648 4127 quid
648 4060 769 4124 siscturus
780 4060 846 4121 sum]
859 4061 960 4124 peccavi
978 4062 1006 4109 in
1019 4061 1064 4110 isto
1071 4061 1203 4124 proposito,
1216 4059 1353 4125 quifactur
1363 4075 1422 4109 sum
1436 4059 1460 4125 β.
1562 4073 1592 4124 23
1605 4061 1720 4126 Aliquis]
1740 4061 1813 4111 adiab
1824 4062 1850 4112 S.

494 4143 633 4209 peccatum]
648 4150 731 4208 peccat
743 4141 767 4210 β.
870 4156 901 4205 24
920 4142 998 4210 cupit]
1014 4142 1085 4206 crepis
1106 4142 1132 4192 S.
1232 4142 1265 4203 ct]
1285 4143 1328 4200 A;
1348 4156 1398 4191 om.
1415 4139 1459 4208 βὸ.
1559 4143 1589 4192 in
1600 4142 1646 4192 hoc
1661 4144 1725 4209 vita]
1745 4145 1808 4202 AS3
1825 4145 1852 4193 irs

499 4226 553 4275 vita
565 4226 681 4275 monachi
691 4223 715 4293 β
817 4236 847 4288 25
866 4225 1000 4275 rnoisachus
1015 4224 1156 4289 paerritms]
1177 4223 1193 4292 β
1214 4239 1264 4274 om.
1276 4223 1413 4288 paenitens.
1514 4223 1569 4292 sed]
1588 4240 1639 4274 om.
1653 4225 1680 4277 S.
1782 4226 1814 4276 26
1833 4231 1854 4272 te

493 4303 617 4374 paenitet]
626 4309 644 4359 S
653 4323 703 4358 om.
712 4315 735 4357 te
746 4325 753 4367 ;
766 4308 790 4356 A
798 4307 858 4358 add.
867 4307 974 4358 invenis.
1044 4306 1083 4356 26.
1094 4305 1125 4355 28
1128 4306 1229 4372 firgere]
1237 4307 1325 4370 fiagire
1331 4307 1405 4357 codd.
1474 4318 1505 4368 27
1513 4311 1643 4375 revertere]
1652 4309 1675 4356 Α
1685 4324 1693 4368 3
1704 4308 1800 4358 reverta·
1807 4306 1850 4374 βὸ.

495 4467 578 4520 tract.
601 4457 641 4518 de
662 4477 704 4536 ps.
732 4477 797 4536 133,
822 4477 910 4536 supra
939 4477 965 4534 p.
989 4475 1056 4534 253,
1071 4458 1089 4516 l.
1107 4459 1146 4517 8:
1197 4473 1267 4534 agro
1282 4455 1321 4516 de
1336 4455 1469 4518 tamilia’.

497 4539 689 4602 ‘Monachos
711 4550 740 4601 et
762 4539 887 4618 virgines
908 4557 963 4618 ego
984 4551 1057 4614 puto
1078 4537 1145 4600 illos
1240 4558 1284 4598 12.
1300 4534 1696 4620 solimonaclrisalvanturt]
1708 4539 1755 4600 Ci.
1769 4547 1848 4598 tract.

496 4639 561 4684 esse
581 4623 633 4700 qui
651 4619 811 4684 adfaciem
830 4620 997 4682 ministrant
1019 4618 1145 4682 domino
1195 4619 1234 4681 de
1249 4639 1290 4698 ps.
1311 4639 1376 4697 143,
1393 4639 1481 4697 supra
1495 4639 1523 4698 p.
1543 4623 1608 4692 286,
1620 4621 1636 4679 l.
1654 4639 1699 4695 ¹7·

495 4721 566 4780 suo;
576 4704 740 4766 saeculares
751 4714 860 4778 autem,
871 4701 923 4782 qui
937 4700 1098 4780 suntquasi
1112 4702 1144 4762 in
