4202 5492
447 393 522 475 142
815 399 843 459 S.
870 399 1124 461 HIERONYMI
1146 401 1412 462 PRESBYTERI

442 623 554 695 portat
579 617 694 680 mundi
712 617 913 683 Creatorem.
931 617 977 681 Et
1002 618 1082 700 quid
1100 618 1220 683 dicitur
1234 619 1280 683 ibi
1297 620 1329 682 in
1349 620 1475 684 Esaia?
1501 620 1689 685 ‘Dominus
1706 621 1796 686 venit

442 717 476 779 in
494 717 689 803 Aegyptum
701 743 801 804 super
813 722 934 786 nubem
953 721 1058 785 levern
1073 745 1080 786 :
1093 731 1126 786 et
1138 722 1388 807 confringentur
1401 723 1490 788 idola
1504 724 1664 808 Aegypti.
1676 725 1683 753 ’
1694 725 1795 790 Venit

445 821 620 902 Dominus,
636 835 670 889 et
686 826 775 891 idola
791 826 941 909 Aegypti
958 835 1127 890 commota
1154 836 1233 891 sunt
1257 836 1291 891 et
1306 847 1467 892 concussa
1491 837 1592 912 atque
1618 827 1796 895 destructa.

445 926 540 990 Nubs
557 929 620 993 ista
632 929 799 996 destruxit
816 931 993 1014 Sarapium
1010 932 1043 994 in
1061 931 1271 995 Alexandria
1286 953 1292 1010 ;
1310 951 1375 995 non
1394 933 1574 1014 imperator
1589 933 1692 998 homo
1709 954 1794 999 mor·

444 1030 529 1110 talis,
545 1032 603 1095 sed
617 1034 702 1098 nubs
729 1035 893 1118 istaquae
909 1035 1048 1100 venitin
1066 1035 1272 1120 Aegyptum.
1296 1035 1449 1101 Nubeset
1472 1036 1576 1119 calago
1601 1039 1636 1102 in
1658 1038 1794 1103 circuitu
1830 1049 1846 1104 5

443 1135 521 1200 eius.
545 1135 704 1203 Diximus
720 1141 763 1204 de
786 1140 896 1205 nube:
922 1141 1073 1204 dicamus
1088 1141 1130 1204 de
1154 1141 1304 1224 caligine.
1325 1142 1491 1206 Dominus
1518 1144 1551 1207 in
1579 1143 1721 1226 caligine
1736 1153 1795 1208 est.

446 1239 612 1305 Dominus
625 1245 727 1308 autin
741 1245 867 1308 lumine
878 1253 937 1322 est,
947 1255 1004 1309 aut
1018 1245 1049 1308 in
1063 1242 1205 1328 caligine
1216 1253 1275 1308 est.
1288 1245 1325 1306 ln
1340 1243 1465 1308 lumine
1480 1244 1715 1327 incipientibus
1727 1253 1796 1310 est:

445 1344 680 1428 incipientibus
696 1349 784 1412 enim
796 1349 978 1431 simplicius
995 1349 1141 1432 loquitur
1153 1371 1160 1428 ;
1171 1350 1229 1433 qui
1245 1369 1324 1413 vero
1335 1347 1470 1431 perfecti
1481 1349 1643 1427 sunt,illis
1659 1350 1798 1433 mystice

446 1447 599 1531 loquitur.
616 1451 770 1536 Denique
786 1453 946 1535 apostolis
974 1473 1039 1517 non
1058 1452 1255 1536 loquebatur
1271 1453 1364 1536 quasi
1387 1451 1502 1530 turbis,
1518 1454 1575 1516 sed
1602 1453 1798 1517 intrinsecus

447 1552 651 1637 loquebatur.
670 1555 715 1619 Et
732 1557 811 1638 quid
837 1555 941 1622 dicit?
956 1556 1042 1640 ‘Qui
1062 1557 1163 1622 habet
1178 1577 1274 1620 aures
1290 1557 1448 1621 audiendi
1464 1557 1605 1623 audiat'
1631 1557 1723 1641 Ergo
1738 1559 1800 1620 hoc
1823 1573 1854 1610 ιο

446 1667 497 1722 est
521 1660 608 1742 quod
626 1659 716 1738 dicit,
730 1670 763 1723 et
786 1661 889 1744 caliga
906 1661 1091 1726 incircuitu
1117 1661 1208 1726 eins:
1235 1661 1297 1725 hoc
1314 1670 1374 1738 est,
1390 1668 1423 1724 et
1440 1661 1599 1742 mysteria
1614 1660 1647 1724 in
1664 1661 1801 1724 circuitu

447 1764 526 1827 eius.
552 1764 732 1847 Propterea
759 1765 879 1830 dicitur
903 1776 935 1829 et
953 1766 985 1828 in
1011 1766 1155 1830 Exodo:
1181 1767 1246 1830 ‘Et
1262 1764 1382 1842 omnis,
1399 1765 1516 1847 inquit,
1532 1765 1677 1848 populus
1693 1764 1803 1828 stabat

447 1869 602 1932 deorsum
618 1869 773 1952 3M0yses
785 1880 897 1934 autem
909 1870 1000 1934 solus
1010 1871 1177 1952 ingressus
1189 1879 1240 1934 est
1252 1871 1285 1933 in
1297 1877 1446 1934 montem
1459 1869 1541 1935 Sina
1554 1869 1586 1933 in
1600 1868 1804 1952 caliginem!

449 1971 480 2035 N
484 1993 527 2036 on
551 1975 640 2048 enirn
664 1985 796 2057 poterat
818 1975 927 2039 omnis
944 1976 1086 2059 populus
1105 1977 1169 2040 Dei
1185 1977 1268 2040 scire
1284 1976 1443 2060 mysteria
1458 1993 1544 2059 quae
1560 1973 1651 2039 solus
1673 1983 1804 2056 poterat

449 2098 546 2142 nosse
564 2079 708 2162 Moyses.
727 2081 858 2145 Dicitur
873 2081 915 2144 de
932 2080 1026 2144 Deo:
1041 2085 1049 2113 ‘
1068 2081 1184 2144 Posuit
1200 2081 1354 2145 tenebras
1372 2079 1547 2144 latibulum
1564 2097 1670 2142 suum.
1688 2078 1694 2105 ¹
1826 2092 1857 2147 ¹5

492 2183 668 2247 Iustitr'aet
683 2183 840 2248 indicium
855 2184 1002 2248 carrectia
1017 2185 1102 2248 sedas
1117 2183 1194 2248 eiras.
1212 2184 1302 2268 Quid
1320 2183 1390 2248 vult
1407 2184 1526 2261 dicere,
1542 2183 1702 2247 correctio
1718 2184 1806 2249 sedis

450 2287 544 2350 eius?
567 2287 683 2352 debuit
706 2288 824 2366 dicere,
840 2288 1005 2352 stabilitas
1031 2289 1118 2354 sedis
1144 2291 1222 2353 eius.
1240 2288 1389 2373 Quando
1406 2308 1485 2371 ergo
1501 2287 1632 2366 dicitur,
1647 2289 1807 2352 correctio

452 2390 540 2454 sedis
556 2391 635 2468 eius,
650 2393 837 2456 ostenditur
863 2394 1099 2476 quodcumque
1125 2393 1310 2476 corrigitur,
1337 2412 1477 2475 pravum
1500 2392 1603 2457 iuisse
1626 2401 1806 2474 antequam

454 2495 677 2576 corrigeretur.
697 2496 860 2561 Iudicium
887 2517 967 2580 ergo
984 2498 1058 2574 Dei,
1086 2507 1266 2581 antequam
1284 2496 1396 2561 veniat
1413 2497 1455 2560 ad
1473 2495 1698 2573 iudicandum,
1714 2494 1808 2580 quasi

454 2620 592 2681 pravum
610 2601 741 2664 videtur
754 2625 760 2666 :
773 2622 860 2666 nunc
876 2603 1007 2667 videtur
1018 2603 1179 2668 iniustum
1193 2611 1225 2666 et
1243 2621 1382 2686 pravum
1394 2620 1465 2664 esse
1481 2599 1649 2664 iudicium.
1663 2599 1809 2683 Quando
1828 2617 1863 2655 20

454 2704 542 2768 enim
557 2705 660 2787 iniqui
677 2706 829 2770 homines
846 2707 996 2772 ditantur
1012 2717 1044 2771 et
1057 2708 1163 2771 sancti
1174 2715 1434 2789 pauperescunt,
1450 2723 1563 2768 nonne
1579 2704 1710 2768 videtur
1724 2702 1809 2767 iudi·

454 2807 541 2872 cium
560 2809 624 2872 Dei
638 2829 710 2874 esse
726 2817 888 2892 pravum?
905 2811 1051 2895 Quando
1064 2822 1176 2876 autem
1192 2811 1320 2874 venerit
1336 2809 1378 2873 ad
1395 2809 1621 2886 iudicandum,
1635 2816 1674 2871 ut
1691 2808 1809 2871 reddat

456 2913 634 2996 unicuique
657 2916 840 2978 secundum
858 2936 961 2998 opera
984 2936 1053 2992 sua,
1069 2935 1109 2979 eo
1129 2925 1281 2997 tempore
1298 2915 1392 2998 quasi
1421 2913 1604 2995 corrigetur
1620 2912 1715 2974 sedes
1731 2912 1809 2974 eius.

457 3016 612 3100 Denique
629 3019 729 3083 vultis
745 3020 828 3082 scire
845 3021 923 3102 quia
940 3021 982 3084 de
1000 3020 1108 3084 iudice
1124 3019 1270 3083 dicitur?

500 3121 594 3204 Ignis
609 3133 684 3186 aute
709 3123 815 3205 rpeiam
823 3125 997 3207 praecedet.
1023 3127 1142 3208 Ignem
1159 3125 1259 3188 istum
1278 3123 1334 3206 qui
1361 3130 1498 3186 sanctus
1514 3128 1564 3186 est
1592 3139 1658 3185 non
1686 3120 1811 3197 timeat,
1830 3140 1863 3195 25

457 3225 513 3306 qul
531 3237 686 3306 peccator
703 3239 752 3290 est
775 3228 900 3293 timeat.
925 3230 1016 3311 ignis
1034 3230 1095 3292 iste
1111 3238 1246 3292 sanctos
1272 3236 1402 3311 purgat,
1427 3233 1619 3308 peccatores
1635 3225 1812 3289 consumit.

458 3329 552 3412 Ignis
566 3340 641 3394 ante
657 3315 762 3414 ipsum
780 3334 950 3414 praecedet.
967 3338 975 3365 ‘
996 3333 1061 3416 Qui
1080 3332 1159 3396 lacit
1174 3330 1312 3414 angelos
1327 3349 1406 3394 suos
1425 3329 1570 3412 spiritus,
1586 3338 1620 3392 et
1644 3329 1812 3392 ministros

458 3453 535 3496 suos
561 3436 672 3516 ignem
690 3439 890 3502 ardentem’
907 3439 983 3521 Ego
999 3447 1082 3520 puto
1107 3438 1187 3500 istos
1203 3455 1276 3500 esse
1303 3435 1405 3518 ignes,
1422 3433 1485 3496 hoc
1501 3441 1559 3508 est,
1577 3431 1715 3514 angelos
1731 3431 1813 3495 eius.

462 3538 519 3601 Isti
537 3559 616 3622 ergo
632 3541 751 3624 angeli,
766 3543 829 3606 hoc
842 3552 892 3606 est
910 3543 995 3626 ignis
1008 3543 1087 3619 eius,
1103 3540 1303 3624 praecedent
1329 3548 1508 3603 antaeum.
1528 3536 1587 3599 lsti
1600 3535 1710 3620 angeli
1727 3555 1811 3618 quos

452 3694 455 3700 Ι
491 3727 666 3792 aSarapium]
681 3731 705 3779 H
723 3744 731 3778 1
746 3748 778 3780 m.
796 3730 1338 3797 BCG3Saraplrian83SerapiumHsup.
1352 3727 1453 3785 lin.A;
1470 3725 1584 3790 Serapim
1597 3723 1621 3790 β
1703 3725 1813 3773 Alexan·

458 3809 527 3869 dreit]
538 3811 701 3860 Alexandria
709 3813 737 3863 C.
807 3821 876 3876 7aut
887 3815 915 3864 iu
927 3815 1034 3876 Iuntina]
1043 3820 1126 3863 autern
1136 3815 1164 3862 in
1174 3813 1271 3862 lumine
1281 3811 1353 3861 BCP.
1421 3807 1592 3873 8sr'mplicius]
1601 3805 1748 3870 simpliciter
1757 3803 1811 3872 βΗ.

462 3903 489 3953 ¹3
502 3891 531 3938 iu
543 3894 659 3955 errantem]
672 3895 700 3942 in
713 3904 793 3946 nrarrte
805 3897 856 3947 SG.
952 3899 979 3946 iu
992 3895 1135 3961 caliginem]
1147 3897 1175 3944 in
1186 3896 1293 3958 caligine
1307 3891 1350 3961 βΗ
1355 3895 1381 3942 P.
1480 3890 1509 3940 18
1520 3889 1666 3952 corrigitur]
1678 3888 1816 3952 carregitnr

459 3971 588 4022 GScorr.
689 3990 721 4037 ²4
732 3978 761 4026 de
773 3975 863 4038 iudice]
880 3980 908 4029 de
925 3981 964 4029 die
983 3979 1078 4027 iudicii
1094 3975 1117 4045 β.
1221 3975 1252 4024 28
1269 3973 1406 4035 ardentem]
1427 3979 1538 4024 urentem
1551 3971 1576 4021 S.
1679 3969 1812 4032 29Isti]S

459 4063 536 4118 repet.
550 4071 613 4120 erga.

459 4183 567 4260 quibus
592 4188 717 4265 legimus
746 4190 897 4252 Mandata
926 4193 1047 4252 nubebus
1075 4211 1109 4250 ne
1159 4187 1385 4250 celeberrimum
1410 4188 1490 4248 iussu
1506 4183 1670 4247 Theodosii
1694 4184 1816 4261 impera·

454 4269 566 4344 pluant
578 4281 663 4347 super
676 4291 738 4331 eam
753 4275 879 4344 imbrem,
896 4286 926 4334 et
942 4274 971 4333 in
987 4273 1109 4351 psalmis
1162 4269 1232 4331 toris
1247 4290 1264 4329 a
1278 4269 1449 4347 Theophilo
1474 4267 1616 4344 episcopo
1630 4266 1812 4336 subversum,

467 4349 579 4410 Veritus
593 4360 644 4410 tua
660 4373 746 4429 nsque
759 4357 801 4414 ud
813 4359 898 4415 arrhas
912 4358 927 4414 ’.
1162 4352 1304 4428 aliudque
1320 4350 1359 4409 ibi
1375 4369 1444 4410 vero
1461 4353 1528 4409 Deo
1543 4347 1674 4407 dicatum
1690 4359 1742 4407 est.

502 4451 528 4501 4.
545 4433 691 4493 destruxit
705 4435 879 4518 Serapium]
898 4440 943 4497 De
962 4453 1023 4512 quo
1040 4433 1112 4494 Hie·
1208 4453 1250 4491 ro.
1269 4429 1386 4512 audiat]
1403 4435 1475 4491 Luc.
1492 4435 1520 4504 8,
1537 4433 1561 4488 8.
1787 4431 1788 4434 ’

461 4530 601 4588 ronymus
627 4515 657 4574 in
677 4535 722 4593 ep.
753 4537 818 4592 roy,
846 4539 873 4580 n.
902 4537 918 4576 a
944 4519 1031 4577 ‘Iam
1057 4519 1112 4575 Ae·
1208 4535 1251 4574 12.
1268 4512 1472 4594 inExada]c.
1495 4532 1537 4588 19.

461 4594 578 4671 gyptius
592 4597 708 4674 Serapis
724 4601 819 4659 lactus
834 4611 878 4660 est
903 4598 1079 4659 christianus
1095 4599 1109 4656 ’.
1209 4614 1250 4672 ¹5·
1268 4593 1365 4675 suum]
1384 4598 1426 4653 Ps.
1449 4612 1492 4668 17,
1514 4613 1558 4651 12.

463 4678 552 4736 Anno
567 4679 634 4738 circ.
647 4682 705 4757 389
720 4683 864 4760 templum
878 4681 951 4742 illud
966 4691 1030 4742 toto
1041 4679 1112 4739 orbe
1207 4681 1250 4737 28.
1268 4673 1427 4760 ardentem]
1444 4679 1491 4734 Ps.
1510 4693 1574 4752 103,
1590 4693 1616 4748 4.
