4160 5500
519 383 546 464 6
884 402 910 456 s
948 401 1199 462 rrruuournr
1232 397 1497 464 pressurum

518 618 648 681 gamus,
665 611 700 664 ut
714 601 776 666 ibi:
793 609 799 633 ‘
817 601 920 666 Dabit
931 603 960 666 ei
978 604 1071 667 Deus
1084 604 1242 666 thronum
1256 603 1368 667 David
1381 604 1484 685 patris
1500 607 1575 671 sui'.
1592 608 1637 670 Et
1648 605 1727 669 alibi
1744 633 1751 670 z
1767 607 1870 671 ‘Cum

518 703 646 767 iustitia
662 715 882 787 praeparatur
898 706 1038 770 thronus
1054 707 1261 790 principatus
1273 707 1288 770 ’.
1310 707 1351 771 Et
1367 731 1373 771 :
1391 708 1556 792 ‘Quando
1580 730 1639 774 rex
1656 710 1764 775 iustus
1780 711 1870 774 sede·

518 807 561 870 rit
577 828 676 892 super
692 809 851 874 thronum
865 811 880 876 ’.
900 811 1066 876 Dominus
1089 812 1122 874 in
1139 811 1268 893 templo
1284 823 1402 876 sancto
1427 833 1497 886 suo,
1524 814 1690 879 Dominus
1716 806 1871 879 incaelo

517 911 613 974 sedes
630 913 709 979 eius.
728 915 921 998 Antequam
946 935 1143 998 corporeum
1168 915 1332 997 templum
1360 937 1380 981 a
1406 917 1589 983 Salomone
1614 929 1871 992 construeretur,

517 1014 580 1079 scit
593 1017 758 1100 propheta
774 1019 938 1101 templum
958 1020 1097 1084 Domini
1111 1019 1260 1102 spiritale
1276 1031 1309 1084 et
1325 1020 1358 1084 io
1387 1023 1481 1086 caelo
1506 1023 1664 1087 thronum
1693 1025 1774 1088 eius.
1803 1023 1869 1088 Ubi
1889 1041 1901 1095 3

517 1120 697 1202 quaeritur,
714 1123 884 1204 quomodo
900 1123 979 1187 alibi
1004 1125 1136 1189 dicatur
1162 1123 1320 1188 ‘Caelum
1339 1125 1419 1188 mihi
1448 1127 1588 1191 thronus
1614 1138 1666 1192 est
1683 1127 1696 1191 ’.
1724 1127 1870 1210 Quando

517 1223 549 1287 in
567 1223 659 1287 caelo
675 1225 815 1289 thronus
832 1237 881 1290 est
900 1229 1048 1305 Domini,
1066 1228 1206 1293 thronus
1233 1229 1303 1293 eius
1319 1229 1546 1296 circumdatur
1561 1233 1664 1309 caelo,
1677 1242 1709 1296 et
1725 1233 1759 1294 in
1777 1241 1871 1314 parte

517 1327 598 1394 caeli
615 1329 756 1394 thronus
779 1340 829 1394 est
852 1332 1163 1415 Domini3quando
1179 1332 1309 1397 caelum
1333 1343 1385 1399 est
1410 1336 1551 1400 thronus
1580 1335 1732 1411 Domini,
1759 1345 1868 1398 toturn

516 1432 644 1497 caelum
662 1434 694 1496 in
711 1436 870 1500 thronum
889 1437 1027 1500 Domini
1045 1437 1193 1501 vertitur.
1211 1437 1267 1500 Ex
1284 1458 1351 1520 quo
1368 1441 1552 1504 secundum
1570 1437 1734 1530 &eupropio
1754 1439 1869 1502 Domi-

516 1564 576 1608 nus
592 1545 748 1609 habitans
765 1547 796 1609 in
810 1547 938 1628 templo
951 1557 1068 1610 sancto
1080 1567 1150 1624 su0,
1163 1547 1195 1610 id
1210 1557 1270 1625 est,
1286 1549 1318 1612 in
1341 1549 1455 1612 anima
1470 1549 1645 1626 credentis,
1656 1559 1714 1612 aut
1727 1549 1760 1611 io
1772 1555 1866 1630 parte
1889 1573 1914 1609 ro

516 1648 586 1711 eius
602 1648 732 1713 habitat
749 1661 806 1714 aut
824 1651 856 1734 in
873 1661 955 1716 toto.
973 1651 1119 1735 Quando
1136 1652 1245 1715 adhuc
1262 1651 1436 1734 inperfecti
1456 1673 1580 1730 sumus,
1602 1665 1636 1716 et
1660 1663 1711 1716 est
1727 1653 1760 1715 in
1772 1651 1867 1716 nobis

516 1760 549 1814 et
559 1753 638 1816 boni
652 1753 775 1837 aliquid
788 1765 820 1818 et
835 1755 923 1833 mali,
935 1756 966 1818 in
985 1765 1078 1839 parte
1094 1766 1226 1820 tanturn
1243 1759 1375 1821 animae
1391 1764 1525 1822 nostrae
1541 1757 1673 1821 habitat
1691 1757 1793 1833 Deus,
1805 1757 1868 1820 hoc

516 1867 567 1919 est
584 1856 616 1919 in
634 1858 737 1924 caelo.
754 1857 901 1940 Quando
916 1880 995 1923 vero
1022 1863 1247 1925 consummati
1261 1871 1292 1925 et
1310 1861 1447 1944 perlecti
1464 1881 1589 1937 sumus,
1604 1861 1667 1926 toti
1685 1861 1718 1924 in
1736 1860 1867 1925 habita·

516 1959 628 2023 culum
644 1962 707 2024 Dei
725 1963 895 2042 vertimur,
910 1974 943 2028 et
959 1963 1121 2028 efficimur
1136 1964 1265 2028 caelum
1283 1965 1423 2029 thronus
1449 1967 1527 2030 eius.
1545 1966 1726 2049 Templum
1753 1975 1867 2029 autem

516 2065 649 2146 proprie
667 2065 741 2132 Dei.
757 2077 815 2131 aut
832 2068 1000 2132 Dominus
1017 2077 1131 2132 noster
1147 2079 1180 2132 et
1198 2069 1353 2134 Salvator
1381 2071 1594 2152 intellegitur,
1619 2071 1676 2154 qui
1702 2071 1748 2135 ait
1774 2071 1868 2152 ‘Ego
1888 2093 1911 2144 ις

516 2167 547 2229 in
566 2169 664 2232 Patre
680 2181 713 2235 et
732 2173 830 2235 Pater
846 2173 879 2235 in
898 2173 969 2235 me'
985 2197 992 2235 ε
1008 2183 1066 2236 aut
1080 2172 1107 2234 is
1124 2173 1226 2236 homo
1242 2175 1299 2257 qui
1327 2195 1347 2237 a
1375 2174 1551 2239 Salvatore
1578 2177 1779 2258 adsumptus
1807 2183 1866 2250 est,

515 2280 573 2334 aut
590 2275 789 2354 generaliter
801 2276 949 2354 ecclesia,
965 2287 1023 2340 aut
1040 2278 1228 2358 specialiter
1244 2279 1473 2363 unusquisque
1489 2293 1692 2345 sanctorum.

562 2376 736 2442 Oculier'us
753 2380 787 2442 irr
797 2391 972 2462 pauperem
989 2381 1171 2463 respiciunt,
1179 2382 1353 2464 palpebrae
1367 2383 1437 2447 eius
1452 2385 1655 2468 interrogant
1660 2385 1755 2468 filios
1765 2385 1866 2448 lrorrrr'·

514 2501 603 2545 num.
622 2481 793 2547 Adversus
810 2505 867 2548 eos
882 2487 939 2568 qui
956 2486 1038 2549 iram
1054 2487 1119 2550 Dei
1135 2495 1168 2550 et
1186 2487 1327 2551 furorem
1345 2488 1541 2570 simpliciter
1557 2489 1737 2572 accipiunt,
1753 2489 1868 2571 palpe-

468 2587 470 2590 ’
515 2584 591 2648 bras
603 2587 741 2651 Domini
755 2599 788 2652 et
804 2590 919 2653 oculos
931 2610 1170 2673 proponamus.
1182 2591 1218 2656 Si
1235 2592 1324 2655 enirn
1337 2591 1393 2656 illa
1404 2591 1645 2683 ἀνθρωποπαθῶς
1659 2594 1867 2675 intellegunt,
1883 2615 1911 2650 ιο

513 2705 546 2758 et
558 2694 641 2758 haec
654 2697 805 2762 similiter
821 2699 971 2781 accipere
986 2710 1158 2782 cogentur.
1171 2701 1270 2785 Quod
1288 2702 1315 2763 si
1332 2702 1514 2766 absurdum
1528 2713 1578 2766 est
1590 2703 1621 2766 in
1636 2703 1787 2767 Domino
1798 2724 1866 2767 orn·

513 2799 688 2882 nipotente
700 2802 814 2865 oculos
825 2813 858 2866 et
870 2802 1046 2885 palpebras
1059 2824 1192 2887 ponere,
1202 2804 1385 2886 spiritalem
1398 2805 1543 2887 aliquam
1555 2807 1865 2890 interpretationem

513 2923 573 2985 pro
589 2905 636 2967 ira
652 2927 787 2989 quoque
797 2917 830 2971 et
841 2907 950 2971 surore
963 2928 1069 2991 aeque
1079 2920 1243 2992 cogentur
1256 2910 1428 2993 inquirere.
1446 2911 1556 2975 Valde
1569 2911 1695 2994 quippe
1706 2912 1868 2994 ineptum,

513 3026 579 3071 non
592 3017 626 3071 et
636 3009 693 3074 illa
706 3021 738 3074 et
753 3011 835 3074 haec
846 3011 898 3074 vel
912 3012 1104 3094 spiritaliter
1116 3013 1168 3077 vel
1181 3013 1356 3078 carnaliter
1368 3015 1792 3098 similiterintellegi.Unde
1806 3017 1866 3078 hoc

535 3191 559 3226 '2
571 3177 688 3241 thronus]
700 3197 764 3231 corr.
778 3199 808 3232 ex
820 3183 921 3232 thronos
933 3184 972 3232 M.
1073 3186 1221 3247 5spr'ritale]
1229 3185 1365 3250 spirituale
1373 3187 1421 3236 OV
1429 3193 1584 3238 constanter.
1685 3188 1745 3252 usq.
1762 3186 1865 3249 Quomlo

512 3261 542 3308 ire
563 3263 628 3311 caelo
649 3264 701 3324 etc]
724 3265 790 3314 Tora
814 3265 931 3329 periodus
954 3267 979 3316 in
1003 3268 1050 3316 OV
1073 3277 1191 3332 corrupta
1213 3277 1250 3318 est
1274 3269 1307 3317 ob
1327 3270 1551 3320 homoeoteleuton
1570 3272 1677 3320 thronus
1692 3278 1728 3320 est
1746 3271 1862 3319 Domini.

513 3343 529 3392 8
539 3347 639 3407 quando
651 3347 746 3396 caelum
757 3354 793 3396 est
804 3348 910 3396 thronus
924 3349 1042 3410 Domini]
1054 3350 1102 3399 OV
1114 3368 1121 3408 ;
1133 3351 1232 3414 quando
1243 3366 1301 3400 vero
1311 3353 1407 3400 caelum
1418 3352 1525 3402 thronus
1535 3361 1571 3402 ert
1583 3354 1693 3403 Domini
1703 3354 1731 3402 M
1743 3353 1828 3418 suppl.
1842 3351 1864 3399 ln

514 3442 593 3492 marg.
694 3442 709 3490 9
722 3425 871 3497 ἀναγωγήν]
892 3431 1044 3480 ΟΝΛΩΤΗΝ
1056 3433 1113 3482 cod.
1128 3433 1167 3491 V;
1180 3433 1340 3484 interuallum
1352 3451 1458 3484 vacuum
1470 3435 1495 3485 in
1509 3436 1542 3486 Ο.
1646 3450 1675 3486 ro
1683 3435 1812 3498 habitans]
1822 3434 1847 3482 M
1859 3450 1866 3491 ;

513 3511 612 3560 habitat
622 3511 677 3561 OV.
783 3525 807 3561 11
822 3513 963 3576 inperfecti]
976 3513 1023 3562 OV
1035 3532 1043 3573 ;
1055 3517 1085 3564 in
1093 3519 1214 3579 projectu,
1229 3533 1246 3564 u
1258 3533 1321 3567 corr.
1336 3535 1364 3567 ex
1377 3535 1399 3578 o,
1415 3521 1449 3569 M.
1561 3531 1589 3582 13
1598 3517 1864 3579 consrrmmatelconsu·

514 3597 577 3642 mali
588 3593 663 3642 codd.
768 3606 796 3658 15
808 3596 919 3658 proprie]
925 3599 1046 3660 propriae
1057 3597 1106 3647 OV
1118 3607 1142 3646 et
1154 3597 1190 3647 sic
1198 3599 1353 3662 saepissime.
1456 3601 1485 3650 16
1494 3601 1652 3666 adsumptus]
1661 3607 1793 3664 asumptus
1801 3597 1864 3652 OV;

514 3683 656 3740 assumptus
670 3677 707 3726 M.
843 3690 872 3738 19
885 3679 1024 3740 Adversus]
1036 3680 1083 3728 OV
1096 3699 1103 3738 ;
1115 3681 1249 3730 adversum
1262 3683 1298 3732 M.
1401 3698 1432 3735 20
1437 3685 1618 3749 proponamus]
1637 3685 1663 3732 M
1676 3701 1683 3742 ;
1702 3683 1865 3747 proponimus

514 3767 573 3817 OV.
671 3769 751 3829 enim]
771 3769 884 3826 M;om.
907 3767 963 3818 OV.
1074 3765 1302 3838 ἁνθρωποπαθὼς]
1320 3767 1426 3832 scripsi;
1447 3766 1714 3818 ntupunounouc
1736 3766 1796 3815 cod.
1821 3765 1864 3819 Mt

517 3849 718 3901 nnornuouc
731 3851 787 3900 cod.
802 3851 825 3898 V
836 3869 842 3907 ;
856 3857 928 3898 vacat
939 3850 1009 3901 uocis
1020 3851 1179 3902 intervallum
1194 3853 1218 3902 in
1231 3854 1262 3902 Ο.
1365 3863 1393 3899 21
1404 3849 1532 3914 cogentur]
1545 3851 1573 3897 M
1584 3866 1591 3908 ;
1602 3865 1653 3897 orn.
1676 3848 1731 3898 OV.
1833 3847 1864 3910 rr]

513 3933 596 3996 suppl.
612 3941 699 3996 postea
711 3949 757 3998 sup
770 3933 812 3983 lio.
825 3935 855 3986 V.
958 3947 989 3982 22
997 3935 1098 3998 ponere]
1110 3952 1160 3985 orn.
1185 3937 1222 3994 M,
1235 3941 1389 4000 quapropter
1406 3941 1533 3983 corrector
1551 3931 1673 3981 sermonis
1691 3930 1782 3980 seriem
1802 3931 1864 3980 inter

514 4012 593 4064 lineas
616 4025 696 4065 marte
718 4032 764 4067 suo
784 4019 910 4080 restituit;
929 4023 952 4070 O
973 4021 1077 4070 verbum
1089 4019 1172 4083 suppl.
1187 4017 1213 4066 in
1227 4033 1312 4082 marg;
1332 4025 1425 4081 pomero
1436 4015 1466 4064 V.
1579 4027 1610 4074 24
1621 4014 1663 4063 vel
1670 4030 1691 4063 r.
1705 4015 1745 4062 ml
1753 4013 1788 4076 e.]
1800 4014 1863 4071 OV;

513 4097 667 4159 spiritaliter
677 4104 701 4146 et
710 4101 849 4150 carnaliter
861 4103 897 4151 M.
1003 4101 1085 4164 Unde]
1096 4100 1183 4165 scripsi
1196 4119 1202 4159 3
1215 4117 1249 4149 an
1260 4101 1289 4150 de
1302 4101 1329 4148 M
1341 4118 1347 4157 ;
1359 4115 1394 4146 an
1406 4099 1463 4156 OV,
1478 4104 1539 4147 nota
1549 4097 1586 4146 isa
1599 4113 1730 4162 perperam
1743 4099 1816 4148 lecta.

561 4251 582 4287 r.
600 4227 664 4311 soi]
682 4233 754 4294 an.
777 4257 799 4308 r,
817 4257 864 4312 3²·
1216 4233 1316 4293 Alium
1334 4234 1432 4291 locum
1448 4233 1544 4290 adfert
1568 4233 1608 4290 H.
1635 4233 1770 4305 Goelzer,
1790 4232 1862 4294 lati-

556 4331 581 4370 2.
583 4314 784 4397 principatus]
795 4321 877 4377 Prov.
889 4321 972 4386 rore
983 4319 1059 4377 iuxta
1069 4320 1162 4375 Lxx.
1216 4316 1277 4374 nite
1292 4317 1332 4374 de
1347 4316 1375 4373 S.
1391 4313 1522 4390 Jlrdme
1540 4333 1568 4392 p.
1586 4333 1651 4388 ²72·

558 4395 1162 4479 3.rrrr0nom]Prov.20,8iremsec.1.xx.
1257 4400 1282 4454 6.
1300 4393 1354 4475 est]
1372 4397 1408 4454 Is.
1428 4399 1475 4464 66,
1497 4415 1519 4453 1.

558 4496 585 4547 4.
602 4489 766 4554 corporeum
776 4479 925 4562 tenplum]
942 4481 987 4538 Cf.
999 4501 1085 4556 supra
1095 4501 1111 4555 3
1115 4500 1161 4556 μ,
1261 4480 1305 4536 16.
1321 4480 1353 4536 r'rr
1369 4474 1423 4557 rore]
1441 4479 1485 4536 Io.
1506 4497 1550 4548 14,
1573 4497 1614 4535 ro.

517 4561 554 4628 ,36
587 4559 741 4637 ‘relinque
771 4575 882 4638 patrem
912 4567 1112 4638 corporeum’
1134 4577 1163 4621 et
1259 4555 1860 4638 r9.simpliciter·accipiunt]Animumreier

520 4644 585 4713 169,
602 4641 619 4696 6
647 4641 686 4698 ‘si
713 4643 742 4701 in
767 4643 834 4702 navi
864 4657 965 4704 nostra
989 4644 1134 4722 corporali
1147 4645 1161 4702 ’.
1215 4643 1253 4702 ad
1269 4640 1513 4704 Commentariol.
1528 4659 1553 4716 7,
1572 4662 1606 4698 22
1624 4653 1653 4701 et
1669 4657 1716 4718 51,
1737 4663 1779 4702 ra.
