4154 5494
451 401 528 484 166
793 424 848 488 .s.
874 421 1126 483 umuouvnu
1151 421 1417 490 tnesaurum

442 640 603 705 erinaciis.
632 641 698 723 Qui
730 639 867 704 timidus
892 649 951 718 est,
978 638 1140 722 refugium
1169 639 1271 704 habet
1302 649 1457 722 petram:
1486 647 1581 722 petra
1612 648 1724 704 autem
1752 649 1805 704 est

446 744 597 828 Xplstus.

488 847 578 912 Fecit
590 849 705 912 lunam
723 847 757 912 in
773 858 923 931 tempora.
939 848 1055 926 Aiunt,
1078 847 1215 932 quando
1233 848 1351 912 crescit
1366 847 1454 924 luna,
1469 867 1615 912 crescere
1631 858 1665 913 et
1681 848 1805 914 fructus

444 972 570 1029 omnes,
586 963 619 1016 et
636 953 771 1035 quando
788 953 955 1031 minuitur,
971 952 1090 1016 iterum
1113 953 1238 1018 lructus
1261 951 1373 1017 minui.
1392 953 1483 1033 Ergo
1498 951 1696 1030 benedixit,
1713 953 1805 1016 Fecit

446 1055 557 1120 lunam
572 1057 605 1121 in
618 1067 780 1140 tempora.
790 1057 861 1120 Aut
874 1057 969 1122 aliter
983 1055 1217 1139 intellegamus
1229 1056 1341 1121 lunam
1356 1056 1545 1121 ecclesiam:
1556 1057 1588 1120 in
1602 1057 1805 1140 proficiendo
1842 1071 1859 1125 5

444 1162 533 1226 enim
554 1161 738 1240 ecclesiam,
761 1161 951 1244 proficimus
974 1182 1050 1226 cum
1072 1162 1161 1245 ipsa;
1186 1172 1218 1226 et
1242 1182 1318 1227 cum
1341 1161 1605 1244 persecutionem
1628 1162 1752 1245 patitur
1770 1173 1804 1226 et

445 1267 613 1343 minuitur,
628 1276 661 1330 et
678 1286 738 1329 nos
755 1287 830 1330 cum
847 1267 903 1330 illa
920 1267 1101 1331 minuimur
1116 1276 1150 1332 et
1167 1267 1430 1350 persecutionem
1453 1265 1608 1348 patimur.
1626 1265 1803 1350 Solcogna·

444 1370 495 1435 vit
510 1391 654 1434 occasum
674 1391 779 1434 strum.
802 1371 838 1436 Si
860 1370 908 1434 sol
930 1371 1062 1449 occidit,
1082 1391 1143 1434 nos
1164 1381 1320 1453 putamus
1342 1371 1565 1454 nosmetipsos
1586 1373 1805 1456 sempiternos

444 1481 539 1539 esse?
565 1475 602 1538 ln
630 1475 693 1539 hoc
720 1483 832 1538 autem
859 1475 1046 1538 mirandum
1069 1484 1129 1553 est,
1155 1475 1326 1559 quomodo
1350 1483 1482 1538 tantum
1510 1475 1622 1539 lumen
1650 1484 1685 1540 et
1711 1483 1805 1539 tanta

445 1574 586 1652 claritas,
601 1595 687 1659 quae
703 1575 811 1658 operit
827 1575 1016 1639 universum
1035 1576 1197 1640 mundum
1212 1575 1338 1639 lumine
1354 1597 1423 1657 suo,
1440 1579 1472 1643 in
1491 1589 1663 1646 momento
1675 1579 1804 1644 occidit.
1826 1593 1861 1633 ¹0

446 1679 590 1744 Oremus
606 1689 729 1755 autem,
749 1689 784 1743 ut
801 1699 866 1743 non
885 1679 981 1743 nobis
996 1678 1126 1743 occidat
1143 1679 1191 1742 sol
1210 1679 1363 1745 iustitiae.

492 1783 638 1848 Posuisti
662 1782 814 1859 tenebras,
832 1792 865 1846 et
869 1783 968 1863 facta
986 1791 1034 1846 est
1049 1801 1133 1848 nox:
1157 1782 1192 1846 in
1212 1783 1282 1865 ipsa
1290 1785 1542 1866 pertransibunt
1560 1807 1669 1851 amnes
1689 1785 1806 1851 bestia

444 1887 555 1953 silvae.
573 1888 617 1953 Et
632 1888 816 1952 secundum
829 1887 973 1951 litteram
987 1888 1137 1951 ordinem
1151 1887 1269 1952 habet:
1285 1888 1447 1972 quoniam
1463 1889 1538 1954 ideo
1555 1891 1644 1957 iacta
1660 1901 1710 1956 est
1726 1911 1805 1964 nox,

448 2000 484 2056 ut
508 1989 660 2056 homines
682 1991 925 2076 requiescerent
949 1991 992 2056 ab
1017 1991 1172 2074 operibus
1192 1993 1269 2070 suis,
1292 2002 1326 2057 et
1353 1993 1479 2058 bestiae
1504 1995 1738 2077 egrederentur
1761 1996 1803 2059 ad

447 2098 643 2178 pastionem.
666 2097 860 2163 Secundum
883 2095 1106 2179 tropologiam
1129 2107 1253 2174 autem,
1271 2098 1408 2179 quando
1433 2097 1529 2161 nobis
1549 2100 1740 2164 occubuerit
1755 2098 1803 2162 sol
1827 2116 1860 2169 ις

447 2201 601 2280 iustitiae,
616 2201 730 2266 omnia
747 2200 842 2265 nobis
858 2201 1036 2264 tenebrosa
1052 2209 1138 2277 sunt,
1155 2210 1187 2265 et
1204 2210 1283 2265 tunc
1297 2201 1329 2264 in
1348 2221 1408 2266 nos
1421 2210 1654 2284 pertranseunt
1670 2203 1806 2278 bestiae,

448 2313 481 2369 et
498 2305 550 2368 leo
566 2307 707 2388 rugiens,
724 2305 838 2368 volens
854 2323 968 2385 rapere
984 2313 1017 2367 et
1033 2305 1192 2368 devorare
1209 2323 1279 2368 nos.

495 2408 609 2474 Catuli
620 2409 745 2473 leonum
763 2409 933 2490 rugientes,
948 2417 985 2470 ut
1003 2407 1143 2488 rapiant,
1158 2419 1191 2470 et
1207 2416 1370 2491 quaerant
1383 2429 1404 2472 a
1420 2409 1489 2472 Dea
1511 2429 1614 2474 escant
1627 2409 1698 2474 siti.
1716 2411 1806 2473 Bene

448 2515 546 2591 dixit,
560 2535 579 2578 a
594 2515 682 2580 Deo:
698 2516 861 2597 siquidem
879 2522 1013 2577 sanctos
1028 2513 1120 2594 cupit
1136 2513 1296 2594 decipere,
1307 2515 1396 2577 verbi
1413 2515 1529 2596 gratia,
1543 2514 1673 2593 Iudam,
1687 2515 1806 2590 David,

450 2617 675 2696 Salomonem,
694 2621 836 2694 Petrum,
852 2618 936 2680 sicut
952 2618 1112 2698 scriptum
1129 2629 1194 2681 est:
1209 2623 1216 2650 ¹
1230 2618 1336 2681 Escae
1351 2620 1422 2681 eius
1438 2619 1580 2683 electae.¹
1824 2639 1862 2678 ιο

494 2723 596 2788 Ortus
609 2734 657 2787 est
670 2724 725 2800 sal,
740 2733 771 2787 rt
785 2720 971 2804 congregati
983 2729 1068 2784 sunt.
1091 2720 1144 2783 Ne
1161 2720 1308 2785 tristetur
1330 2721 1384 2785 ille
1399 2722 1456 2805 qui
1473 2721 1602 2798 cecidit,
1617 2721 1675 2785 sed
1692 2723 1803 2804 paeni·

449 2829 588 2892 tentiam
606 2837 685 2912 agat
699 2851 706 2892 ε
722 2828 826 2893 oritur
847 2824 892 2888 illi
914 2826 963 2888 sol
980 2825 1134 2898 iustitiae,
1157 2835 1191 2888 et
1216 2825 1347 2908 lugiunt
1362 2826 1405 2888 ab
1428 2844 1468 2888 eo
1489 2843 1606 2888 omnes
1625 2824 1750 2888 bestiae
1771 2833 1804 2886 ct

449 2940 586 3012 peccata
602 2931 682 3007 eius,
698 2941 730 2994 et
754 2931 893 2996 efficitur
909 2933 995 3010 talis,
1016 2931 1123 3015 qualis
1145 2942 1179 2996 et
1204 2942 1281 2996 ante
1299 2933 1368 2998 luit.
1395 2931 1519 2996 lterum
1535 2931 1625 2996 enim
1649 2940 1740 2995 ortus
1756 2941 1806 2994 est

449 3031 497 3095 sol
516 3033 667 3097 iustitiae.

494 3136 609 3202 Exibit
622 3137 713 3202 bonta
732 3140 869 3222 adopts
889 3159 994 3215 suurn,
1010 3137 1102 3202 etad
1117 3137 1328 3220 operationem
1343 3158 1440 3201 snam
1460 3138 1623 3222 usquead
1634 3150 1807 3221 vespernam.
1825 3158 1859 3212 ις

451 3241 631 3324 Postquam
648 3252 759 3307 autem
776 3254 868 3308 ortus
886 3243 983 3307 luerit
998 3241 1046 3306 sol
1065 3241 1220 3320 iustitiae,
1233 3243 1351 3306 iterum
1369 3243 1502 3306 eximus
1518 3243 1560 3308 ad
1577 3243 1805 3325 operationem

450 3356 596 3409 nostram
615 3347 772 3429 usquead
790 3367 974 3429 vesperum,
986 3346 1050 3410 hoc
1062 3356 1122 3424 est,
1135 3366 1239 3428 usque
1253 3345 1295 3408 ad
1313 3345 1645 3410 consummationem.
1663 3343 1806 3428 Oportet

450 3467 529 3530 ergo
547 3469 608 3512 nos
624 3451 714 3513 omni
730 3460 881 3533 tempore
897 3450 1025 3532 operari
1043 3449 1213 3514 iustitiam.

497 3549 604 3628 Quam
622 3553 832 3636 magnificata
851 3563 930 3618 sunt
950 3564 1121 3636 operatua
1141 3552 1290 3617 Domine.
1316 3553 1354 3616 ln
1380 3572 1555 3616 excessum
1573 3551 1694 3616 mentis
1718 3553 1808 3616 venit

451 3657 621 3741 propheta.
652 3657 728 3720 Nou
757 3657 927 3721 inveniens
954 3658 1125 3740 quomodo
1146 3656 1297 3720 laudaret
1326 3655 1521 3731 Dominum,
1550 3656 1665 3720 dixit:
1695 3654 1807 3739 Quam
1826 3681 1861 3732 30

486 3874 495 3910 1
509 3859 639 3920 erinaciis]
650 3861 759 3909 erinacis
771 3859 792 3910 C
810 3875 866 3910 corr
877 3879 884 3920 ς
894 3861 935 3920 ale
946 3861 1004 3910 add.
1019 3876 1077 3925 sup.·
1087 3859 1254 3922 lin.)renaciis
1270 3861 1293 3910 G
1304 3878 1313 3921 ;
1325 3859 1446 3910 erenatiis
1459 3859 1501 3908 BP
1511 3875 1517 3918 ;
1529 3859 1634 3908 etinacis
1646 3860 1673 3910 S.
1753 3871 1768 3922 3
1780 3857 1809 3908 in

451 3943 570 4007 tentpara]
582 3945 611 3991 in
623 3947 727 4006 tentpore
739 3943 792 3990 ΑΡ.
877 3959 978 3994 crescere
989 3941 1022 4004 et]
1033 3943 1145 3992 crescerit
1158 3943 1176 3992 B
1188 3959 1195 4000 ;
1207 3943 1293 3992 crescit
1302 3943 1335 3992 A.
1423 3952 1438 4006 5
1450 3942 1478 3990 in
1491 3937 1610 4006 tempora]
1621 3943 1650 3992 in
1661 3947 1767 4007 tempore
1779 3942 1807 4004 P,

452 4027 547 4078 Ccorr.
632 4023 825 4089 ortlestBCP.
913 4038 938 4075 11
954 4024 1253 4086 nannabi51rronrtasB.
1350 4037 1428 4088 t2sq.
1443 4024 1538 4088 inipso
1552 4022 1740 4087 ...silendum
1755 4024 1806 4074 SG.

454 4108 483 4160 16
495 4111 524 4159 in
536 4108 680 4170 naslb'om.
694 4110 732 4159 in.
820 4121 848 4171 19
859 4105 992 4174 sian'cicm]
1004 4107 1221 4172 codd5quaniam
1235 4105 1259 4172 β.
1352 4105 1422 4155 nerii
1428 4106 1527 4168 gratia]
1536 4107 1695 4166 codd3acri
1703 4107 1770 4156 dicat
1782 4103 1806 4174 β

452 4205 482 4242 22
494 4191 562 4256 agat]
575 4193 592 4242 S
604 4191 678 4242 inser.
693 4197 717 4240 et
727 4192 830 4241 iterum.
931 4201 963 4253 30
968 4189 1100 4254 propheta]
1113 4189 1130 4240 S
1142 4189 1177 4238 ita
1190 4188 1349 4254 prosequitur
1361 4206 1367 4238 ι
1385 4193 1409 4237 et
1420 4201 1470 4236 nan
1482 4187 1581 4237 invenit
1595 4187 1712 4252 quamodo
1724 4187 1810 4238 triento

451 4274 567 4324 laudaret
576 4273 658 4323 deuna

495 4461 518 4500 1.
534 4447 577 4502 est
589 4437 723 4520 Xprstns]
742 4459 753 4499 1
772 4439 842 4501 Cor.
863 4458 906 4512 10,
923 4459 950 4512 4
1157 4437 1338 4513 psalmistam
1363 4445 1488 4515 quaerat
1507 4459 1526 4496 a
1549 4438 1614 4499 Dea
1633 4458 1721 4500 escam
1745 4437 1809 4510 sibi,

495 4542 539 4582 ιο.
560 4517 670 4601 electae]
695 4523 817 4581 Abacuc
835 4540 860 4592 1,
880 4521 924 4592 16,
950 4521 988 4579 ad
1013 4537 1104 4596 quem
1157 4519 1316 4595 prophetas
1340 4519 1511 4580 subvertere
1525 4521 1627 4581 volens
1650 4532 1680 4581 et
1694 4531 1810 4597 sposto-

452 4607 551 4664 locum
577 4605 686 4664 Noster
707 4603 738 4662 in
758 4613 918 4661 comment.
945 4602 1056 4662 ‘Unde
1076 4611 1105 4659 et
1157 4601 1201 4658 los
1212 4603 1227 4660 '.

453 4684 511 4746 cibi
540 4682 603 4748 eius
631 4683 718 4746 electi
749 4698 818 4744 sunt
834 4706 843 4758 ;
872 4695 903 4743 ut
937 4683 1104 4744 secundum
