4112 5496
243 442 313 527 xn]
587 449 956 510 couuunrnnrotr
987 450 1032 509 tu
1064 434 1260 510 essenos,
1548 447 1602 530 33

242 660 462 770 psalmum
494 691 521 745 a
551 663 745 748 Domino
775 665 819 747 in
859 691 982 750 cruce
1022 665 1164 775 posito
1204 662 1430 746 decantari.
1474 661 1603 772 Quod

240 809 388 882 autem
410 799 540 884 habet
561 801 605 884 in
628 802 771 886 medio
794 803 995 886 ‘intende
1012 802 1118 886 mihi
1136 804 1157 903 ’,
1181 802 1224 884 in
1239 801 1433 885 hebraeis
1450 800 1606 885 codici-

244 935 329 1019 bus
360 964 449 1022 non
486 936 685 1042 hebetum
706 953 749 1024 et
781 940 1031 1053 adpositum
1064 968 1165 1024 vox*
1187 939 1368 1022 Domini
1405 938 1604 1039 declarat,

243 1100 358 1186 quae
378 1073 487 1158 illud
508 1077 639 1161 etiam
661 1078 705 1161 in
727 1075 952 1192 evangelio
986 1079 1285 1190 praetermisit.
1320 1080 1469 1187 Longe
1487 1105 1516 1160 a
1535 1103 1607 1160 ra-

204 1256 223 1310 5
245 1212 341 1298 lute
358 1240 455 1299 mea
475 1199 604 1300 verbu
625 1216 879 1302 delictorum
899 1245 1100 1302 meorum.
1123 1217 1286 1328 Aquila
1318 1216 1432 1299 hunc
1463 1216 1606 1299 locum

246 1351 311 1434 ita
326 1351 632 1465 interpretatus
644 1368 727 1440 est:
751 1363 759 1395 ‘
786 1358 936 1468 Longe
955 1385 981 1439 a
1001 1357 1139 1440 salute
1156 1383 1250 1440 mea
1270 1355 1399 1439 verba
1415 1355 1606 1467 gemitus

245 1491 333 1600 mei
356 1491 375 1576 ’.
401 1491 711 1602 Symmachus:
736 1502 744 1535 ¹
766 1495 896 1578 verba
917 1495 1165 1605 mugituum
1181 1520 1374 1577 meorum
1397 1494 1416 1578 ’.
1442 1493 1609 1603 Quinta

244 1639 291 1712 et
326 1641 448 1714 sexta
480 1630 632 1715 editio:
666 1631 827 1716 ‘verba
861 1633 1061 1716 clamoris
1097 1633 1179 1715 mei
1203 1633 1220 1716 ¹.
1260 1634 1320 1715 Et
1357 1643 1422 1715 est
1453 1659 1607 1716 sensus

247 1768 370 1852 iuxta
404 1781 566 1854 ceteros
602 1769 871 1880 interpretes:
906 1771 1106 1855 Gemitus
1138 1770 1221 1854 mei
1252 1783 1382 1881 atque
1412 1781 1605 1871 conatus

190 1953 228 1992 ιο
246 1905 410 2018 quibus
431 1911 600 2020 semper'
629 1909 838 2021 populum
872 1908 1035 1993 Israhel
1058 1909 1223 1993 salvare
1250 1889 1457 2020 quaesivi,
1481 1908 1608 2019 longe

248 2044 350 2128 sacti
372 2057 475 2128 sunt
495 2073 521 2128 a
541 2046 680 2131 salute
702 2074 808 2148 mea,
831 2075 962 2159 quam
980 2046 1141 2160 populo
1157 2047 1343 2131 tribuere
1364 2047 1605 2157 cupiebam:

247 2185 353 2296 quia
368 2185 452 2296 ipsi
466 2187 699 2270 noluerunt
717 2188 898 2298 recipere
915 2188 1153 2272 sanitatem.
1177 2189 1304 2270 quta
1321 2185 1609 2297 Septuaginta

245 2351 352 2410 vero
384 2326 637 2437 interpretes
673 2326 754 2410 iste
790 2354 944 2410 sensus
983 2339 1075 2412 est:
1113 2328 1223 2429 Hoc,
1264 2325 1382 2437 quod
1424 2324 1608 2409 salutem

246 2463 463 2577 deprecor,
486 2465 603 2577 quod
624 2492 692 2549 me
712 2492 950 2577 conqueror
964 2464 1232 2564 derelictum,
1257 2491 1342 2547 non
1365 2491 1416 2547 ex
1437 2462 1609 2574 propria

193 2641 227 2697 ις
246 2591 448 2714 persona¹
468 2604 633 2716 loquor,
671 2605 746 2689 sed
779 2634 831 2690 ex
866 2605 1026 2718 populi,
1065 2605 1188 2689 cuius
1224 2615 1394 2715 peccata
1430 2602 1474 2684 in
1512 2629 1608 2686 meo

246 2767 425 2852 corpore
445 2742 537 2854 ipse
552 2744 732 2856 suscepi.
755 2741 887 2828 Unde
907 2744 1020 2828 dico:
1040 2745 1168 2855 longe
1184 2755 1287 2826 sunt
1306 2769 1333 2824 a
1353 2741 1491 2824 salute
1513 2765 1607 2824 mea

244 2878 379 2964 verba
413 2879 508 2984 ista,
532 2908 642 2992 quae
677 2881 823 2966 fundo,
862 2869 964 2967 Non
1000 2883 1116 2966 enim
1153 2893 1241 2966 tam
1278 2881 1384 2964 mihi
1422 2878 1605 2964 salutem

245 3017 430 3130 postulo,
453 3018 528 3130 qui
553 3021 674 3104 Deus
697 3048 808 3124 sum,
825 3049 957 3132 quam
979 3021 1152 3133 populo,
1168 3021 1242 3133 qui
1266 3019 1404 3103 salute
1426 3018 1602 3130 indiget.

248 3157 455 3241 elamabo
465 3163 554 3269 per
570 3160 696 3261 diem,
718 3166 864 3244 elnon
884 3160 1118 3244 exaudies:
1137 3165 1181 3244 et
1214 3165 1343 3262 nocte,
1380 3162 1424 3240 et
1443 3184 1526 3240 non
1547 3157 1613 3240 ad

190 3335 227 3373 ω
245 3295 548 3405 insipientiam
588 3299 708 3382 milri.
755 3299 806 3381 In
847 3299 916 3384 die
956 3296 1148 3411 pendens
1186 3325 1274 3380 non
1313 3294 1542 3380 exauditur
1580 3321 1606 3376 a

247 3433 400 3535 Patre;
437 3448 560 3520 nocte
579 3435 635 3538 ab
671 3435 819 3520 inseris
853 3436 990 3520 victor
1021 3437 1218 3549 resurgit.
1253 3434 1416 3518 Aliter:
1449 3433 1523 3544 qui
1561 3432 1605 3514 in

241 3570 408 3682 gaudio
428 3599 515 3656 uon
537 3572 775 3673 exauditur,
798 3573 1026 3657 exauditur
1058 3575 1101 3657 in
1135 3573 1333 3656 lacrimis.
1370 3571 1502 3657 Unde
1521 3571 1606 3655 ait:

247 3709 355 3794 Non
376 3711 420 3794 in
442 3711 674 3796 stultitiam
709 3712 827 3812 mihi,
852 3712 895 3795 id
931 3725 1007 3814 est,
1031 3741 1117 3797 non
1150 3714 1308 3796 frustra
1328 3710 1519 3795 clamavi.
1546 3710 1607 3794 Et

277 3955 357 4017 utta]
370 3971 420 4007 out.
436 3957 519 4018 E35r'c
528 3955 553 4026 β.
638 3956 945 4021 pirrugituum1ECAM3
976 3961 1118 4022 gemituum
1129 3959 1153 4027 β
1241 3959 1381 4022 tosemper]
1393 3956 1530 4026 ECll30m.
1541 3957 1604 4008 AM.

244 4053 276 4106 15
289 4043 320 4092 in
334 4043 395 4106 meo]
409 4040 516 4110 Ecum
550 4043 579 4092 in
591 4043 671 4092 medio
682 4045 747 4095 Cod.
757 4043 837 4095 sancti
846 4045 964 4094 rimandi.
979 4046 1036 4094 llac
1047 4062 1147 4110 quoque
1159 4052 1245 4094 nostra
1256 4051 1338 4096 aetate
1349 4043 1421 4094 multi
1432 4044 1458 4093 in
1469 4042 1607 4094 Hannonirt

244 4127 254 4154 ⁸
268 4125 352 4177 meins
364 4125 371 4148 '
382 4141 428 4192 pro
441 4129 449 4152 ‘
461 4142 531 4178 meus
543 4123 549 4147 ’
561 4142 692 4192 perperam
705 4127 878 4193 pronuntiant.
981 4126 1010 4176 18
1021 4129 1125 4176 salutem
1138 4127 1234 4190 indiget
1246 4127 1276 4176 E.

285 4341 317 4396 4.
332 4313 548 4400 praetennr'sil]
578 4315 702 4378 Hieron.
733 4316 763 4376 in
792 4318 899 4377 Matth.
952 4316 984 4376 in
999 4317 1063 4394 ipsa
1077 4337 1166 4378 cruce
1180 4318 1240 4377 Eli
1249 4318 1308 4377 Eli
1318 4318 1392 4376 lema
1416 4317 1605 4390 azabathani,

245 4425 298 4480 27,
314 4404 354 4474 ⁴⁶
368 4421 376 4462 t
390 4398 545 4478 ‘illudque
559 4400 640 4476 quod
658 4399 688 4458 in
698 4397 799 4460 medio
814 4399 900 4459 versi·
952 4399 1036 4476 quod
1065 4398 1280 4476 interpretatur,
1300 4400 1382 4459 Deus
1410 4417 1503 4470 meus,
1522 4400 1605 4459 Deus

241 4488 316 4548 culo
330 4480 444 4560 legitur,
457 4480 588 4558 Respice
602 4479 633 4540 in
647 4499 705 4553 me,
718 4481 900 4558 superfluum
953 4499 1047 4551 meus,
1062 4499 1155 4556 quare
1169 4499 1218 4541 me
1232 4478 1415 4556 dereliquisti
1430 4482 1444 4540 Ρ
1459 4499 1519 4539 non
1536 4491 1567 4539 ut
1589 4499 1607 4540 a

241 4579 300 4632 est.
331 4560 451 4641 Legitur
474 4562 556 4625 euim
583 4561 615 4622 in
643 4561 793 4624 hebraeo:
816 4564 899 4622 Deus
952 4562 1146 4640 Septuaginta
1168 4561 1298 4639 positum
1324 4571 1377 4634 est,
1402 4563 1493 4634 Deus,
1523 4561 1606 4621 Deus

241 4667 343 4720 meus,
359 4645 443 4706 Deus
454 4663 547 4717 meus,
563 4661 655 4721 quare
675 4661 724 4705 me
742 4642 899 4721 dereliqui·
952 4661 1045 4717 meus,
1061 4643 1176 4722 respice
1191 4643 1221 4703 in
1243 4662 1300 4716 me,
1314 4661 1407 4720 quare
1429 4661 1478 4702 me
1502 4641 1606 4703 dereli-

242 4731 311 4795 sti?
324 4731 342 4790 ’.
358 4727 445 4788 Idem
455 4739 560 4787 contra
570 4725 680 4786 Ruffin.
699 4725 742 4798 11,
760 4745 820 4802 34:
836 4729 844 4760 ‘
859 4727 898 4785 Et
951 4724 1067 4803 quisti?
1082 4727 1088 4753 ¹

298 4855 651 4902 munuum-r.
664 4856 708 4898 111.
1544 4865 1556 4902 5
