4158 5492
630 447 886 509 TRACTATUS
909 447 967 506 DE
989 449 1156 510 PSALMO
1181 449 1291 508 LXVI.
1590 443 1638 524 31

287 671 368 734 hora
389 667 607 731 excludimur.
626 664 796 748 Quoniam
817 674 928 729 autem
947 665 1186 730 nudiustertius
1201 666 1244 729 de
1260 664 1423 746 principio
1439 659 1643 752 κατηχήσεως

288 773 446 848 diximus,
472 780 506 835 et
526 769 672 852 propitio
699 771 774 835 Deo
797 771 839 834 de
861 770 1030 836 Chaldaea
1058 771 1181 854 egressi
1204 771 1284 835 estis
1303 791 1379 834 cum
1407 769 1590 846 Abraham,
1612 779 1645 832 et

291 875 488 941 meministis
519 892 605 955 quae
630 873 847 937 dixeramus:
875 875 1046 955 quomodo
1077 875 1200 956 egressi
1229 876 1308 938 estis
1332 875 1374 938 de
1401 874 1581 949 Chaldaea,
1612 881 1646 934 et

272 979 427 1044 'venistis
444 979 476 1041 in
502 987 625 1040 terram
654 977 929 1060 repromissionis,
956 979 1059 1041 immo
1083 979 1289 1060 promittitur
1316 979 1410 1042 vobis
1426 989 1513 1042 terra
1536 997 1646 1059 repro·

260 1109 274 1160 5
292 1083 466 1150 missionis.
484 1081 638 1164 Denique
654 1092 687 1145 et
702 1081 874 1146 Abraham
892 1091 1070 1163 postquam
1083 1083 1171 1146 venit
1190 1084 1221 1146 in
1234 1093 1355 1146 terram
1374 1081 1647 1165 repromissionis,

292 1188 462 1254 hincinde
487 1187 665 1250 adversarii
695 1197 798 1264 crant,
815 1187 928 1250 hostes
952 1197 1072 1252 terram
1101 1189 1268 1251 tenebant.
1286 1187 1389 1250 Venit
1417 1186 1591 1260 Dominus,
1614 1193 1646 1246 et

293 1290 403 1356 educit
413 1309 489 1352 eum
506 1287 603 1366 foras,
618 1299 653 1352 et
664 1291 759 1371 ponit
774 1289 805 1352 in
824 1300 984 1367 montem,
1000 1301 1033 1354 et
1056 1293 1202 1355 ostendit
1218 1294 1247 1356 ei
1265 1293 1453 1356 universam
1467 1303 1599 1365 terram,
1614 1303 1648 1351 et

293 1396 394 1462 dicit:
410 1399 417 1425 ‘
437 1393 531 1456 Haec
553 1393 668 1456 omnia
683 1392 744 1457 tibi
761 1393 849 1458 dabo
865 1405 899 1458 et
915 1394 1033 1458 semini
1050 1405 1108 1458 tuo
1129 1395 1144 1458 '.
1165 1394 1216 1459 Illi
1241 1395 1402 1478 promisit,
1418 1393 1514 1458 nobis
1540 1393 1647 1458 reddi-

294 1514 385 1567 turus
401 1509 460 1564 est.

253 1699 281 1736 ω
379 1643 382 1646 ’
723 1653 794 1726 ιιι
830 1653 1052 1726 Psntuo
1085 1653 1225 1726 exul.

338 1861 428 1923 Deus
445 1858 638 1920 miserentur
653 1854 742 1918 nobis
761 1865 793 1918 et
812 1857 975 1919 benedicat
991 1876 1053 1920 uos.
1073 1857 1149 1920 Non
1169 1868 1279 1922 noster
1295 1859 1398 1921 iudex
1412 1857 1464 1934 sit,
1479 1858 1538 1920 sed
1553 1856 1649 1920 mise·

296 1968 403 2030 ricors.
420 1959 822 2026 Derrsmisereaturnobis.
840 1960 919 2024 Vox
933 1960 1161 2043 apostolorum
1173 1971 1223 2025 est
1240 1961 1447 2046 loquentium
1464 1962 1506 2025 ad
1518 1961 1649 2044 plebem

296 2071 338 2135 de
359 2065 516 2151 gentibus
539 2073 799 2146 congregatam:
817 2064 1013 2129 Credidistis
1038 2065 1174 2148 quidem
1192 2066 1233 2130 ad
1258 2086 1375 2129 vocem
1393 2075 1551 2142 nostram,
1574 2086 1650 2128 ecce

298 2171 435 2238 ecclesia
461 2168 544 2232 haec
570 2180 774 2251 congregata
800 2179 851 2233 est
877 2169 910 2231 in
937 2169 1072 2232 nomine
1099 2169 1185 2247 Dei;
1213 2179 1388 2252 propterea
1411 2189 1472 2233 nos
1498 2170 1651 2246 dicimus,

255 2303 282 2355 ις
298 2273 391 2342 Deus
408 2274 602 2338 misereatur
629 2270 725 2335 nobis
746 2278 779 2332 et
806 2269 981 2333 benedicat
1010 2288 1080 2346 nos,
1107 2279 1142 2331 ut
1170 2269 1438 2334 maledictionem
1457 2269 1599 2353 primam
1617 2271 1648 2334 in
1703 2294 1704 2300 ¹

298 2381 467 2446 hominem
492 2395 552 2440 sua
576 2375 807 2438 benedictione
826 2371 997 2436 dissolvat.
1020 2371 1200 2435 inluminet
1214 2373 1341 2437 uultum
1364 2395 1461 2438 suum
1476 2385 1571 2456 super
1586 2396 1649 2439 nos.

301 2485 378 2550 Non
395 2482 488 2545 illurn
505 2479 633 2544 tristem
644 2479 827 2554 videamus,
842 2476 900 2540 sed
915 2477 1133 2559 gaudentem:
1150 2499 1215 2542 non
1231 2478 1322 2542 illum
1336 2479 1465 2544 tristem
1477 2479 1650 2543 videamus

300 2585 494 2672 inpeccatis
522 2581 652 2657 nostris,
672 2583 731 2645 sed
759 2581 962 2664 gaudentem
989 2579 1245 2645 invirtutibus:
1271 2602 1337 2646 non
1364 2603 1439 2646 eum
1467 2583 1650 2648 sentiamus
1759 2567 1762 2574 Δ

302 2693 453 2768 iudicem,
468 2688 527 2752 sed
546 2697 683 2770 patrem.
703 2685 883 2749 Inluminet
901 2685 1028 2748 vrrltrrm
1049 2705 1145 2746 suum
1161 2697 1257 2768 super
1282 2707 1345 2750 uos.
1364 2687 1426 2749 Dei
1452 2685 1551 2749 iacies
1567 2705 1654 2768 quae

254 2829 286 2865 ιο
302 2801 374 2861 est?
401 2794 515 2876 utique
531 2792 643 2873 imago
668 2790 746 2853 eius.
764 2789 855 2854 Dicit
880 2790 968 2852 enim
991 2798 1024 2851 et
1040 2788 1223 2870 apostolus,
1246 2788 1426 2872 imaginem
1453 2788 1559 2852 Patris
1581 2809 1652 2850 esse

303 2901 433 2965 Filium.
451 2899 542 2980 Ergo
559 2893 704 2976 imagine
716 2915 776 2958 sua
793 2915 853 2957 nos
870 2892 1055 2968 inluminet,
1071 2891 1134 2956 hoc
1149 2904 1209 2973 est,
1222 2895 1402 2978 imaginem
1419 2915 1512 2957 suam
1533 2893 1652 2956 Filium

304 3004 477 3068 inluminet
492 3019 591 3082 super
604 3018 674 3074 nos,
691 3007 726 3060 ut
746 3007 779 3059 et
795 2997 866 3078 ipse
882 3017 943 3060 nos
964 2994 1147 3060 inluminet.
1166 2997 1243 3061 Lux
1261 2999 1350 3062 enirn
1370 2998 1485 3075 Patris,
1502 2997 1560 3060 lux
1579 2997 1653 3060 Filii

304 3119 361 3175 est.
381 3105 448 3190 Qui
464 3105 555 3168 videt
569 3103 711 3176 Patrem,
727 3101 818 3164 videt
833 3109 866 3162 et
884 3099 1005 3162 Filium
1019 3121 1027 3177 ;
1048 3102 1153 3183 etqui
1171 3101 1261 3165 videt
1278 3101 1411 3177 Filium,
1426 3101 1517 3165 videt
1540 3113 1573 3164 et
1592 3101 1652 3164 Pa·

303 3224 385 3279 trem
400 3237 407 3275 :
422 3210 479 3274 ubi
497 3207 586 3272 nulla
602 3204 761 3270 distantia
777 3213 828 3267 est
845 3204 930 3267 inter
946 3204 1086 3285 gloriam
1103 3213 1136 3268 et
1153 3205 1304 3286 gloriam,
1321 3215 1461 3288 uterque
1477 3216 1527 3269 est
1542 3205 1657 3287 gloria.

338 3417 348 3454 t
361 3398 531 3459 excludirurrr]
542 3395 687 3446 excluditur
699 3393 718 3440 B
730 3407 793 3440 corr.
808 3391 839 3438 A.
952 3386 1139 3456 κατηχήσεως]
1157 3390 1324 3450 rechesham,
1343 3391 1501 3440 mmmmm
1517 3392 1583 3441 codd
1596 3409 1602 3450 ἱ
1620 3402 1659 3442 m

305 3489 361 3538 iaec
371 3503 407 3536 ror
419 3487 485 3549 Aug.
587 3493 601 3527 2
618 3477 651 3538 rt]
668 3484 726 3524 ante
749 3473 899 3522 meministis
911 3473 976 3535 Aug.
991 3473 1009 3522 S
1021 3490 1028 3530 ;
1046 3488 1097 3521 orn.
1115 3473 1191 3522 BCG.
1293 3477 1397 3535 4imum
1451 3477 1659 3538 repromissionis]

305 3587 353 3622 om.
369 3571 433 3632 Aug.
447 3566 503 3616 CG.
605 3557 741 3624 yporril]S
758 3556 816 3604 add.
830 3570 895 3602 eum.
997 3551 1082 3616 Slllr']
1100 3553 1151 3602 illis
1164 3555 1217 3604 BG.
1280 3557 1443 3628 ¹proruisti]
1461 3558 1603 3620 repromisit
1620 3558 1659 3616 C;

306 3653 429 3712 menrittit
440 3649 472 3698 A.
577 3656 606 3692 ιο
619 3649 663 3690 DE
671 3645 802 3688 PSALMO
812 3635 903 3696 LXVI]
921 3636 944 3684 H
949 3636 971 3685 ic
984 3643 1103 3686 tractatus
1120 3645 1201 3687 exstat
1213 3637 1238 3686 in
1253 3639 1380 3687 Breviario
1396 3639 1445 3687 col.
1469 3639 1529 3700 1069
1547 3655 1601 3703 sqq,
1616 3639 1660 3688 sed

307 3734 398 3801 passim
410 3730 582 3794 interpolatus.
670 3737 695 3773 ιι
716 3721 807 3782 noster]
824 3720 909 3779 codd;
926 3718 1008 3768 nostri
1025 3716 1048 3784 β.
1138 3720 1307 3780 t4lrrrerlom.
1325 3721 1351 3769 B.
1439 3719 1714 3796 rsiniromirrem1'

309 3819 350 3870 SG
363 3817 419 3878 (ult.
432 3813 517 3866 litters
529 3819 615 3876 postea
627 3823 698 3858 erasa
709 3813 746 3856 est
758 3804 783 3854 in
797 3805 839 3863 S);
858 3803 886 3851 iu
898 3803 998 3850 lumine
1010 3801 1034 3868 β.
1136 3815 1168 3852 2ο
1179 3803 1243 3865 eius]
1260 3803 1300 3852 dri
1311 3802 1343 3852 G.
1446 3813 1474 3852 21
1494 3801 1615 3866 imagine]
1634 3803 1662 3852 in

308 3900 418 3963 imagine
427 3895 457 3946 C.
559 3905 590 3942 22
601 3891 634 3952 et]
648 3889 692 3939 BG
704 3907 711 3948 ;
724 3903 774 3937 om.
791 3885 836 3954 βὸ.

351 4087 374 4127 ι.
398 4065 431 4124 de
443 4059 590 4141 principio
617 4059 794 4133 κατηχήσεως
815 4051 958 4136 diximus]
1010 4053 1142 4115 invenire
1156 4052 1250 4132 potui;
1259 4051 1426 4114 orationem
1442 4070 1511 4112 vero
1526 4049 1556 4110 in
1568 4052 1660 4110 Marc.

311 4143 509 4225 Peregrinatio
524 4141 632 4203 Silviae
661 4160 671 4198 r
703 4140 772 4199 edit
798 4155 825 4214 p.
853 4139 957 4214 1056:
1014 4157 1059 4208 rr,
1081 4153 1298 4214 rssqq.quam
1325 4133 1420 4212 pridie
1435 4133 1451 4193 i.
1469 4154 1493 4194 e.
1510 4131 1662 4193 dominica

310 4230 381 4292 ‘sic
395 4228 572 4288 inchoansa
595 4225 715 4284 Genese
739 4239 791 4298 per
804 4219 870 4279 illos
895 4218 959 4279 dies
1011 4219 1049 4277 ad
1074 4228 1280 4296 competentes
1303 4219 1330 4278 S.
1350 4219 1437 4276 Pater
1462 4215 1573 4286 habuit,
1595 4225 1663 4294 post

310 4307 503 4392 quadraginta
514 4315 665 4385 percurret
676 4321 781 4363 ornnes
792 4300 958 4378 scripturas,
1012 4311 1153 4360 tractatus
1168 4299 1197 4357 in
1210 4301 1340 4376 psalmos
1354 4297 1429 4358 intra
1444 4297 1580 4374 reperies.

310 4395 437 4474 primum
451 4407 605 4467 exponens
616 4384 780 4457 carnaliter,
795 4383 876 4444 etsie
887 4383 961 4442 illud
1054 4385 1080 4441 8.
1096 4375 1270 4462 semr'rrr'mo]
1283 4381 1357 4441 Gen.
1378 4399 1422 4452 12,
1442 4397 1466 4454 7.

311 4479 426 4538 solvens
441 4468 667 4550 spiritualiter...
683 4468 740 4526 hoc
751 4475 851 4525 autem
863 4464 962 4524 cathe·
1058 4483 1100 4540 ¹9·
1117 4463 1269 4542 dissolvat]
1284 4463 1329 4521 Cf.
1347 4481 1434 4537 supra
1446 4481 1473 4537 p.
1492 4480 1517 4533 2,
1531 4463 1547 4520 l.
1569 4479 1612 4518 rr.

311 4557 379 4620 ciris
406 4554 572 4634 appellatur
599 4553 614 4610 ’.
639 4551 814 4609 Tractatum
837 4545 960 4624 quidem
1056 4565 1100 4604 20.
1117 4541 1310 4623 importatas]
1328 4564 1342 4602 r
1359 4544 1428 4604 Cor.
1443 4562 1470 4614 4,
1487 4563 1505 4615 4
1516 4565 1524 4618 3
1548 4541 1662 4604 Coloss.

314 4633 491 4716 Hieronymi
520 4635 558 4694 de
588 4628 735 4710 principio
770 4630 961 4688 catecheseos
1017 4647 1041 4700 r,
1062 4647 1071 4684 ι
1079 4645 1103 4704 5.

312 4741 363 4784 seu
391 4722 430 4782 de
465 4715 623 4778 vocatione
653 4711 790 4774 Abrahae
826 4709 961 4770 nondum
1056 4728 1070 4766 2
1076 4730 1101 4786 3.
1112 4716 1140 4769 et
1149 4705 1282 4788 Patrem]
1295 4707 1338 4768 lo.
1360 4727 1404 4780 14,
1421 4725 1447 4784 9.
