4202 5492
461 415 514 501 72
832 417 860 476 S.
885 413 1140 475 HIERONYMI
1164 412 1427 474 PRESBYTERI

460 633 534 696 crisi
562 632 690 716 accepit
712 631 885 713 baptisma.
908 629 1120 713 Quicumque
1147 621 1236 712 ergo'
1255 631 1287 693 in
1317 629 1484 712 hypocrisi
1501 629 1622 712 accipit
1638 628 1815 712 baptisma,

462 737 523 800 iste
540 737 702 819 probatur
716 737 758 799 ad
781 754 903 817 aquam
920 733 1201 799 contradictionis.

503 841 599 906 Audi
605 840 745 924 populns
759 861 857 916 meus,
872 850 904 902 et
919 836 1113 922 testificabor
1122 849 1160 903 te.
1178 838 1284 902 Nobis
1297 838 1443 921 loquitur
1454 840 1555 904 Deus.
1568 839 1814 923 Quodcumque

459 947 584 1031 populo
600 947 698 1023 dixit,
713 945 814 1011 etiam
832 943 928 1008 nobis
945 943 1099 1026 loquitur.
1116 941 1253 1020 lualid,
1269 943 1302 1006 si
1315 942 1435 1006 audias
1451 963 1508 1009 me.
1525 943 1616 1027 Quid
1633 943 1765 1027 quaeris
1777 949 1815 1008 ut

460 1053 621 1116 audiam?
638 1051 824 1116 Videamus
839 1049 919 1132 quid
938 1049 1128 1132 praecipiat.
1146 1048 1222 1112 Non
1237 1047 1303 1112 erit
1324 1047 1359 1111 in
1386 1055 1416 1112 te
1429 1048 1509 1111 deus
1523 1067 1636 1112 recens.
1653 1048 1716 1112 Cui
1732 1049 1814 1112 deus
1849 1061 1864 1115 5

460 1167 576 1220 venter
590 1166 649 1230 est,
666 1157 748 1218 deus
774 1155 804 1217 ei
829 1171 942 1216 recens
965 1161 1023 1214 est.
1040 1149 1279 1234 Quotcumque
1302 1151 1384 1214 vitia
1401 1151 1573 1228 habemus,
1587 1163 1816 1236 quotcumque

460 1268 607 1343 peccata,
622 1269 673 1324 tot
689 1270 837 1324 recentes
865 1256 1027 1320 habemus
1054 1257 1146 1320 deos.
1164 1256 1274 1320 Iratus
1290 1275 1379 1320 sum:
1396 1257 1443 1319 ira
1462 1255 1542 1318 mihi
1559 1255 1642 1319 deus
1657 1265 1718 1320 est.
1733 1253 1814 1318 Vidi

461 1360 642 1436 mulierem,
661 1370 694 1423 et
709 1359 907 1442 concupivi:
930 1359 1034 1424 libido
1058 1360 1138 1424 mihi
1162 1361 1244 1424 deus
1269 1369 1329 1424 est.
1348 1359 1588 1442 Unusquisque
1610 1359 1700 1423 enim
1723 1360 1813 1443 quod

460 1465 552 1546 cupit
562 1473 596 1528 et
609 1471 792 1541 veneratur,
807 1464 870 1528 hoc
883 1464 929 1528 illi
940 1474 973 1528 et
990 1466 1072 1528 deus
1082 1473 1141 1528 est.
1153 1463 1286 1528 Avarus
1296 1483 1413 1528 aurum
1427 1463 1528 1528 deum
1539 1463 1649 1528 habet.
1659 1462 1730 1527 Nec
1738 1462 1814 1528 ado·

461 1567 551 1632 rabis
562 1567 670 1630 Deum
681 1567 833 1632 alienum.
851 1567 975 1632 Noster
987 1569 1079 1633 Deus
1093 1568 1198 1634 virtus
1214 1577 1265 1632 est
1277 1591 1284 1633 :
1296 1567 1539 1644 aliorum,vitia
1551 1574 1652 1650 atque
1668 1575 1815 1650 peccata.
1835 1583 1866 1623 ro

504 1671 576 1752 Ego
591 1671 677 1734 euim
692 1671 932 1736 sumDominus
946 1673 1038 1736 Deus
1058 1683 1143 1750 tuus,
1168 1674 1229 1754 qui
1248 1671 1349 1735 eduxi
1363 1670 1444 1734 tede
1466 1680 1554 1736 terra
1577 1670 1726 1754 Aegypti.
1743 1670 1816 1734 Nos

461 1793 576 1838 sumus
592 1774 648 1856 qui
675 1775 786 1839 educti
814 1794 928 1858 sumus
953 1777 995 1840 de
1025 1786 1112 1840 terra
1138 1775 1310 1859 Aegypti:
1327 1775 1353 1838 si
1384 1784 1497 1841 tamen
1524 1775 1700 1850 exivimus,
1726 1774 1754 1838 si
1781 1775 1814 1838 in

462 1877 597 1942 heremo
624 1897 749 1954 sumus,
769 1879 795 1942 si
819 1889 940 1946 terram
959 1882 1223 1965 repromissionis
1238 1883 1391 1965 cupimus
1419 1881 1539 1946 videre.
1561 1881 1598 1948 Si
1624 1881 1816 1964 reliquimus

464 1981 659 2060 Sodomam,
674 2001 740 2046 non
763 1985 977 2066 respiciamus
1001 1988 1042 2051 ad
1058 1987 1242 2052 Sodomam
1256 2009 1263 2050 :
1278 1986 1397 2052 salvati
1410 2005 1525 2049 sumus
1542 1985 1574 2048 in
1598 1995 1721 2052 monte.
1738 1985 1815 2049 Non

463 2087 691 2150 desideremus
714 2085 902 2171 Aegyptias
918 2110 1044 2167 carnes,
1059 2109 1126 2154 non
1154 2090 1321 2153 dicamus:
1338 2089 1449 2172 Quam
1475 2088 1561 2153 bene
1575 2087 1671 2152 nobis
1692 2097 1763 2152 erat
1782 2088 1814 2151 in
1837 2103 1865 2158 ¹5

462 2188 634 2272 Aegypto,
648 2192 785 2272 quando
812 2193 1097 2259 manducabamus
1114 2213 1230 2258 carnes
1253 2193 1285 2257 in
1311 2191 1395 2270 ollis,
1414 2203 1448 2258 et
1461 2195 1539 2271 alia,
1557 2203 1591 2259 et
1615 2213 1824 2287 cucumeres.⁸

462 2294 524 2358 Vis
546 2296 696 2376 accipere
729 2296 867 2359 Domini
894 2298 1010 2362 cibos?
1034 2300 1084 2362 vis
1109 2299 1284 2362 comedere
1309 2298 1418 2380 ipsum
1453 2297 1637 2363 Dominum
1661 2309 1757 2363 tuum
1782 2309 1816 2364 et

464 2395 697 2461 Salvatorem?
712 2397 805 2461 Audi
816 2399 894 2480 quid
907 2401 1005 2466 dicat.
1016 2401 1136 2464 Dilata
1148 2420 1182 2465 os
1193 2410 1296 2477 tuum,
1311 2408 1343 2462 et
1356 2399 1477 2481 inplebo
1492 2399 1582 2464 illud.
1595 2399 1746 2464 Dilatate
1758 2421 1815 2464 ora

463 2511 593 2564 vestra:
609 2501 681 2583 ipse
696 2511 746 2566 est
762 2511 795 2564 et
813 2501 979 2567 Dominus
994 2515 1029 2568 et
1045 2504 1150 2586 panis.
1161 2504 1240 2587 lpse
1255 2503 1408 2568 hortatur
1423 2523 1484 2568 nos
1500 2519 1536 2568 ut
1548 2506 1817 2582 comedamus,et

462 2603 535 2685 ipse
551 2615 662 2669 noster
677 2606 771 2670 cibus
787 2615 844 2670 est.
862 2606 1181 2692 Quantumcumque
1200 2611 1401 2686 dilataveris,
1421 2617 1553 2673 tantum
1571 2608 1733 2691 accipies:
1749 2629 1814 2673 non
1834 2627 1867 2664 no

464 2717 514 2770 est
531 2708 632 2791 igitur
647 2709 679 2773 in
699 2729 773 2774 mea
788 2718 965 2793 potestate,
980 2714 1038 2776 sed
1056 2713 1088 2776 in
1106 2723 1164 2778 tua
1180 2723 1239 2780 est.
1254 2713 1289 2779 Si
1302 2713 1454 2790 volueris,
1469 2722 1579 2776 totum
1592 2731 1645 2777 me
1654 2713 1816 2796 accipies:

465 2812 492 2874 si
510 2811 663 2890 nolueris,
678 2814 821 2897 accipies
836 2813 947 2878 saltim
965 2826 1103 2898 partem.

506 2923 554 2982 Et
568 2937 629 2979 non
645 2917 924 3000 arrdivitpopnlus
944 2940 1033 2984 meus
1056 2941 1161 2985 vocem
1184 2943 1297 2988 meam.
1317 2923 1390 3006 Ego
1415 2930 1468 2985 sto
1494 2929 1573 2986 ante
1598 2921 1732 2999 ostium,
1754 2939 1818 3004 ego

464 3020 567 3104 pulso
585 3020 673 3084 Volo
701 3032 737 3085 ut
757 3025 894 3105 aperias,
919 3033 954 3087 et
981 3024 1166 3106 ingrediar:
1184 3035 1217 3090 et
1234 3047 1300 3089 non
1317 3027 1366 3092 vis
1389 3024 1526 3107 aperire.
1540 3023 1588 3087 Et
1602 3021 1734 3088 Israhel
1756 3043 1817 3087 non

464 3123 605 3188 intendit
619 3145 676 3189 me.
688 3123 736 3188 Et
748 3125 865 3190 dimisi
878 3147 929 3190 eos
942 3126 1116 3191 secumdum
1131 3126 1294 3192 desideria
1304 3128 1410 3191 cordis
1425 3147 1554 3193 eonem:
1566 3127 1660 3191 ibunt
1674 3127 1709 3191 in
1723 3126 1817 3192 adin·
1836 3143 1866 3198 ις

464 3227 667 3293 ventu'onibus
680 3229 760 3294 sur's.
772 3230 895 3295 Infelix
906 3232 1022 3314 estqui
1039 3253 1059 3296 a
1077 3233 1151 3296 Deo
1167 3253 1233 3297 non
1249 3233 1432 3316 corripitur.
1449 3232 1486 3299 Si
1503 3231 1576 3315 quis
1592 3251 1734 3315 peccans
1750 3251 1816 3296 non

464 3333 655 3415 percutitur,
683 3334 744 3398 iste
772 3334 871 3398 miser
897 3345 961 3416 est..
984 3336 1067 3399 Ideo
1090 3338 1193 3401 dicit:
1217 3336 1339 3400 Dimisi
1365 3311 1431 3400 eos⁴
1445 3338 1628 3400 secundum
1653 3335 1818 3401 desideria

464 3438 572 3502 cordis
588 3457 712 3503 eorum.
732 3438 812 3503 ldeo
828 3459 886 3502 eos
896 3441 1016 3518 dimisi,
1026 3442 1184 3523 quoniam
1198 3461 1298 3523 saepe
1312 3441 1466 3523 percussi,
1481 3451 1514 3505 et
1525 3441 1737 3523 disciplinam
1751 3461 1816 3506 non

465 3552 667 3624 receperunt.
684 3543 824 3624 Rogavi,
840 3559 905 3607 non
923 3545 1100 3609 audierunt
1115 3567 1123 3610 ι
1136 3544 1291 3627 percussi,
1308 3564 1373 3607 non
1398 3555 1572 3610 senserunt
1582 3545 1740 3612 dolorem.
1759 3547 1819 3610 Di·

466 3647 563 3711 mitto
578 3666 636 3709 eos
652 3647 684 3708 in
702 3647 930 3712 voluntatibus
946 3649 1021 3726 suis,
1039 3659 1075 3712 ut
1091 3649 1229 3712 saturati
1247 3649 1334 3711 vitiis
1354 3649 1431 3726 suis,
1445 3648 1497 3711 vel
1522 3650 1569 3712 sic
1587 3658 1691 3730 agant
1706 3649 1818 3733 paeni·
1837 3668 1870 3720 30

465 3751 604 3814 tentiam
622 3769 727 3814 suam.

510 3853 554 3918 Si
571 3853 711 3936 populus
734 3875 823 3918 ruerus
842 3856 989 3920 audisset
1013 3879 1069 3920 me.
1094 3857 1125 3922 O
1151 3855 1430 3920 clementissimus
1459 3866 1561 3937 pater,
1586 3876 1607 3918 o
1636 3856 1821 3922 misericors

498 4055 512 4106 3
523 4043 557 4106 te]
569 4044 609 4094 CS
620 4062 627 4104 3
644 4045 672 4094 de
683 4051 705 4094 te
716 4045 738 4094 G
752 4063 759 4105 3
776 4045 825 4093 tibi
836 4041 883 4111 βΒ.
983 4057 999 4104 4
1010 4043 1101 4091 audias
1113 4043 1161 4105 nu]
1175 4027 1215 4094 us
1225 4061 1232 4104 ;
1250 4043 1337 4092 audies
1347 4057 1385 4090 me
1397 4041 1435 4101 C;
1453 4059 1491 4091 nee
1501 4043 1615 4093 audieris
1626 4043 1674 4094 GL
1684 4061 1692 4103 3
1709 4045 1822 4094 audieris

465 4141 503 4173 nse
516 4123 539 4192 β.
640 4137 669 4175 12
680 4125 926 4187 exiuinms1Gadd.
940 4127 969 4174 de
981 4132 1050 4174 terra
1062 4129 1177 4190 Aegypti.
1275 4138 1303 4186 14
1316 4126 1344 4174 in
1357 4124 1607 4186 mortthan'ntontcm
1621 4127 1653 4176 G.
1751 4125 1820 4177 16in

464 4205 531 4267 ollis]
543 4207 624 4255 molles
637 4207 676 4263 L:
695 4209 712 4255 S
725 4208 799 4257 inser.
814 4214 837 4256 et
853 4215 944 4271 caepas.
1046 4219 1077 4270 23
1095 4217 1153 4255 nntc
1168 4203 1269 4262 ostium]
1288 4205 1323 4273 llS
1337 4207 1422 4271 Psup.
1437 4204 1491 4266 lin;
1508 4213 1633 4256 anteirent
1646 4207 1714 4257 BCL
1727 4209 1746 4256 P
1761 4221 1769 4256 ι
1784 4223 1818 4257 m.

466 4287 821 4355 25nulBCGLl’3mihiliS.
874 4284 986 4345 ibuntlet
994 4287 1069 4337 ibunt
1077 4289 1127 4338 SG.
1182 4301 1213 4349 ²9
1221 4289 1364 4350 senscrunt]
1375 4289 1555 4338 sentieruntG.
1607 4289 1819 4351 Dinu'ttuhiimit-

465 4369 548 4418 taan.
608 4381 638 4432 32
643 4370 753 4434 populus
762 4369 946 4438 meusHillCS3
950 4371 1017 4435 plebs
1025 4369 1164 4420 nrcaGLP.
1219 4367 1673 4440 clementissimus]clementissimelili
1687 4371 1817 4436 Lsup.lin.

401 4541 408 4556 ·
512 4521 555 4579 16.
571 4517 739 4602 cvrrrnreres]
752 4521 843 4581 Num.
864 4541 909 4592 rr,
926 4539 951 4598 5.
1169 4523 1207 4581 ls.
1228 4541 1252 4596 1,
1270 4543 1325 4596 24:
1345 4521 1485 4600 ‘Plangit
1506 4533 1606 4584 autem
1629 4523 1820 4586 clementissi·

511 4619 553 4672 24.
569 4600 665 4682 pulso]
682 4607 776 4680 Apoc.
795 4621 821 4679 3,
837 4623 881 4661 20.
1167 4621 1234 4662 mus
1250 4617 1331 4682 pater
1347 4603 1493 4683 principes
1508 4605 1719 4684 delinquentes
1733 4609 1740 4636 '
1762 4621 1818 4668 etc.

510 4703 556 4758 3²·
572 4685 804 4745 nlententissiruus
816 4681 915 4765 puter]
933 4684 1058 4745 Hieron.
1086 4685 1115 4744 in
