<?xml version="1.0" encoding="UTF-8"?>
<!DOCTYPE html PUBLIC "-//W3C//DTD XHTML 1.0 Transitional//EN"
    "http://www.w3.org/TR/xhtml1/DTD/xhtml1-transitional.dtd">
<html xmlns="http://www.w3.org/1999/xhtml" xml:lang="en" lang="en">
 <head>
  <title>
</title>
<meta http-equiv="Content-Type" content="text/html;charset=utf-8" />
  <meta name='ocr-system' content='tesseract 3.04.00' />
  <meta name='ocr-capabilities' content='ocr_page ocr_carea ocr_par ocr_line ocrx_word'/>
</head>
<body>
  <div class='ocr_page' id='page_1' title='image "./commentarioliin00morigoog/commentarioliin00morigoog_0236.png"; bbox 0 0 4202 5492; ppageno 0'>
   <div class='ocr_carea' id='block_1_1' title="bbox 572 405 1597 493">
    <p class='ocr_par' dir='ltr' id='par_1_1' title="bbox 572 405 1597 493">
     <span class='ocr_line' id='line_1_1' title="bbox 572 405 1597 493; baseline 0.002 -19"><span class='ocrx_word' id='word_1_1' title='bbox 572 411 827 478; x_wconf 80' lang='lat' dir='ltr'>TRACTATUS</span> <span class='ocrx_word' id='word_1_2' title='bbox 850 415 907 474; x_wconf 89' lang='lat' dir='ltr'>DE</span> <span class='ocrx_word' id='word_1_3' title='bbox 929 417 1098 480; x_wconf 81' lang='lat' dir='ltr'>PSALMO</span> <span class='ocrx_word' id='word_1_4' title='bbox 1121 417 1262 478; x_wconf 87' lang='lat' dir='ltr'>LXXXI.</span> <span class='ocrx_word' id='word_1_5' title='bbox 1541 405 1597 493; x_wconf 85' lang='lat'>79</span> 
     </span>
    </p>
   </div>
   <div class='ocr_carea' id='block_1_2' title="bbox 206 628 1671 3945">
    <p class='ocr_par' dir='ltr' id='par_1_2' title="bbox 206 628 1671 2794">
     <span class='ocr_line' id='line_1_2' title="bbox 243 628 1597 715; baseline -0.005 -18"><span class='ocrx_word' id='word_1_6' title='bbox 243 634 285 697; x_wconf 89' lang='lat' dir='ltr'>de</span> <span class='ocrx_word' id='word_1_7' title='bbox 300 628 524 715; x_wconf 88' lang='lat' dir='ltr'>principibus:</span> <span class='ocrx_word' id='word_1_8' title='bbox 540 637 716 712; x_wconf 88' lang='lat' dir='ltr'>propterea</span> <span class='ocrx_word' id='word_1_9' title='bbox 743 639 779 694; x_wconf 91' lang='lat' dir='ltr'>tu</span> <span class='ocrx_word' id='word_1_10' title='bbox 804 650 911 715; x_wconf 88' lang='lat' dir='ltr'>surge,</span> <span class='ocrx_word' id='word_1_11' title='bbox 933 643 970 697; x_wconf 90' lang='lat' dir='ltr'>tu</span> <span class='ocrx_word' id='word_1_12' title='bbox 986 633 1104 710; x_wconf 88' lang='lat' dir='ltr'>iudica,</span> <span class='ocrx_word' id='word_1_13' title='bbox 1126 641 1163 697; x_wconf 93' lang='lat' dir='ltr'>tu</span> <span class='ocrx_word' id='word_1_14' title='bbox 1186 632 1277 696; x_wconf 87' lang='lat' dir='ltr'>salva</span> <span class='ocrx_word' id='word_1_15' title='bbox 1293 637 1478 696; x_wconf 87' lang='lat' dir='ltr'>creaturam</span> <span class='ocrx_word' id='word_1_16' title='bbox 1495 635 1597 692; x_wconf 90' lang='lat' dir='ltr'>tuam.</span> 
     </span>
     <span class='ocr_line' id='line_1_3' title="bbox 245 733 1598 820; baseline -0.004 -20"><span class='ocrx_word' id='word_1_17' title='bbox 245 734 470 800; x_wconf 89' lang='lat' dir='ltr'>Mercenarius</span> <span class='ocrx_word' id='word_1_18' title='bbox 486 742 598 796; x_wconf 89' lang='lat' dir='ltr'>autern</span> <span class='ocrx_word' id='word_1_19' title='bbox 611 752 686 797; x_wconf 88' lang='lat' dir='ltr'>curn</span> <span class='ocrx_word' id='word_1_20' title='bbox 703 733 818 817; x_wconf 91' lang='lat' dir='ltr'>lupum</span> <span class='ocrx_word' id='word_1_21' title='bbox 834 737 963 813; x_wconf 87' lang='lat' dir='ltr'>viderit,</span> <span class='ocrx_word' id='word_1_22' title='bbox 974 736 1068 820; x_wconf 88' lang='lat' dir='ltr'>fugit,</span> <span class='ocrx_word' id='word_1_23' title='bbox 1078 748 1111 801; x_wconf 88' lang='lat' dir='ltr'>et</span> <span class='ocrx_word' id='word_1_24' title='bbox 1127 737 1283 819; x_wconf 85' lang='lat' dir='ltr'>relinquit</span> <span class='ocrx_word' id='word_1_25' title='bbox 1295 755 1375 799; x_wconf 89' lang='lat' dir='ltr'>oves</span> <span class='ocrx_word' id='word_1_26' title='bbox 1387 757 1394 797; x_wconf 94' lang='lat'>:</span> <span class='ocrx_word' id='word_1_27' title='bbox 1408 752 1474 796; x_wconf 90' lang='lat' dir='ltr'>uon</span> <span class='ocrx_word' id='word_1_28' title='bbox 1487 741 1598 814; x_wconf 89' lang='lat' dir='ltr'>potest</span> 
     </span>
     <span class='ocr_line' id='line_1_4' title="bbox 247 836 1599 923; baseline -0.004 -19"><span class='ocrx_word' id='word_1_29' title='bbox 247 840 291 904; x_wconf 88' lang='lat' dir='ltr'>ita</span> <span class='ocrx_word' id='word_1_30' title='bbox 305 837 419 902; x_wconf 90' lang='lat' dir='ltr'>dolere</span> <span class='ocrx_word' id='word_1_31' title='bbox 436 836 555 914; x_wconf 89' lang='lat' dir='ltr'>alieno,</span> <span class='ocrx_word' id='word_1_32' title='bbox 570 839 740 919; x_wconf 90' lang='lat' dir='ltr'>quomodo</span> <span class='ocrx_word' id='word_1_33' title='bbox 755 839 845 902; x_wconf 88' lang='lat' dir='ltr'>dolet</span> <span class='ocrx_word' id='word_1_34' title='bbox 863 841 949 923; x_wconf 92' lang='lat' dir='ltr'>patri</span> <span class='ocrx_word' id='word_1_35' title='bbox 966 851 998 904; x_wconf 88' lang='lat' dir='ltr'>et</span> <span class='ocrx_word' id='word_1_36' title='bbox 1017 843 1121 906; x_wconf 90' lang='lat' dir='ltr'>matri.</span> <span class='ocrx_word' id='word_1_37' title='bbox 1139 841 1301 904; x_wconf 85' lang='lat' dir='ltr'>Dicamus</span> <span class='ocrx_word' id='word_1_38' title='bbox 1317 848 1351 902; x_wconf 90' lang='lat' dir='ltr'>et</span> <span class='ocrx_word' id='word_1_39' title='bbox 1362 837 1466 901; x_wconf 87' lang='lat' dir='ltr'>aliter.</span> <span class='ocrx_word' id='word_1_40' title='bbox 1483 836 1599 919; x_wconf 85' lang='lat' dir='ltr'>Surge,</span> 
     </span>
     <span class='ocr_line' id='line_1_5' title="bbox 246 939 1598 1028; baseline -0.001 -22"><span class='ocrx_word' id='word_1_41' title='bbox 246 944 302 1028; x_wconf 92' lang='lat' dir='ltr'>qui</span> <span class='ocrx_word' id='word_1_42' title='bbox 318 962 380 1025; x_wconf 91' lang='lat' dir='ltr'>pro</span> <span class='ocrx_word' id='word_1_43' title='bbox 396 939 493 1004; x_wconf 88' lang='lat' dir='ltr'>nobis</span> <span class='ocrx_word' id='word_1_44' title='bbox 505 959 622 1022; x_wconf 87' lang='lat' dir='ltr'>passus</span> <span class='ocrx_word' id='word_1_45' title='bbox 637 960 682 1018; x_wconf 86' lang='lat' dir='ltr'>es,</span> <span class='ocrx_word' id='word_1_46' title='bbox 698 961 759 1024; x_wconf 90' lang='lat' dir='ltr'>pro</span> <span class='ocrx_word' id='word_1_47' title='bbox 775 942 871 1006; x_wconf 85' lang='lat' dir='ltr'>nobis</span> <span class='ocrx_word' id='word_1_48' title='bbox 896 955 1047 1009; x_wconf 90' lang='lat' dir='ltr'>mortuus</span> <span class='ocrx_word' id='word_1_49' title='bbox 1062 965 1116 1010; x_wconf 85' lang='lat' dir='ltr'>es:</span> <span class='ocrx_word' id='word_1_50' title='bbox 1133 965 1240 1028; x_wconf 89' lang='lat' dir='ltr'>surge,</span> <span class='ocrx_word' id='word_1_51' title='bbox 1254 954 1288 1007; x_wconf 90' lang='lat' dir='ltr'>et</span> <span class='ocrx_word' id='word_1_52' title='bbox 1304 942 1395 1006; x_wconf 87' lang='lat' dir='ltr'>salva</span> <span class='ocrx_word' id='word_1_53' title='bbox 1412 960 1482 1005; x_wconf 92' lang='lat' dir='ltr'>nos.</span> <span class='ocrx_word' id='word_1_54' title='bbox 1499 939 1598 1004; x_wconf 88' lang='lat' dir='ltr'>Dica-</span> 
     </span>
     <span class='ocr_line' id='line_1_6' title="bbox 216 1042 1599 1132; baseline 0 -20"><span class='ocrx_word' id='word_1_55' title='bbox 216 1066 321 1126; x_wconf 72' lang='lat' dir='ltr'>srnus</span> <span class='ocrx_word' id='word_1_56' title='bbox 347 1055 382 1109; x_wconf 90' lang='lat' dir='ltr'>et</span> <span class='ocrx_word' id='word_1_57' title='bbox 405 1042 510 1108; x_wconf 89' lang='lat' dir='ltr'>aliter.</span> <span class='ocrx_word' id='word_1_58' title='bbox 538 1043 604 1126; x_wconf 86' lang='lat' dir='ltr'>Qui</span> <span class='ocrx_word' id='word_1_59' title='bbox 630 1044 749 1109; x_wconf 89' lang='lat' dir='ltr'>venisti</span> <span class='ocrx_word' id='word_1_60' title='bbox 776 1046 912 1111; x_wconf 89' lang='lat' dir='ltr'>humilis</span> <span class='ocrx_word' id='word_1_61' title='bbox 940 1059 974 1112; x_wconf 90' lang='lat' dir='ltr'>et</span> <span class='ocrx_word' id='word_1_62' title='bbox 996 1059 1218 1132; x_wconf 89' lang='lat' dir='ltr'>contemptus,</span> <span class='ocrx_word' id='word_1_63' title='bbox 1234 1048 1308 1112; x_wconf 88' lang='lat' dir='ltr'>veni</span> <span class='ocrx_word' id='word_1_64' title='bbox 1325 1045 1419 1129; x_wconf 87' lang='lat' dir='ltr'>quasi</span> <span class='ocrx_word' id='word_1_65' title='bbox 1437 1044 1550 1122; x_wconf 88' lang='lat' dir='ltr'>iudex,</span> <span class='ocrx_word' id='word_1_66' title='bbox 1565 1059 1599 1112; x_wconf 87' lang='lat' dir='ltr'>et</span> 
     </span>
     <span class='ocr_line' id='line_1_7' title="bbox 249 1147 1671 1236; baseline 0 -20"><span class='ocrx_word' id='word_1_67' title='bbox 249 1150 379 1217; x_wconf 86' lang='lat' dir='ltr'>vindica</span> <span class='ocrx_word' id='word_1_68' title='bbox 395 1169 465 1212; x_wconf 90' lang='lat' dir='ltr'>nos.</span> <span class='ocrx_word' id='word_1_69' title='bbox 485 1147 593 1231; x_wconf 81' lang='lat' dir='ltr'><em>Surge</em></span> <span class='ocrx_word' id='word_1_70' title='bbox 606 1147 707 1226; x_wconf 86' lang='lat' dir='ltr'>Deus,</span> <span class='ocrx_word' id='word_1_71' title='bbox 723 1148 832 1214; x_wconf 85' lang='lat' dir='ltr'>iudica</span> <span class='ocrx_word' id='word_1_72' title='bbox 856 1160 988 1218; x_wconf 80' lang='lat' dir='ltr'>terram.</span> <span class='ocrx_word' id='word_1_73' title='bbox 1004 1153 1128 1218; x_wconf 91' lang='lat' dir='ltr'>Videte</span> <span class='ocrx_word' id='word_1_74' title='bbox 1144 1151 1401 1236; x_wconf 87' lang='lat' dir='ltr'>significantiam</span> <span class='ocrx_word' id='word_1_75' title='bbox 1420 1150 1601 1235; x_wconf 89' lang='lat' dir='ltr'>proprieta-</span> <span class='ocrx_word' id='word_1_76' title='bbox 1668 1193 1671 1201; x_wconf 91' lang='lat'><em>·</em></span> 
     </span>
     <span class='ocr_line' id='line_1_8' title="bbox 249 1251 1603 1340; baseline -0.001 -19"><span class='ocrx_word' id='word_1_77' title='bbox 249 1270 365 1338; x_wconf 88' lang='lat' dir='ltr'>tesque</span> <span class='ocrx_word' id='word_1_78' title='bbox 380 1272 583 1318; x_wconf 89' lang='lat' dir='ltr'>sermonum.</span> <span class='ocrx_word' id='word_1_79' title='bbox 599 1251 676 1316; x_wconf 93' lang='lat' dir='ltr'>Non</span> <span class='ocrx_word' id='word_1_80' title='bbox 694 1253 791 1332; x_wconf 82' lang='lat' dir='ltr'>dixit,</span> <span class='ocrx_word' id='word_1_81' title='bbox 808 1255 925 1321; x_wconf 88' lang='lat' dir='ltr'>ludica</span> <span class='ocrx_word' id='word_1_82' title='bbox 940 1258 1079 1336; x_wconf 87' lang='lat' dir='ltr'>caelum,</span> <span class='ocrx_word' id='word_1_83' title='bbox 1094 1260 1153 1323; x_wconf 90' lang='lat' dir='ltr'>sed</span> <span class='ocrx_word' id='word_1_84' title='bbox 1166 1269 1296 1322; x_wconf 90' lang='lat' dir='ltr'>terram.</span> <span class='ocrx_word' id='word_1_85' title='bbox 1315 1255 1407 1340; x_wconf 82' lang='lat' dir='ltr'>Ergo</span> <span class='ocrx_word' id='word_1_86' title='bbox 1422 1266 1509 1321; x_wconf 91' lang='lat' dir='ltr'>terra</span> <span class='ocrx_word' id='word_1_87' title='bbox 1519 1256 1603 1320; x_wconf 88' lang='lat' dir='ltr'>iudi·</span> 
     </span>
     <span class='ocr_line' id='line_1_9' title="bbox 251 1355 1604 1444; baseline 0 -18"><span class='ocrx_word' id='word_1_88' title='bbox 251 1372 351 1438; x_wconf 91' lang='lat' dir='ltr'>catur,</span> <span class='ocrx_word' id='word_1_89' title='bbox 367 1377 434 1423; x_wconf 90' lang='lat' dir='ltr'>non</span> <span class='ocrx_word' id='word_1_90' title='bbox 451 1357 591 1422; x_wconf 90' lang='lat' dir='ltr'>caelum.</span> <span class='ocrx_word' id='word_1_91' title='bbox 606 1355 642 1423; x_wconf 93' lang='lat' dir='ltr'>Si</span> <span class='ocrx_word' id='word_1_92' title='bbox 659 1377 740 1442; x_wconf 88' lang='lat' dir='ltr'>ergo</span> <span class='ocrx_word' id='word_1_93' title='bbox 769 1369 856 1424; x_wconf 90' lang='lat' dir='ltr'>terra</span> <span class='ocrx_word' id='word_1_94' title='bbox 872 1361 1046 1443; x_wconf 91' lang='lat' dir='ltr'>iudicatur,</span> <span class='ocrx_word' id='word_1_95' title='bbox 1076 1373 1109 1428; x_wconf 88' lang='lat' dir='ltr'>et</span> <span class='ocrx_word' id='word_1_96' title='bbox 1125 1382 1191 1426; x_wconf 93' lang='lat' dir='ltr'>non</span> <span class='ocrx_word' id='word_1_97' title='bbox 1208 1361 1347 1440; x_wconf 89' lang='lat' dir='ltr'>caelum,</span> <span class='ocrx_word' id='word_1_98' title='bbox 1362 1381 1442 1444; x_wconf 90' lang='lat' dir='ltr'>ergo</span> <span class='ocrx_word' id='word_1_99' title='bbox 1462 1361 1494 1424; x_wconf 90' lang='lat' dir='ltr'>in</span> <span class='ocrx_word' id='word_1_100' title='bbox 1511 1361 1604 1426; x_wconf 90' lang='lat' dir='ltr'>caelo</span> 
     </span>
     <span class='ocr_line' id='line_1_10' title="bbox 252 1458 1605 1550; baseline 0.003 -22"><span class='ocrx_word' id='word_1_101' title='bbox 252 1473 388 1548; x_wconf 89' lang='lat' dir='ltr'>peccata</span> <span class='ocrx_word' id='word_1_102' title='bbox 418 1481 485 1526; x_wconf 90' lang='lat' dir='ltr'>non</span> <span class='ocrx_word' id='word_1_103' title='bbox 512 1458 604 1526; x_wconf 89' lang='lat' dir='ltr'>fiunt.</span> <span class='ocrx_word' id='word_1_104' title='bbox 620 1460 656 1526; x_wconf 92' lang='lat' dir='ltr'>Si</span> <span class='ocrx_word' id='word_1_105' title='bbox 688 1472 799 1528; x_wconf 88' lang='lat' dir='ltr'>autem</span> <span class='ocrx_word' id='word_1_106' title='bbox 832 1463 947 1530; x_wconf 87' lang='lat' dir='ltr'>fierent</span> <span class='ocrx_word' id='word_1_107' title='bbox 978 1466 1010 1530; x_wconf 87' lang='lat' dir='ltr'>in</span> <span class='ocrx_word' id='word_1_108' title='bbox 1041 1467 1134 1532; x_wconf 86' lang='lat' dir='ltr'>caelo</span> <span class='ocrx_word' id='word_1_109' title='bbox 1165 1474 1312 1550; x_wconf 87' lang='lat' dir='ltr'>peccata,</span> <span class='ocrx_word' id='word_1_110' title='bbox 1335 1465 1481 1530; x_wconf 87' lang='lat' dir='ltr'>diceret:</span> <span class='ocrx_word' id='word_1_111' title='bbox 1499 1463 1605 1550; x_wconf 82' lang='lat' dir='ltr'>Surge</span> 
     </span>
     <span class='ocr_line' id='line_1_11' title="bbox 206 1566 1606 1655; baseline 0 -19"><span class='ocrx_word' id='word_1_112' title='bbox 206 1597 236 1636; x_wconf 83' lang='grc' dir='ltr'>ιο</span> <span class='ocrx_word' id='word_1_113' title='bbox 254 1571 354 1648; x_wconf 85' lang='lat' dir='ltr'>Deus,</span> <span class='ocrx_word' id='word_1_114' title='bbox 370 1567 480 1632; x_wconf 89' lang='lat' dir='ltr'>iudica</span> <span class='ocrx_word' id='word_1_115' title='bbox 495 1575 616 1631; x_wconf 86' lang='lat' dir='ltr'>terram</span> <span class='ocrx_word' id='word_1_116' title='bbox 633 1577 665 1632; x_wconf 91' lang='lat' dir='ltr'>et</span> <span class='ocrx_word' id='word_1_117' title='bbox 681 1566 820 1633; x_wconf 87' lang='lat' dir='ltr'>caelum.</span> <span class='ocrx_word' id='word_1_118' title='bbox 842 1568 965 1634; x_wconf 92' lang='lat' dir='ltr'>Videte</span> <span class='ocrx_word' id='word_1_119' title='bbox 979 1571 1191 1652; x_wconf 82' lang='lat' dir='ltr'>clementiam</span> <span class='ocrx_word' id='word_1_120' title='bbox 1214 1571 1405 1655; x_wconf 87' lang='lat' dir='ltr'>prophetae.</span> <span class='ocrx_word' id='word_1_121' title='bbox 1418 1569 1495 1634; x_wconf 92' lang='lat' dir='ltr'>Non</span> <span class='ocrx_word' id='word_1_122' title='bbox 1509 1570 1606 1647; x_wconf 83' lang='lat' dir='ltr'><strong>dixit,</strong></span> 
     </span>
     <span class='ocr_line' id='line_1_12' title="bbox 257 1670 1608 1758; baseline 0.001 -22"><span class='ocrx_word' id='word_1_123' title='bbox 257 1670 409 1736; x_wconf 85' lang='lat' dir='ltr'>interfice</span> <span class='ocrx_word' id='word_1_124' title='bbox 419 1681 552 1735; x_wconf 90' lang='lat' dir='ltr'>terram:</span> <span class='ocrx_word' id='word_1_125' title='bbox 562 1672 620 1734; x_wconf 90' lang='lat' dir='ltr'>sed</span> <span class='ocrx_word' id='word_1_126' title='bbox 635 1670 868 1748; x_wconf 87' lang='lat' dir='ltr'>iudica‚iudica</span> <span class='ocrx_word' id='word_1_127' title='bbox 881 1687 914 1738; x_wconf 87' lang='lat' dir='ltr'>et</span> <span class='ocrx_word' id='word_1_128' title='bbox 929 1675 1030 1740; x_wconf 90' lang='lat' dir='ltr'>salva.</span> <span class='ocrx_word' id='word_1_129' title='bbox 1048 1675 1125 1740; x_wconf 93' lang='lat' dir='ltr'>Non</span> <span class='ocrx_word' id='word_1_130' title='bbox 1142 1677 1238 1752; x_wconf 86' lang='lat' dir='ltr'>dixit,</span> <span class='ocrx_word' id='word_1_131' title='bbox 1257 1675 1372 1739; x_wconf 90' lang='lat' dir='ltr'>ludica</span> <span class='ocrx_word' id='word_1_132' title='bbox 1388 1695 1446 1758; x_wconf 91' lang='lat' dir='ltr'>per</span> <span class='ocrx_word' id='word_1_133' title='bbox 1461 1675 1608 1758; x_wconf 84' lang='lat' dir='ltr'>angelos,</span> 
     </span>
     <span class='ocr_line' id='line_1_13' title="bbox 256 1772 1608 1861; baseline 0.001 -23"><span class='ocrx_word' id='word_1_134' title='bbox 256 1775 364 1839; x_wconf 89' lang='lat' dir='ltr'>iudica</span> <span class='ocrx_word' id='word_1_135' title='bbox 388 1794 447 1856; x_wconf 91' lang='lat' dir='ltr'>per</span> <span class='ocrx_word' id='word_1_136' title='bbox 462 1772 631 1838; x_wconf 87' lang='lat' dir='ltr'>ministros</span> <span class='ocrx_word' id='word_1_137' title='bbox 647 1784 730 1838; x_wconf 85' lang='lat' dir='ltr'>tuos.</span> <span class='ocrx_word' id='word_1_138' title='bbox 749 1775 802 1839; x_wconf 94' lang='lat' dir='ltr'>llli</span> <span class='ocrx_word' id='word_1_139' title='bbox 821 1779 953 1842; x_wconf 89' lang='lat' dir='ltr'>enimsi</span> <span class='ocrx_word' id='word_1_140' title='bbox 971 1781 1197 1858; x_wconf 87' lang='lat' dir='ltr'>iudicaverint,</span> <span class='ocrx_word' id='word_1_141' title='bbox 1213 1799 1279 1843; x_wconf 94' lang='lat' dir='ltr'>non</span> <span class='ocrx_word' id='word_1_142' title='bbox 1298 1787 1437 1861; x_wconf 87' lang='lat' dir='ltr'><strong>possunt</strong></span> <span class='ocrx_word' id='word_1_143' title='bbox 1454 1779 1608 1856; x_wconf 86' lang='lat' dir='ltr'>misereri,</span> 
     </span>
     <span class='ocr_line' id='line_1_14' title="bbox 256 1877 1607 1966; baseline 0.005 -26"><span class='ocrx_word' id='word_1_144' title='bbox 256 1877 333 1960; x_wconf 89' lang='lat' dir='ltr'>quia</span> <span class='ocrx_word' id='word_1_145' title='bbox 344 1886 558 1940; x_wconf 82' lang='lat' dir='ltr'>exsecutores</span> <span class='ocrx_word' id='word_1_146' title='bbox 574 1883 652 1940; x_wconf 89' lang='lat' dir='ltr'>sunt</span> <span class='ocrx_word' id='word_1_147' title='bbox 667 1881 852 1944; x_wconf 88' lang='lat' dir='ltr'>sententiae</span> <span class='ocrx_word' id='word_1_148' title='bbox 868 1891 953 1947; x_wconf 90' lang='lat' dir='ltr'>tuae.</span> <span class='ocrx_word' id='word_1_149' title='bbox 967 1884 1019 1947; x_wconf 91' lang='lat' dir='ltr'>Tu</span> <span class='ocrx_word' id='word_1_150' title='bbox 1036 1905 1115 1948; x_wconf 89' lang='lat' dir='ltr'>vero</span> <span class='ocrx_word' id='word_1_151' title='bbox 1141 1886 1167 1947; x_wconf 88' lang='lat' dir='ltr'>si</span> <span class='ocrx_word' id='word_1_152' title='bbox 1196 1885 1400 1959; x_wconf 82' lang='lat' dir='ltr'>indicaveris,</span> <span class='ocrx_word' id='word_1_153' title='bbox 1417 1893 1513 1965; x_wconf 90' lang='lat' dir='ltr'>potes</span> <span class='ocrx_word' id='word_1_154' title='bbox 1539 1884 1607 1966; x_wconf 89' lang='lat' dir='ltr'>ipse</span> 
     </span>
     <span class='ocr_line' id='line_1_15' title="bbox 257 1981 1608 2072; baseline 0.002 -24"><span class='ocrx_word' id='word_1_155' title='bbox 257 1983 410 2048; x_wconf 86' lang='lat' dir='ltr'>misereri.</span> <span class='ocrx_word' id='word_1_156' title='bbox 427 1981 536 2064; x_wconf 85' lang='lat' dir='ltr'>Surge</span> <span class='ocrx_word' id='word_1_157' title='bbox 553 1981 652 2059; x_wconf 81' lang='lat' dir='ltr'>Deus,</span> <span class='ocrx_word' id='word_1_158' title='bbox 669 1983 777 2047; x_wconf 84' lang='lat' dir='ltr'>iudr&#39;ca</span> <span class='ocrx_word' id='word_1_159' title='bbox 792 1995 926 2052; x_wconf 85' lang='lat' dir='ltr'>terram.</span> <span class='ocrx_word' id='word_1_160' title='bbox 944 1989 1130 2071; x_wconf 90' lang='lat' dir='ltr'>Imperator</span> <span class='ocrx_word' id='word_1_161' title='bbox 1141 1997 1256 2072; x_wconf 89' lang='lat' dir='ltr'>potest</span> <span class='ocrx_word' id='word_1_162' title='bbox 1272 2009 1366 2053; x_wconf 86' lang='lat' dir='ltr'>suam</span> <span class='ocrx_word' id='word_1_163' title='bbox 1384 1997 1513 2052; x_wconf 89' lang='lat' dir='ltr'>mutare</span> <span class='ocrx_word' id='word_1_164' title='bbox 1535 2008 1608 2051; x_wconf 92' lang='lat' dir='ltr'>sen-</span> 
     </span>
     <span class='ocr_line' id='line_1_16' title="bbox 209 2087 1608 2176; baseline 0.006 -28"><span class='ocrx_word' id='word_1_165' title='bbox 209 2110 238 2162; x_wconf 75' lang='grc' dir='ltr'>ις</span> <span class='ocrx_word' id='word_1_166' title='bbox 257 2089 406 2164; x_wconf 88' lang='lat' dir='ltr'>tentiam,</span> <span class='ocrx_word' id='word_1_167' title='bbox 422 2087 610 2168; x_wconf 81' lang='lat' dir='ltr'>praefectus</span> <span class='ocrx_word' id='word_1_168' title='bbox 636 2105 703 2150; x_wconf 90' lang='lat' dir='ltr'>non</span> <span class='ocrx_word' id='word_1_169' title='bbox 730 2099 851 2171; x_wconf 85' lang='lat' dir='ltr'>potest.</span> <span class='ocrx_word' id='word_1_170' title='bbox 880 2093 1058 2176; x_wconf 86' lang='lat' dir='ltr'>Propterea</span> <span class='ocrx_word' id='word_1_171' title='bbox 1074 2103 1108 2158; x_wconf 90' lang='lat' dir='ltr'>te</span> <span class='ocrx_word' id='word_1_172' title='bbox 1135 2094 1276 2157; x_wconf 89' lang='lat' dir='ltr'>iudicem</span> <span class='ocrx_word' id='word_1_173' title='bbox 1294 2093 1520 2173; x_wconf 88' lang='lat' dir='ltr'>deprecamur,</span> <span class='ocrx_word' id='word_1_174' title='bbox 1541 2112 1608 2156; x_wconf 82' lang='lat' dir='ltr'>nou</span> 
     </span>
     <span class='ocr_line' id='line_1_17' title="bbox 257 2189 1609 2280; baseline 0.006 -24"><span class='ocrx_word' id='word_1_175' title='bbox 257 2199 519 2267; x_wconf 88' lang='lat' dir='ltr'>contemnentes,</span> <span class='ocrx_word' id='word_1_176' title='bbox 534 2189 592 2252; x_wconf 89' lang='lat' dir='ltr'>sed</span> <span class='ocrx_word' id='word_1_177' title='bbox 610 2201 792 2271; x_wconf 88' lang='lat' dir='ltr'>precantes.</span> <span class='ocrx_word' id='word_1_178' title='bbox 810 2195 976 2260; x_wconf 88' lang='lat' dir='ltr'>Homines</span> <span class='ocrx_word' id='word_1_179' title='bbox 992 2197 1081 2260; x_wconf 91' lang='lat' dir='ltr'>enim</span> <span class='ocrx_word' id='word_1_180' title='bbox 1103 2207 1137 2261; x_wconf 89' lang='lat' dir='ltr'>et</span> <span class='ocrx_word' id='word_1_181' title='bbox 1151 2197 1262 2280; x_wconf 85' lang='lat' dir='ltr'>angeli</span> <span class='ocrx_word' id='word_1_182' title='bbox 1278 2198 1320 2261; x_wconf 92' lang='lat' dir='ltr'>ad</span> <span class='ocrx_word' id='word_1_183' title='bbox 1338 2198 1609 2278; x_wconf 87' lang='lat' dir='ltr'>conparationem</span> 
     </span>
     <span class='ocr_line' id='line_1_18' title="bbox 258 2293 1612 2384; baseline 0.005 -25"><span class='ocrx_word' id='word_1_184' title='bbox 258 2295 306 2360; x_wconf 92' lang='lat' dir='ltr'>tui</span> <span class='ocrx_word' id='word_1_185' title='bbox 330 2293 479 2358; x_wconf 89' lang='lat' dir='ltr'>crudeles</span> <span class='ocrx_word' id='word_1_186' title='bbox 506 2303 606 2358; x_wconf 86' lang='lat' dir='ltr'>sunt:</span> <span class='ocrx_word' id='word_1_187' title='bbox 629 2303 665 2358; x_wconf 92' lang='lat' dir='ltr'>tu</span> <span class='ocrx_word' id='word_1_188' title='bbox 692 2294 783 2359; x_wconf 88' lang='lat' dir='ltr'>solus</span> <span class='ocrx_word' id='word_1_189' title='bbox 817 2299 1010 2363; x_wconf 91' lang='lat' dir='ltr'>mitissimus</span> <span class='ocrx_word' id='word_1_190' title='bbox 1038 2301 1140 2364; x_wconf 89' lang='lat' dir='ltr'>iudex</span> <span class='ocrx_word' id='word_1_191' title='bbox 1167 2321 1211 2364; x_wconf 90' lang='lat' dir='ltr'>es.</span> <span class='ocrx_word' id='word_1_192' title='bbox 1229 2299 1340 2365; x_wconf 93' lang='lat' dir='ltr'>Vultis</span> <span class='ocrx_word' id='word_1_193' title='bbox 1355 2301 1437 2362; x_wconf 89' lang='lat' dir='ltr'>scire</span> <span class='ocrx_word' id='word_1_194' title='bbox 1453 2302 1612 2384; x_wconf 85' lang='lat' dir='ltr'>quoniam</span> 
     </span>
     <span class='ocr_line' id='line_1_19' title="bbox 260 2397 1614 2485; baseline 0.004 -23"><span class='ocrx_word' id='word_1_195' title='bbox 260 2399 353 2462; x_wconf 86' lang='lat' dir='ltr'>Deus</span> <span class='ocrx_word' id='word_1_196' title='bbox 364 2397 511 2460; x_wconf 87' lang='lat' dir='ltr'>clemens</span> <span class='ocrx_word' id='word_1_197' title='bbox 527 2407 586 2475; x_wconf 90' lang='lat' dir='ltr'>est,</span> <span class='ocrx_word' id='word_1_198' title='bbox 602 2407 635 2460; x_wconf 91' lang='lat' dir='ltr'>et</span> <span class='ocrx_word' id='word_1_199' title='bbox 650 2399 759 2462; x_wconf 92' lang='lat' dir='ltr'>omnis</span> <span class='ocrx_word' id='word_1_200' title='bbox 786 2401 889 2466; x_wconf 91' lang='lat' dir='ltr'>homo</span> <span class='ocrx_word' id='word_1_201' title='bbox 904 2404 1045 2468; x_wconf 91' lang='lat' dir='ltr'>crudelis</span> <span class='ocrx_word' id='word_1_202' title='bbox 1061 2410 1134 2468; x_wconf 85' lang='lat' dir='ltr'>est?</span> <span class='ocrx_word' id='word_1_203' title='bbox 1157 2405 1353 2468; x_wconf 89' lang='lat' dir='ltr'>Dormiente</span> <span class='ocrx_word' id='word_1_204' title='bbox 1376 2403 1614 2485; x_wconf 83' lang='lat' dir='ltr'>patrefamilias</span> 
     </span>
     <span class='ocr_line' id='line_1_20' title="bbox 259 2501 1616 2591; baseline 0.004 -25"><span class='ocrx_word' id='word_1_205' title='bbox 259 2501 413 2566; x_wconf 90' lang='lat' dir='ltr'>inimicus</span> <span class='ocrx_word' id='word_1_206' title='bbox 425 2501 527 2565; x_wconf 91' lang='lat' dir='ltr'>homo</span> <span class='ocrx_word' id='word_1_207' title='bbox 539 2501 665 2565; x_wconf 89' lang='lat' dir='ltr'>zizania</span> <span class='ocrx_word' id='word_1_208' title='bbox 687 2507 972 2584; x_wconf 85' lang='lat' dir='ltr'>superseminavit.</span> <span class='ocrx_word' id='word_1_209' title='bbox 992 2508 1087 2574; x_wconf 89' lang='lat' dir='ltr'>Servi</span> <span class='ocrx_word' id='word_1_210' title='bbox 1108 2509 1225 2572; x_wconf 91' lang='lat' dir='ltr'>volunt</span> <span class='ocrx_word' id='word_1_211' title='bbox 1241 2507 1345 2582; x_wconf 89' lang='lat' dir='ltr'>evelli,</span> <span class='ocrx_word' id='word_1_212' title='bbox 1361 2517 1395 2571; x_wconf 88' lang='lat' dir='ltr'>et</span> <span class='ocrx_word' id='word_1_213' title='bbox 1408 2509 1490 2572; x_wconf 90' lang='lat' dir='ltr'>dicit</span> <span class='ocrx_word' id='word_1_214' title='bbox 1507 2520 1616 2591; x_wconf 91' lang='lat' dir='ltr'>pater·</span> 
     </span>
     <span class='ocr_line' id='line_1_21' title="bbox 210 2607 1616 2690; baseline 0.001 -16"><span class='ocrx_word' id='word_1_215' title='bbox 210 2637 242 2674; x_wconf 82' lang='lat'>20</span> <span class='ocrx_word' id='word_1_216' title='bbox 260 2607 403 2674; x_wconf 82' lang='lat' dir='ltr'>familias</span> <span class='ocrx_word' id='word_1_217' title='bbox 417 2631 426 2672; x_wconf 91' lang='lat'>:</span> <span class='ocrx_word' id='word_1_218' title='bbox 441 2607 640 2685; x_wconf 88' lang='lat' dir='ltr'>‘Dimittite,</span> <span class='ocrx_word' id='word_1_219' title='bbox 654 2610 753 2674; x_wconf 88' lang='lat' dir='ltr'>sinite</span> <span class='ocrx_word' id='word_1_220' title='bbox 770 2625 927 2690; x_wconf 88' lang='lat' dir='ltr'>crescant,</span> <span class='ocrx_word' id='word_1_221' title='bbox 951 2633 993 2678; x_wconf 86' lang='lat' dir='ltr'>nc</span> <span class='ocrx_word' id='word_1_222' title='bbox 1019 2633 1094 2679; x_wconf 90' lang='lat' dir='ltr'>cum</span> <span class='ocrx_word' id='word_1_223' title='bbox 1120 2615 1248 2678; x_wconf 82' lang='lat' dir='ltr'>zizania</span> <span class='ocrx_word' id='word_1_224' title='bbox 1269 2612 1419 2690; x_wconf 87' lang='lat' dir='ltr'>evellitis,</span> <span class='ocrx_word' id='word_1_225' title='bbox 1442 2613 1616 2677; x_wconf 87' lang='lat' dir='ltr'>eradicetis</span> 
     </span>
     <span class='ocr_line' id='line_1_22' title="bbox 260 2713 1206 2794; baseline -0.003 -15"><span class='ocrx_word' id='word_1_226' title='bbox 260 2713 360 2780; x_wconf 92' lang='lat' dir='ltr'>simul</span> <span class='ocrx_word' id='word_1_227' title='bbox 377 2722 410 2776; x_wconf 91' lang='lat' dir='ltr'>et</span> <span class='ocrx_word' id='word_1_228' title='bbox 427 2713 606 2776; x_wconf 89' lang='lat' dir='ltr'>triticum&#39;</span> <span class='ocrx_word' id='word_1_229' title='bbox 653 2723 655 2728; x_wconf 85' lang='lat'>&#39;</span> <span class='ocrx_word' id='word_1_230' title='bbox 1204 2789 1206 2794; x_wconf 68' lang='lat'>,</span> 
     </span>
    </p>

    <p class='ocr_par' dir='ltr' id='par_1_3' title="bbox 264 2815 1616 3109">
     <span class='ocr_line' id='line_1_23' title="bbox 307 2815 1611 2903; baseline 0.001 -24"><span class='ocrx_word' id='word_1_231' title='bbox 307 2815 471 2896; x_wconf 84' lang='lat' dir='ltr'>Quoniam</span> <span class='ocrx_word' id='word_1_232' title='bbox 487 2826 522 2879; x_wconf 83' lang='lat' dir='ltr'>tu</span> <span class='ocrx_word' id='word_1_233' title='bbox 538 2815 732 2881; x_wconf 71' lang='lat' dir='ltr'>hereditabis</span> <span class='ocrx_word' id='word_1_234' title='bbox 744 2818 779 2880; x_wconf 87' lang='lat' dir='ltr'>in</span> <span class='ocrx_word' id='word_1_235' title='bbox 794 2819 943 2883; x_wconf 86' lang='lat' dir='ltr'>omnibus</span> <span class='ocrx_word' id='word_1_236' title='bbox 952 2820 1111 2902; x_wconf 76' lang='lat' dir='ltr'>gentibus.</span> <span class='ocrx_word' id='word_1_237' title='bbox 1130 2822 1311 2903; x_wconf 86' lang='lat' dir='ltr'>Propterea</span> <span class='ocrx_word' id='word_1_238' title='bbox 1332 2829 1365 2883; x_wconf 91' lang='lat' dir='ltr'>te</span> <span class='ocrx_word' id='word_1_239' title='bbox 1389 2819 1531 2882; x_wconf 90' lang='lat' dir='ltr'>iudicem</span> <span class='ocrx_word' id='word_1_240' title='bbox 1556 2818 1611 2881; x_wconf 90' lang='lat' dir='ltr'>de·</span> 
     </span>
     <span class='ocr_line' id='line_1_24' title="bbox 264 2921 1616 3006; baseline -0.001 -21"><span class='ocrx_word' id='word_1_241' title='bbox 264 2943 446 3006; x_wconf 90' lang='lat' dir='ltr'>precamur,</span> <span class='ocrx_word' id='word_1_242' title='bbox 458 2924 536 3005; x_wconf 91' lang='lat' dir='ltr'>quia</span> <span class='ocrx_word' id='word_1_243' title='bbox 547 2922 703 2985; x_wconf 87' lang='lat' dir='ltr'>omnibus</span> <span class='ocrx_word' id='word_1_244' title='bbox 719 2923 875 3004; x_wconf 87' lang='lat' dir='ltr'>gentibus</span> <span class='ocrx_word' id='word_1_245' title='bbox 898 2924 1051 2987; x_wconf 84' lang='lat' dir='ltr'>misertus</span> <span class='ocrx_word' id='word_1_246' title='bbox 1067 2945 1109 2988; x_wconf 90' lang='lat' dir='ltr'>es.</span> <span class='ocrx_word' id='word_1_247' title='bbox 1128 2923 1240 3006; x_wconf 85' lang='lat' dir='ltr'>Quare</span> <span class='ocrx_word' id='word_1_248' title='bbox 1257 2943 1323 2986; x_wconf 90' lang='lat' dir='ltr'>non</span> <span class='ocrx_word' id='word_1_249' title='bbox 1340 2921 1438 2999; x_wconf 89' lang='lat' dir='ltr'>dixit,</span> <span class='ocrx_word' id='word_1_250' title='bbox 1448 2922 1499 2985; x_wconf 89' lang='lat' dir='ltr'>Tu</span> <span class='ocrx_word' id='word_1_251' title='bbox 1513 2921 1616 3004; x_wconf 89' lang='lat' dir='ltr'>possi·</span> 
     </span>
     <span class='ocr_line' id='line_1_25' title="bbox 264 3025 1616 3109; baseline -0.002 -18"><span class='ocrx_word' id='word_1_252' title='bbox 264 3028 357 3092; x_wconf 90' lang='lat' dir='ltr'>debis</span> <span class='ocrx_word' id='word_1_253' title='bbox 379 3045 495 3090; x_wconf 89' lang='lat' dir='ltr'>omnes</span> <span class='ocrx_word' id='word_1_254' title='bbox 511 3037 639 3109; x_wconf 88' lang='lat' dir='ltr'>gentes,</span> <span class='ocrx_word' id='word_1_255' title='bbox 654 3025 723 3102; x_wconf 91' lang='lat' dir='ltr'>sed,</span> <span class='ocrx_word' id='word_1_256' title='bbox 739 3025 790 3089; x_wconf 91' lang='lat' dir='ltr'>Tu</span> <span class='ocrx_word' id='word_1_257' title='bbox 816 3025 1042 3091; x_wconf 83' lang='lat' dir='ltr'>hereditabis?</span> <span class='ocrx_word' id='word_1_258' title='bbox 1061 3027 1274 3109; x_wconf 90' lang='lat' dir='ltr'>Ubicumque</span> <span class='ocrx_word' id='word_1_259' title='bbox 1289 3027 1455 3090; x_wconf 88' lang='lat' dir='ltr'>hereditas</span> <span class='ocrx_word' id='word_1_260' title='bbox 1471 3026 1616 3108; x_wconf 90' lang='lat' dir='ltr'>ponitur,</span> 
     </span>
    </p>

    <p class='ocr_par' dir='ltr' id='par_1_4' title="bbox 214 3121 1624 3631">
     <span class='ocr_line' id='line_1_26' title="bbox 214 3121 1620 3213; baseline -0.005 -15"><span class='ocrx_word' id='word_1_261' title='bbox 214 3160 245 3212; x_wconf 82' lang='lat'>25</span> <span class='ocrx_word' id='word_1_262' title='bbox 265 3133 310 3197; x_wconf 94' lang='lat' dir='ltr'>ibi</span> <span class='ocrx_word' id='word_1_263' title='bbox 324 3121 501 3196; x_wconf 88' lang='lat' dir='ltr'>morsante</span> <span class='ocrx_word' id='word_1_264' title='bbox 514 3129 701 3213; x_wconf 86' lang='lat' dir='ltr'>praecessit.</span> <span class='ocrx_word' id='word_1_265' title='bbox 714 3129 890 3211; x_wconf 87' lang='lat' dir='ltr'>Propterea</span> <span class='ocrx_word' id='word_1_266' title='bbox 906 3130 1045 3194; x_wconf 87' lang='lat' dir='ltr'>heredes</span> <span class='ocrx_word' id='word_1_267' title='bbox 1060 3140 1093 3194; x_wconf 90' lang='lat' dir='ltr'>et</span> <span class='ocrx_word' id='word_1_268' title='bbox 1109 3130 1287 3194; x_wconf 88' lang='lat' dir='ltr'>coheredes</span> <span class='ocrx_word' id='word_1_269' title='bbox 1304 3131 1454 3195; x_wconf 88' lang='lat' dir='ltr'>dicimur.</span> <span class='ocrx_word' id='word_1_270' title='bbox 1470 3129 1620 3192; x_wconf 84' lang='lat' dir='ltr'>Heredes</span> 
     </span>
     <span class='ocr_line' id='line_1_27' title="bbox 265 3232 1619 3319; baseline -0.006 -17"><span class='ocrx_word' id='word_1_271' title='bbox 265 3238 354 3302; x_wconf 89' lang='lat' dir='ltr'>dixit</span> <span class='ocrx_word' id='word_1_272' title='bbox 383 3236 506 3319; x_wconf 89' lang='lat' dir='ltr'>Xpisti‚</span> <span class='ocrx_word' id='word_1_273' title='bbox 521 3237 600 3317; x_wconf 91' lang='lat' dir='ltr'>quia</span> <span class='ocrx_word' id='word_1_274' title='bbox 631 3253 691 3316; x_wconf 91' lang='lat' dir='ltr'>pro</span> <span class='ocrx_word' id='word_1_275' title='bbox 722 3232 818 3296; x_wconf 88' lang='lat' dir='ltr'>nobis</span> <span class='ocrx_word' id='word_1_276' title='bbox 850 3242 999 3297; x_wconf 87' lang='lat' dir='ltr'>mortuus</span> <span class='ocrx_word' id='word_1_277' title='bbox 1030 3243 1100 3311; x_wconf 87' lang='lat' dir='ltr'>est;</span> <span class='ocrx_word' id='word_1_278' title='bbox 1123 3233 1312 3310; x_wconf 89' lang='lat' dir='ltr'>coheredes,</span> <span class='ocrx_word' id='word_1_279' title='bbox 1341 3233 1420 3314; x_wconf 89' lang='lat' dir='ltr'>quia</span> <span class='ocrx_word' id='word_1_280' title='bbox 1447 3233 1619 3296; x_wconf 88' lang='lat' dir='ltr'>nobiscum</span> 
     </span>
     <span class='ocr_line' id='line_1_28' title="bbox 267 3337 1620 3425; baseline -0.002 -20"><span class='ocrx_word' id='word_1_281' title='bbox 267 3350 462 3425; x_wconf 90' lang='lat' dir='ltr'>regnaturus</span> <span class='ocrx_word' id='word_1_282' title='bbox 477 3349 536 3403; x_wconf 81' lang='lat' dir='ltr'>est</span> <span class='ocrx_word' id='word_1_283' title='bbox 558 3339 588 3402; x_wconf 88' lang='grc' dir='ltr'><em>Τ</em></span> <span class='ocrx_word' id='word_1_284' title='bbox 586 3361 606 3401; x_wconf 88' lang='lat' dir='ltr'>u</span> <span class='ocrx_word' id='word_1_285' title='bbox 623 3337 826 3404; x_wconf 77' lang='lat' dir='ltr'>hereditabis.</span> <span class='ocrx_word' id='word_1_286' title='bbox 853 3341 975 3404; x_wconf 89' lang='lat' dir='ltr'>Misisti</span> <span class='ocrx_word' id='word_1_287' title='bbox 999 3342 1087 3404; x_wconf 87' lang='lat' dir='ltr'>enim</span> <span class='ocrx_word' id='word_1_288' title='bbox 1105 3360 1216 3404; x_wconf 86' lang='lat' dir='ltr'>servos</span> <span class='ocrx_word' id='word_1_289' title='bbox 1247 3351 1323 3404; x_wconf 86' lang='lat' dir='ltr'>tuos</span> <span class='ocrx_word' id='word_1_290' title='bbox 1338 3343 1556 3421; x_wconf 88' lang='lat' dir='ltr'>(revertamur</span> <span class='ocrx_word' id='word_1_291' title='bbox 1578 3341 1620 3402; x_wconf 89' lang='lat' dir='ltr'>ad</span> 
     </span>
     <span class='ocr_line' id='line_1_29' title="bbox 267 3441 1623 3528; baseline -0.005 -18"><span class='ocrx_word' id='word_1_292' title='bbox 267 3444 452 3528; x_wconf 91' lang='lat' dir='ltr'>apostolos)</span> <span class='ocrx_word' id='word_1_293' title='bbox 467 3445 569 3507; x_wconf 91' lang='lat' dir='ltr'>alium</span> <span class='ocrx_word' id='word_1_294' title='bbox 587 3445 619 3506; x_wconf 89' lang='lat' dir='ltr'>in</span> <span class='ocrx_word' id='word_1_295' title='bbox 647 3445 942 3522; x_wconf 91' lang='lat' dir='ltr'>circumcisionem,</span> <span class='ocrx_word' id='word_1_296' title='bbox 961 3444 1064 3509; x_wconf 91' lang='lat' dir='ltr'>aliurn</span> <span class='ocrx_word' id='word_1_297' title='bbox 1089 3445 1120 3508; x_wconf 90' lang='lat' dir='ltr'>in</span> <span class='ocrx_word' id='word_1_298' title='bbox 1146 3453 1271 3526; x_wconf 87' lang='lat' dir='ltr'>gentes.</span> <span class='ocrx_word' id='word_1_299' title='bbox 1284 3441 1454 3524; x_wconf 86' lang='lat' dir='ltr'>Quamdiu</span> <span class='ocrx_word' id='word_1_300' title='bbox 1480 3443 1623 3524; x_wconf 87' lang='lat' dir='ltr'>Moysen</span> 
     </span>
     <span class='ocr_line' id='line_1_30' title="bbox 269 3544 1624 3631; baseline -0.005 -18"><span class='ocrx_word' id='word_1_301' title='bbox 269 3551 414 3625; x_wconf 91' lang='lat' dir='ltr'>miseras,</span> <span class='ocrx_word' id='word_1_302' title='bbox 429 3549 590 3631; x_wconf 90' lang='lat' dir='ltr'>quamdiu</span> <span class='ocrx_word' id='word_1_303' title='bbox 606 3547 752 3624; x_wconf 89' lang='lat' dir='ltr'>Esaiam,</span> <span class='ocrx_word' id='word_1_304' title='bbox 763 3548 923 3631; x_wconf 90' lang='lat' dir='ltr'>quamdiu</span> <span class='ocrx_word' id='word_1_305' title='bbox 940 3548 1156 3624; x_wconf 89' lang='lat' dir='ltr'>Hieremiam,</span> <span class='ocrx_word' id='word_1_306' title='bbox 1168 3547 1328 3630; x_wconf 89' lang='lat' dir='ltr'>quamdiu</span> <span class='ocrx_word' id='word_1_307' title='bbox 1341 3545 1424 3608; x_wconf 89' lang='lat' dir='ltr'>alios</span> <span class='ocrx_word' id='word_1_308' title='bbox 1435 3544 1624 3627; x_wconf 89' lang='lat' dir='ltr'>prophetas,</span> 
     </span>
    </p>

    <p class='ocr_par' dir='ltr' id='par_1_5' title="bbox 221 3648 1627 3945">
     <span class='ocr_line' id='line_1_31' title="bbox 221 3648 1626 3736; baseline -0.005 -18"><span class='ocrx_word' id='word_1_309' title='bbox 221 3681 252 3732; x_wconf 85' lang='lat'>30</span> <span class='ocrx_word' id='word_1_310' title='bbox 270 3664 369 3718; x_wconf 90' lang='lat' dir='ltr'>notus</span> <span class='ocrx_word' id='word_1_311' title='bbox 385 3662 454 3715; x_wconf 91' lang='lat' dir='ltr'>erat</span> <span class='ocrx_word' id='word_1_312' title='bbox 471 3652 504 3713; x_wconf 94' lang='lat' dir='ltr'>in</span> <span class='ocrx_word' id='word_1_313' title='bbox 532 3650 656 3714; x_wconf 89' lang='lat' dir='ltr'>Iudaea</span> <span class='ocrx_word' id='word_1_314' title='bbox 674 3651 776 3728; x_wconf 89' lang='lat' dir='ltr'>Deus,</span> <span class='ocrx_word' id='word_1_315' title='bbox 793 3651 825 3714; x_wconf 90' lang='lat' dir='ltr'>in</span> <span class='ocrx_word' id='word_1_316' title='bbox 845 3652 970 3715; x_wconf 86' lang='lat' dir='ltr'>Israhel</span> <span class='ocrx_word' id='word_1_317' title='bbox 998 3672 1157 3736; x_wconf 86' lang='lat' dir='ltr'>magnum</span> <span class='ocrx_word' id='word_1_318' title='bbox 1184 3669 1305 3714; x_wconf 92' lang='lat' dir='ltr'>nomen</span> <span class='ocrx_word' id='word_1_319' title='bbox 1331 3648 1411 3714; x_wconf 91' lang='lat' dir='ltr'>eius.</span> <span class='ocrx_word' id='word_1_320' title='bbox 1428 3648 1466 3711; x_wconf 92' lang='lat' dir='ltr'>ln</span> <span class='ocrx_word' id='word_1_321' title='bbox 1494 3649 1626 3712; x_wconf 91' lang='lat' dir='ltr'>modica</span> 
     </span>
     <span class='ocr_line' id='line_1_32' title="bbox 271 3753 1627 3837; baseline -0.005 -15"><span class='ocrx_word' id='word_1_322' title='bbox 271 3768 359 3822; x_wconf 91' lang='lat' dir='ltr'>terra</span> <span class='ocrx_word' id='word_1_323' title='bbox 374 3755 518 3820; x_wconf 87' lang='lat' dir='ltr'>nominis</span> <span class='ocrx_word' id='word_1_324' title='bbox 534 3754 599 3819; x_wconf 90' lang='lat' dir='ltr'>Dei</span> <span class='ocrx_word' id='word_1_325' title='bbox 617 3755 736 3818; x_wconf 89' lang='lat' dir='ltr'>notitia</span> <span class='ocrx_word' id='word_1_326' title='bbox 762 3755 935 3820; x_wconf 86' lang='lat' dir='ltr'>ferebatur.</span> <span class='ocrx_word' id='word_1_327' title='bbox 953 3755 1074 3820; x_wconf 90' lang='lat' dir='ltr'>Misisti</span> <span class='ocrx_word' id='word_1_328' title='bbox 1104 3757 1249 3832; x_wconf 89' lang='lat' dir='ltr'>Petrum,</span> <span class='ocrx_word' id='word_1_329' title='bbox 1266 3754 1400 3817; x_wconf 91' lang='lat' dir='ltr'>Petrum</span> <span class='ocrx_word' id='word_1_330' title='bbox 1418 3753 1627 3837; x_wconf 86' lang='lat' dir='ltr'>piscatorem,</span> 
     </span>
     <span class='ocr_line' id='line_1_33' title="bbox 272 3858 1626 3945; baseline -0.004 -20"><span class='ocrx_word' id='word_1_331' title='bbox 272 3861 329 3945; x_wconf 92' lang='lat' dir='ltr'>qui</span> <span class='ocrx_word' id='word_1_332' title='bbox 354 3859 529 3925; x_wconf 89' lang='lat' dir='ltr'>dimiserat</span> <span class='ocrx_word' id='word_1_333' title='bbox 554 3869 588 3922; x_wconf 89' lang='lat' dir='ltr'>ct</span> <span class='ocrx_word' id='word_1_334' title='bbox 616 3867 730 3936; x_wconf 89' lang='lat' dir='ltr'>retem,</span> <span class='ocrx_word' id='word_1_335' title='bbox 744 3859 801 3940; x_wconf 90' lang='lat' dir='ltr'>qui</span> <span class='ocrx_word' id='word_1_336' title='bbox 827 3859 870 3926; x_wconf 89' lang='lat' dir='ltr'>ab</span> <span class='ocrx_word' id='word_1_337' title='bbox 892 3879 993 3942; x_wconf 89' lang='lat' dir='ltr'>opere</span> <span class='ocrx_word' id='word_1_338' title='bbox 1019 3859 1179 3924; x_wconf 88' lang='lat' dir='ltr'>callosam</span> <span class='ocrx_word' id='word_1_339' title='bbox 1205 3859 1350 3926; x_wconf 91' lang='lat' dir='ltr'>habebat</span> <span class='ocrx_word' id='word_1_340' title='bbox 1379 3876 1525 3922; x_wconf 86' lang='lat' dir='ltr'>manum.</span> <span class='ocrx_word' id='word_1_341' title='bbox 1549 3858 1626 3920; x_wconf 92' lang='lat' dir='ltr'>Non</span> 
     </span>
    </p>
   </div>
   <div class='ocr_carea' id='block_1_3' title="bbox 275 4041 1631 4283">
    <p class='ocr_par' dir='ltr' id='par_1_6' title="bbox 275 4041 1631 4283">
     <span class='ocr_line' id='line_1_34' title="bbox 307 4041 1631 4113; baseline -0.004 -14"><span class='ocrx_word' id='word_1_342' title='bbox 307 4061 321 4112; x_wconf 88' lang='lat'>3</span> <span class='ocrx_word' id='word_1_343' title='bbox 332 4057 355 4099; x_wconf 81' lang='lat' dir='ltr'>er</span> <span class='ocrx_word' id='word_1_344' title='bbox 366 4048 458 4109; x_wconf 78' lang='lat' dir='ltr'>matri]</span> <span class='ocrx_word' id='word_1_345' title='bbox 469 4063 519 4098; x_wconf 89' lang='lat' dir='ltr'>om.</span> <span class='ocrx_word' id='word_1_346' title='bbox 534 4049 570 4108; x_wconf 68' lang='grc' dir='ltr'>ὃς</span> <span class='ocrx_word' id='word_1_347' title='bbox 589 4053 636 4096; x_wconf 80' lang='lat' dir='ltr'>aut</span> <span class='ocrx_word' id='word_1_348' title='bbox 647 4046 727 4096; x_wconf 79' lang='lat' dir='ltr'>matri</span> <span class='ocrx_word' id='word_1_349' title='bbox 738 4047 770 4097; x_wconf 89' lang='lat' dir='ltr'>G.</span> <span class='ocrx_word' id='word_1_350' title='bbox 875 4059 905 4108; x_wconf 87' lang='lat'>19</span> <span class='ocrx_word' id='word_1_351' title='bbox 915 4045 1001 4108; x_wconf 77' lang='lat' dir='ltr'>evelli]</span> <span class='ocrx_word' id='word_1_352' title='bbox 1020 4047 1123 4096; x_wconf 77' lang='lat' dir='ltr'>euellere</span> <span class='ocrx_word' id='word_1_353' title='bbox 1136 4043 1175 4113; x_wconf 73' lang='lat' dir='ltr'>pc</span> <span class='ocrx_word' id='word_1_354' title='bbox 1187 4058 1202 4094; x_wconf 85' lang='lat'><em>2</em></span> <span class='ocrx_word' id='word_1_355' title='bbox 1215 4061 1248 4096; x_wconf 91' lang='lat' dir='ltr'>m.</span> <span class='ocrx_word' id='word_1_356' title='bbox 1262 4061 1317 4113; x_wconf 82' lang='lat' dir='ltr'>sup.</span> <span class='ocrx_word' id='word_1_357' title='bbox 1332 4047 1376 4096; x_wconf 87' lang='lat' dir='ltr'>lin.</span> <span class='ocrx_word' id='word_1_358' title='bbox 1477 4057 1510 4094; x_wconf 86' lang='lat'>20</span> <span class='ocrx_word' id='word_1_359' title='bbox 1520 4041 1631 4106; x_wconf 78' lang='lat' dir='ltr'>riaam&#39;a]</span> 
     </span>
     <span class='ocr_line' id='line_1_35' title="bbox 276 4126 1631 4204; baseline -0.007 -18"><span class='ocrx_word' id='word_1_360' title='bbox 276 4135 313 4204; x_wconf 85' lang='grc' dir='ltr'>βΡ</span> <span class='ocrx_word' id='word_1_361' title='bbox 324 4152 379 4201; x_wconf 88' lang='lat' dir='ltr'>sup.</span> <span class='ocrx_word' id='word_1_362' title='bbox 392 4137 437 4186; x_wconf 88' lang='lat' dir='ltr'>lin.</span> <span class='ocrx_word' id='word_1_363' title='bbox 451 4135 510 4186; x_wconf 86' lang='lat' dir='ltr'>add.</span> <span class='ocrx_word' id='word_1_364' title='bbox 524 4135 553 4186; x_wconf 83' lang='lat' dir='ltr'>de</span> <span class='ocrx_word' id='word_1_365' title='bbox 555 4135 697 4200; x_wconf 78' lang='lat' dir='ltr'>frumento.</span> <span class='ocrx_word' id='word_1_366' title='bbox 794 4145 824 4196; x_wconf 89' lang='lat'>27</span> <span class='ocrx_word' id='word_1_367' title='bbox 837 4140 996 4184; x_wconf 82' lang='lat' dir='ltr'>revertamur</span> <span class='ocrx_word' id='word_1_368' title='bbox 1005 4129 1051 4192; x_wconf 77' lang='lat' dir='ltr'>ad]</span> <span class='ocrx_word' id='word_1_369' title='bbox 1062 4142 1180 4200; x_wconf 79' lang='lat' dir='ltr'>expunct.</span> <span class='ocrx_word' id='word_1_370' title='bbox 1196 4132 1220 4182; x_wconf 89' lang='lat' dir='ltr'>in</span> <span class='ocrx_word' id='word_1_371' title='bbox 1234 4133 1264 4182; x_wconf 89' lang='lat' dir='ltr'>C.</span> <span class='ocrx_word' id='word_1_372' title='bbox 1360 4128 1392 4179; x_wconf 90' lang='lat'>28</span> <span class='ocrx_word' id='word_1_373' title='bbox 1404 4129 1505 4192; x_wconf 83' lang='lat' dir='ltr'>Moysen</span> <span class='ocrx_word' id='word_1_374' title='bbox 1518 4126 1631 4189; x_wconf 71' lang='lat' dir='ltr'>miseras]</span> 
     </span>
     <span class='ocr_line' id='line_1_36' title="bbox 275 4213 951 4283; baseline -0.006 -13"><span class='ocrx_word' id='word_1_375' title='bbox 275 4219 360 4270; x_wconf 77' lang='lat' dir='ltr'>Mosen</span> <span class='ocrx_word' id='word_1_376' title='bbox 372 4219 476 4268; x_wconf 79' lang='lat' dir='ltr'>miserat</span> <span class='ocrx_word' id='word_1_377' title='bbox 486 4217 514 4269; x_wconf 87' lang='lat' dir='ltr'>S.</span> <span class='ocrx_word' id='word_1_378' title='bbox 615 4229 642 4280; x_wconf 83' lang='lat'>31</span> <span class='ocrx_word' id='word_1_379' title='bbox 659 4216 774 4278; x_wconf 80' lang='lat' dir='ltr'>Pefrrmr]</span> <span class='ocrx_word' id='word_1_380' title='bbox 785 4216 862 4266; x_wconf 80' lang='lat' dir='ltr'>semel</span> <span class='ocrx_word' id='word_1_381' title='bbox 876 4213 951 4283; x_wconf 76' lang='lat' dir='ltr'>pau.</span> 
     </span>
    </p>
   </div>
   <div class='ocr_carea' id='block_1_4' title="bbox 238 4362 1634 4772">
    <p class='ocr_par' dir='ltr' id='par_1_7' title="bbox 238 4362 1634 4772">
     <span class='ocr_line' id='line_1_37' title="bbox 238 4362 1632 4450; baseline -0.006 -20"><span class='ocrx_word' id='word_1_382' title='bbox 238 4389 242 4394; x_wconf 90' lang='lat'>·</span> <span class='ocrx_word' id='word_1_383' title='bbox 318 4366 621 4450; x_wconf 83' lang='lat' dir='ltr'>a.oues]lo.1o,12.</span> <span class='ocrx_word' id='word_1_384' title='bbox 982 4365 1064 4426; x_wconf 81' lang='lat' dir='ltr'>stolis</span> <span class='ocrx_word' id='word_1_385' title='bbox 1088 4365 1118 4426; x_wconf 93' lang='lat' dir='ltr'>in</span> <span class='ocrx_word' id='word_1_386' title='bbox 1145 4363 1233 4443; x_wconf 91' lang='lat' dir='ltr'>priori</span> <span class='ocrx_word' id='word_1_387' title='bbox 1259 4375 1341 4440; x_wconf 87' lang='lat' dir='ltr'>parte</span> <span class='ocrx_word' id='word_1_388' title='bbox 1370 4373 1511 4422; x_wconf 85' lang='lat' dir='ltr'>tractatus</span> <span class='ocrx_word' id='word_1_389' title='bbox 1542 4362 1632 4422; x_wconf 90' lang='lat' dir='ltr'>disse-</span> 
     </span>
     <span class='ocr_line' id='line_1_38' title="bbox 319 4443 1634 4530; baseline -0.005 -19"><span class='ocrx_word' id='word_1_390' title='bbox 319 4473 364 4512; x_wconf 66' lang='grc' dir='ltr'>αι.</span> <span class='ocrx_word' id='word_1_391' title='bbox 379 4447 523 4530; x_wconf 73' lang='lat' dir='ltr'>fritr&#39;rrrm]</span> <span class='ocrx_word' id='word_1_392' title='bbox 536 4451 642 4510; x_wconf 88' lang='lat' dir='ltr'>Matth.</span> <span class='ocrx_word' id='word_1_393' title='bbox 664 4469 708 4526; x_wconf 80' lang='lat'>13,</span> <span class='ocrx_word' id='word_1_394' title='bbox 727 4470 772 4526; x_wconf 87' lang='lat'>²9·</span> <span class='ocrx_word' id='word_1_395' title='bbox 982 4449 1095 4508; x_wconf 87' lang='lat' dir='ltr'>ruisse:</span> <span class='ocrx_word' id='word_1_396' title='bbox 1117 4459 1146 4508; x_wconf 90' lang='lat' dir='ltr'>et</span> <span class='ocrx_word' id='word_1_397' title='bbox 1161 4465 1233 4508; x_wconf 85' lang='lat' dir='ltr'>sane</span> <span class='ocrx_word' id='word_1_398' title='bbox 1254 4445 1293 4506; x_wconf 90' lang='lat' dir='ltr'>de</span> <span class='ocrx_word' id='word_1_399' title='bbox 1322 4444 1378 4504; x_wconf 88' lang='lat' dir='ltr'>illis</span> <span class='ocrx_word' id='word_1_400' title='bbox 1393 4443 1467 4504; x_wconf 86' lang='lat' dir='ltr'>infra</span> <span class='ocrx_word' id='word_1_401' title='bbox 1493 4462 1634 4520; x_wconf 85' lang='lat' dir='ltr'>persaepe</span> 
     </span>
     <span class='ocr_line' id='line_1_39' title="bbox 319 4523 1634 4612; baseline -0.006 -20"><span class='ocrx_word' id='word_1_402' title='bbox 319 4551 364 4608; x_wconf 83' lang='lat'>27.</span> <span class='ocrx_word' id='word_1_403' title='bbox 381 4539 564 4592; x_wconf 79' lang='lat' dir='ltr'>reuertamur</span> <span class='ocrx_word' id='word_1_404' title='bbox 575 4531 617 4590; x_wconf 84' lang='lat' dir='ltr'>ad</span> <span class='ocrx_word' id='word_1_405' title='bbox 633 4528 784 4612; x_wconf 79' lang='lat' dir='ltr'>apostolos]</span> <span class='ocrx_word' id='word_1_406' title='bbox 806 4530 930 4592; x_wconf 87' lang='lat' dir='ltr'>Videtur</span> <span class='ocrx_word' id='word_1_407' title='bbox 982 4527 1119 4590; x_wconf 91' lang='lat' dir='ltr'>meminit</span> <span class='ocrx_word' id='word_1_408' title='bbox 1132 4547 1201 4588; x_wconf 89' lang='lat' dir='ltr'>curn</span> <span class='ocrx_word' id='word_1_409' title='bbox 1216 4527 1295 4600; x_wconf 85' lang='lat' dir='ltr'>alibi,</span> <span class='ocrx_word' id='word_1_410' title='bbox 1312 4537 1375 4587; x_wconf 88' lang='lat' dir='ltr'>tum</span> <span class='ocrx_word' id='word_1_411' title='bbox 1394 4523 1524 4586; x_wconf 84' lang='lat' dir='ltr'>maxime</span> <span class='ocrx_word' id='word_1_412' title='bbox 1537 4524 1568 4584; x_wconf 91' lang='lat' dir='ltr'>in</span> <span class='ocrx_word' id='word_1_413' title='bbox 1583 4523 1634 4584; x_wconf 76' lang='lat' dir='ltr'>ho-</span> 
     </span>
     <span class='ocr_line' id='line_1_40' title="bbox 281 4606 1411 4691; baseline -0.004 -18"><span class='ocrx_word' id='word_1_414' title='bbox 281 4615 483 4691; x_wconf 88' lang='lat' dir='ltr'>Hieronymus</span> <span class='ocrx_word' id='word_1_415' title='bbox 506 4625 585 4686; x_wconf 82' lang='lat' dir='ltr'>ante,</span> <span class='ocrx_word' id='word_1_416' title='bbox 612 4631 703 4689; x_wconf 90' lang='lat' dir='ltr'>quam</span> <span class='ocrx_word' id='word_1_417' title='bbox 718 4614 756 4672; x_wconf 91' lang='lat' dir='ltr'>ad</span> <span class='ocrx_word' id='word_1_418' title='bbox 782 4614 929 4690; x_wconf 87' lang='lat' dir='ltr'>psalmum</span> <span class='ocrx_word' id='word_1_419' title='bbox 983 4610 1071 4671; x_wconf 87' lang='lat' dir='ltr'>millis</span> <span class='ocrx_word' id='word_1_420' title='bbox 1085 4611 1124 4672; x_wconf 91' lang='lat' dir='ltr'>de</span> <span class='ocrx_word' id='word_1_421' title='bbox 1140 4606 1235 4671; x_wconf 89' lang='lat' dir='ltr'>Marci</span> <span class='ocrx_word' id='word_1_422' title='bbox 1250 4607 1411 4686; x_wconf 82' lang='lat' dir='ltr'>evangelio.</span> 
     </span>
     <span class='ocr_line' id='line_1_41' title="bbox 281 4684 1316 4772; baseline -0.005 -16"><span class='ocrx_word' id='word_1_423' title='bbox 281 4711 378 4756; x_wconf 73' lang='lat' dir='ltr'>Lxxxr</span> <span class='ocrx_word' id='word_1_424' title='bbox 394 4684 615 4772; x_wconf 77' lang='lat' dir='ltr'>explanandlrm</span> <span class='ocrx_word' id='word_1_425' title='bbox 630 4694 796 4768; x_wconf 89' lang='lat' dir='ltr'>accederet,</span> <span class='ocrx_word' id='word_1_426' title='bbox 810 4695 849 4756; x_wconf 90' lang='lat' dir='ltr'>de</span> <span class='ocrx_word' id='word_1_427' title='bbox 863 4713 932 4772; x_wconf 80' lang='lat' dir='ltr'>apo</span> <span class='ocrx_word' id='word_1_428' title='bbox 1024 4713 1070 4770; x_wconf 85' lang='lat'>30.</span> <span class='ocrx_word' id='word_1_429' title='bbox 1086 4689 1157 4772; x_wconf 78' lang='lat' dir='ltr'>eriis]</span> <span class='ocrx_word' id='word_1_430' title='bbox 1171 4695 1217 4753; x_wconf 92' lang='lat' dir='ltr'>Ps.</span> <span class='ocrx_word' id='word_1_431' title='bbox 1232 4707 1246 4767; x_wconf 79' lang='lat'><strong>7</strong></span> <span class='ocrx_word' id='word_1_432' title='bbox 1250 4709 1278 4769; x_wconf 82' lang='lat'>5,</span> <span class='ocrx_word' id='word_1_433' title='bbox 1292 4711 1316 4751; x_wconf 83' lang='lat'>2.</span> 
     </span>
    </p>
   </div>
   <div class='ocr_carea' id='block_1_5' title="bbox 0 0 2142 5492">
    <p class='ocr_par' dir='ltr' id='par_1_8' title="bbox 0 0 2142 5492">
     <span class='ocr_line' id='line_1_42' title="bbox 0 0 2142 5492; baseline 0 0"><span class='ocrx_word' id='word_1_434' title='bbox 0 0 2142 5492; x_wconf 95' lang='lat' dir='ltr'> </span> 
     </span>
    </p>
   </div>
  </div>
 </body>
</html>
