4060 5498
479 335 535 441 98
862 353 891 411 s
918 351 1173 414 ursnouuut
1199 348 1467 410 pausantem

479 551 543 614 ris:
558 549 642 613 alius
660 571 717 631 per
732 564 835 627 SADE,
853 551 937 614 allus
956 573 1013 633 per
1028 565 1099 616 SIN.
1115 549 1222 628 Quom
1239 548 1327 611 vidit
1340 559 1438 629 super
1452 544 1613 610 Iudaeam
1630 553 1662 607 et
1679 543 1831 606 Hieruso-

479 655 549 718 lem.
567 653 768 736 Specialiter
788 655 906 718 Esaias
923 658 965 718 ad
982 657 1067 719 duas
1084 656 1189 719 tribus
1207 653 1361 728 mittitur,
1380 652 1500 714 ludam
1528 659 1562 712 et
1590 647 1766 710 Beniamin
1781 669 1789 725 ;
1806 653 1833 707 et

481 756 702 834 Hierusalem,
718 758 782 822 hoc
798 769 858 836 est,
874 761 916 824 ad
935 759 1147 840 metropolim
1164 760 1307 822 duarum
1321 757 1469 820 tribuum
1484 753 1664 817 civitatem.
1677 750 1719 812 In
1729 748 1832 813 dubus

483 861 589 939 Onioe,
608 861 764 940 loatlmm,
782 863 902 940 Aclraa,
918 863 1084 941 Ezechiae,
1100 883 1211 946 regum
1239 861 1336 925 ludo.
1361 859 1436 925 Sub
1463 858 1535 921 istis
1564 875 1645 938 ergo
1673 853 1833 926 omnibus,

481 966 537 1047 qui
554 975 780 1046 regnaverunt
796 966 828 1028 in
850 967 942 1044 luda,
959 967 1137 1049 prophetia
1153 967 1224 1029 eius
1240 975 1384 1028 extensa
1399 973 1470 1040 est;
1487 963 1589 1025 etiam
1606 961 1639 1024 in
1656 959 1731 1041 ipso
1752 957 1831 1020 libro
1850 981 1864 1032 5

481 1071 721 1150 repperlemus,
736 1089 823 1153 quae
839 1071 922 1133 visio
939 1071 1002 1134 sub
1018 1091 1085 1152 quo
1101 1071 1192 1133 dicta
1208 1070 1250 1134 sit
1263 1088 1348 1150 rege.
1364 1068 1440 1130 Hoc
1453 1065 1638 1130 secundum
1652 1062 1831 1126 historiam.

483 1171 675 1236 Secundum
693 1175 918 1256 tropologiam
936 1186 1060 1251 autem,
1077 1173 1342 1256 intellegendum
1359 1173 1438 1255 quia
1454 1171 1693 1254 quodcumque
1708 1167 1751 1230 ad
1778 1165 1832 1230 Sa-

483 1275 621 1337 mariam
635 1276 722 1338 etad
735 1277 853 1340 decem
867 1279 973 1341 tribus
986 1277 1117 1354 dicitur,
1130 1278 1194 1342 hoc
1206 1278 1273 1342 dici
1285 1285 1403 1340 contra
1416 1276 1570 1338 haereses
1584 1294 1591 1351 ;
1604 1273 1833 1354 quodcumque

482 1399 561 1442 vero
587 1389 704 1442 contra
732 1381 954 1459 Hierusalem,
970 1382 1035 1446 hoc
1060 1383 1125 1445 dici
1141 1393 1259 1448 contra
1274 1380 1459 1444 ecclesiam.
1478 1379 1591 1443 Prima
1607 1375 1832 1458 intellegentia

482 1481 692 1562 tropologiae
710 1484 773 1545 ista
789 1495 849 1548 est.
867 1485 1024 1549 Secunda
1040 1485 1117 1549 illa:
1134 1485 1261 1548 Anima
1288 1505 1374 1566 quae
1400 1484 1569 1557 erraverit,
1585 1490 1619 1543 et
1643 1481 1687 1544 de
1714 1479 1832 1543 iustitia
1854 1503 1882 1537 ιο

482 1605 646 1648 conruens
663 1587 752 1648 vitiis
769 1588 979 1664 subiacuerit,
995 1588 1115 1652 dicitur
1133 1587 1269 1662 Eiraim,
1287 1589 1409 1653 dicitur
1426 1586 1579 1653 Samaria
1594 1607 1602 1662 ;
1619 1605 1697 1647 nam
1715 1583 1829 1648 dicitur

482 1709 601 1754 vaccas
618 1689 681 1752 sibi
698 1710 814 1754 aureas
831 1693 1068 1770 construxisse,
1084 1700 1118 1756 et
1133 1692 1274 1756 retertur
1289 1693 1331 1756 ad
1360 1693 1475 1755 decem
1504 1690 1621 1754 tribus.
1638 1689 1741 1752 Porro
1768 1687 1833 1769 qui-

482 1813 628 1875 cumque
654 1793 765 1858 adhuc
791 1796 825 1857 in
852 1796 1027 1877 proposito
1055 1806 1255 1876 perseverat,
1279 1807 1312 1859 et
1340 1815 1407 1860 non
1439 1796 1470 1856 in
1500 1804 1652 1876 apertam
1688 1791 1834 1873 prorupit

484 1897 657 1973 insaniam,
675 1916 801 1978 negans
818 1917 890 1960 esse
906 1897 996 1980 quod
1012 1898 1142 1975 dicitur,
1157 1908 1192 1962 et
1208 1898 1426 1962 nihilominus
1449 1897 1539 1961 vitiis
1562 1898 1725 1972 subiacet,
1740 1895 1833 1958 corri-

485 2002 574 2082 pitur
598 2020 617 2063 a
644 2001 808 2082 propheta
833 2002 928 2083 quasi
956 2001 1068 2077 Iudas,
1084 2002 1116 2064 in
1146 2021 1212 2082 quo
1239 2002 1282 2064 sit
1306 2021 1384 2064 vera
1412 2000 1475 2064 Dei
1500 1999 1676 2078 confessio,
1693 2010 1726 2063 et
1742 1998 1831 2082 quasi
1857 2019 1883 2070 ¹5

467 2150 469 2153 -
487 2105 711 2182 Hierusalem,
728 2107 818 2186 quod
843 2125 959 2186 pacem
984 2107 1119 2188 quidem
1138 2107 1260 2172 habere
1277 2107 1447 2171 videatur:
1463 2115 1499 2168 ut
1514 2106 1558 2168 ab
1574 2103 1714 2168 occultis
1730 2102 1833 2166 crimi-

485 2211 584 2274 nibus
600 2230 635 2272 se
653 2209 810 2285 retrahat,
826 2228 867 2272 ne
885 2209 986 2272 etiam
1004 2208 1053 2272 illi
1069 2210 1249 2291 captivitas
1266 2212 1389 2273 veniat.

528 2313 654 2378 Audite
676 2314 763 2391 coeli,
778 2324 810 2376 et
833 2313 971 2377 auribus
990 2313 1115 2396 percipe
1141 2325 1239 2392 terra,
1265 2315 1419 2398 quoniam
1445 2309 1610 2377 Dominus
1633 2311 1757 2374 locutus
1783 2320 1835 2374 est.

520 2498 529 2533 1
543 2485 677 2546 Iudaeam]
688 2484 712 2532 V
722 2483 793 2534 iuxta
803 2501 841 2550 gr.
853 2483 922 2536 κατὰ
933 2488 981 2549 τῆς
991 2479 1115 2544 ’loudaiac
1126 2503 1134 2546 ;
1149 2486 1239 2536 ludam
1253 2504 1281 2550 μ.
1350 2500 1365 2535 a
1376 2484 1528 2546 Beniamin]
1543 2499 1608 2534 corr.
1622 2500 1653 2534 ex
1663 2484 1796 2533 maianis
1806 2483 1836 2531 V.

484 2567 579 2629 4e‘see's]
587 2574 701 2616 extrema
712 2565 797 2616 littera
807 2565 891 2630 suppl.
905 2581 960 2631 sup.
974 2565 1018 2616 lin.
1033 2567 1062 2616 B.
1161 2567 1227 2630 ergo]
1247 2567 1310 2630 Vp;
1331 2568 1398 2616 enim
1414 2567 1440 2616 Β.
1541 2563 1557 2612 6
1576 2565 1757 2629 repperiamus]
1776 2563 1816 2614 BV
1831 2583 1838 2622 ;

484 2656 562 2712 reper.
585 2665 612 2712 μ.
715 2658 728 2708 7
749 2648 920 2711 tropologiam]
938 2647 1091 2712 tropologiam
1111 2647 1142 2698 V.
1253 2649 1325 2712 quia]
1344 2649 1408 2707 BV;
1425 2665 1475 2698 orn.
1491 2667 1511 2713 μ
1530 2651 1563 2700 ob
1582 2649 1709 2710 vitiosam,
1730 2659 1756 2699 nt
1777 2663 1837 2708 reor,

483 2729 698 2780 constructionem
717 2730 810 2794 qnia...
823 2729 891 2780 dici:
912 2730 956 2780 sed
969 2729 1037 2780 conl.
1051 2745 1128 2794 supra
1145 2729 1185 2791 67,
1205 2730 1234 2779 16
1252 2747 1289 2796 sq.
1313 2730 1395 2780 ‘scire
1414 2731 1536 2781 debemus
1552 2732 1653 2796 quod...
1672 2731 1773 2782 titulum
1790 2745 1838 2780 non

485 2811 859 2878 habere’;73‚9sq.‘sciens
870 2812 969 2876 quod...
984 2828 1013 2860 ex
1027 2811 1156 2861 voluntate
1167 2810 1289 2862 venisse'.
1377 2825 1406 2861 10
1417 2813 1589 2875 illa]B;alr'a
1600 2813 1654 2878 Vp.
1747 2825 1840 2862 rtem·

485 2894 816 2956 ruens]V;corruensBp‚
918 2893 1394 2958 Esrar'm]V;EffraimB;Eplrroe'm
1404 2911 1432 2957 μ.
1536 2908 1564 2944 12
1577 2895 1772 2958 Porro]B;om.
1783 2893 1834 2956 Vp„

489 2990 517 3040 13
526 2976 656 3042 prorupit]
669 2977 709 3039 Vp
721 2977 882 3041 ;prornmpr't
893 2976 921 3025 B.
993 2975 1182 3040 14corre'pileer]
1195 2976 1216 3024 V
1229 2977 1303 3026 inser.
1317 2984 1409 3026 aretem.
1482 2976 1511 3027 18
1521 2977 1555 3038 et]
1567 2992 1618 3027 om.
1634 2978 1664 3027 B.
1735 2974 1838 3042 pem'pe]

486 3075 549 3110 corr.
565 3076 594 3108 ea
602 3060 724 3123 percipete
737 3060 757 3106 V
768 3076 775 3116 ;
785 3059 904 3123 percipite
916 3058 945 3108 B.
1023 3058 1129 3120 locretm]
1137 3059 1257 3122 loquutur
1267 3059 1296 3108 B.

535 3211 557 3250 t.
573 3191 652 3248 alius
673 3202 727 3266 per
752 3189 827 3270 sen]
854 3191 1027 3251 Comment.
1054 3188 1083 3248 in
1101 3192 1138 3250 ls.
1192 3191 1272 3249 enim
1289 3190 1378 3250 allam
1394 3192 1541 3252 rationem
1553 3194 1635 3253 verbi
1648 3209 1700 3254 siu
1711 3193 1778 3254 heic
1789 3215 1841 3273 pro

493 3292 517 3343 1,
539 3293 550 3330 1
570 3275 681 3331 ‘Amos
696 3281 795 3332 autem
814 3281 894 3347 pater
911 3273 1006 3332 Isaiae
1021 3291 1091 3343 non,
1108 3281 1140 3330 ut
1192 3289 1319 3332 seuseu
1336 3274 1424 3350 positi
1440 3277 1644 3349 quaerendam
1669 3295 1737 3336 esse
1762 3291 1841 3353 puta-

491 3353 626 3432 plerique
653 3364 818 3424 autumant,
843 3353 947 3414 tertius
976 3352 1139 3413 duodecim
1192 3353 1295 3414 verim.

492 3438 702 3513 prophetarum
714 3447 768 3506 est,
782 3435 835 3493 sed
847 3435 931 3506 alius,
954 3435 1140 3510 diversisque
1234 3455 1258 3493 2.
1284 3436 1392 3494 Iudam
1416 3446 1444 3495 et
1466 3435 1639 3518 Beniamin]
1665 3439 1782 3500 Cumm.
1809 3440 1838 3499 in

491 3518 571 3595 apud
588 3516 746 3577 Hebraeos
762 3515 932 3576 scribuntur
946 3515 1058 3576 litteris.
1077 3518 1139 3576 Iste
1192 3517 1229 3574 Is.
1248 3517 1275 3574 h.
1293 3519 1309 3576 l.
1335 3519 1433 3594 ‘Ergo
1458 3519 1551 3578 lsaias
1576 3520 1778 3596 principaliter
1801 3522 1839 3582 de

491 3599 617 3678 primam
646 3611 675 3657 et
710 3609 871 3656 extremam
907 3597 1019 3657 litteras
1050 3597 1141 3657 habet
1191 3599 1308 3656 duabus
1324 3599 1456 3675 loquitur
1471 3600 1616 3673 tribubus,
1634 3603 1750 3664 Iudaet
1766 3605 1838 3664 Ben-

491 3697 596 3741 steen
622 3691 651 3739 et
676 3695 775 3752 seos3
791 3679 839 3737 ille
855 3696 912 3736 eru
934 3689 962 3738 et
978 3681 1141 3752 snuecu’3
1192 3677 1283 3738 iamin
1296 3681 1310 3738 ’.

493 3764 609 3840 Ptolog.
627 3761 657 3820 in
672 3765 766 3820 Amos
787 3763 901 3820 ‘Amos
918 3762 1072 3836 propheta,
1088 3761 1140 3836 qui
1232 3763 1259 3818 6.
1275 3761 1325 3819 snb
1339 3763 1480 3836 qnodr'cto
1492 3759 1615 3843 sitrege]
1626 3763 1705 3824 lbid.
1717 3765 1726 3797 ⁸
1739 3765 1840 3842 Quod-

493 3843 627 3920 sequitur
643 3845 766 3913 Ioelem,
782 3855 811 3902 et
834 3852 878 3901 est
900 3841 1003 3900 tertius
1027 3842 1140 3902 duode·
1192 3860 1254 3917 que
1269 3844 1298 3901 in
1313 3845 1402 3901 titulo
1418 3843 1544 3916 ponitur,
1562 3847 1758 3921 prophetasse
1772 3865 1838 3907 eum

493 3926 552 3986 eim
579 3925 801 4001 prophetarum,
818 3941 878 3983 non
894 3935 939 3984 est
964 3922 1027 3998 ipse
1050 3942 1140 3999 quem
1192 3922 1248 3982 sub
1263 3921 1337 3984 Ozia
1352 3935 1381 3984 et
1397 3925 1535 3984 Ioatham
1548 3941 1578 3985 et
1591 3928 1692 3986 Achae
1717 3943 1747 3990 et
1773 3929 1841 3987 Eze-

494 4019 607 4085 patrem
628 4007 724 4065 Isaiae
740 4005 904 4082 prophetae
926 4003 1060 4080 legimus.
1086 4005 1142 4064 llle
1192 4003 1260 4062 chia
1286 4005 1403 4082 tegibus
1427 4008 1511 4080 luda,
1527 4027 1589 4066 non
1606 4019 1638 4066 ut
1653 4009 1682 4067 in
1698 4007 1764 4070 aliis
1779 4029 1841 4087 pro

493 4089 574 4149 enim
591 4087 727 4148 scribitur
743 4105 795 4162 per
810 4087 934 4163 primam
950 4097 980 4145 et
1006 4087 1140 4145 ultimam
1195 4085 1291 4162 phetis
1316 4088 1441 4147 confuse
1465 4090 1701 4166 intellegendum
1729 4105 1783 4162 est,
1809 4103 1840 4152 ut

494 4169 625 4230 nominis
647 4167 691 4228 sui
714 4168 841 4228 litteram
858 4184 961 4226 ncseu
976 4180 1006 4226 et
1021 4185 1139 4226 saus...
1196 4168 1363 4228 nesciamus
1391 4169 1465 4244 quid
1495 4171 1551 4230 sub
1585 4191 1647 4248 quo
1675 4172 1842 4249 specialiter

493 4251 542 4314 hic
567 4271 638 4312 vero
661 4270 711 4326 per
733 4268 790 4309 atu
805 4262 834 4310 et
849 4265 984 4308 seuseu.
1000 4251 1006 4278 ’
1023 4251 1067 4308 Ex
1081 4268 1143 4326 quo
1194 4268 1263 4325 rege
1288 4250 1403 4310 dictum
1428 4251 1484 4310 sit:
1510 4251 1563 4312 sed
1580 4256 1728 4329 usquead
1752 4256 1841 4314 linem

493 4335 580 4393 lacile
595 4333 811 4409 deprehendes,
830 4333 1050 4406 Hieronymum
1068 4333 1141 4390 etin
1194 4330 1355 4390 voluminis
1369 4330 1513 4408 scriptum
1529 4333 1662 4406 retertur,
1678 4335 1750 4413 quid
1767 4355 1842 4396 seor·

493 4415 609 4491 scriptis
625 4413 735 4491 ingenii
750 4413 795 4474 sui
822 4413 1026 4472 monumentis
1052 4431 1142 4488 saepe
1193 4431 1259 4470 sum
1276 4411 1332 4472 sub
1344 4412 1428 4485 Oeia,
1440 4426 1470 4473 et
1485 4414 1560 4490 quid
1576 4416 1632 4474 sub
1650 4418 1798 4489 loatham,
1813 4431 1841 4477 et

492 4499 572 4556 dicta
588 4499 718 4567 iterasse,
735 4509 764 4555 et
780 4496 809 4553 in
826 4493 987 4572 repentinis
1003 4493 1141 4554 orationi·
1192 4493 1266 4570 quid
1282 4495 1337 4553 sub
1359 4495 1469 4567 Achae,
1485 4507 1515 4554 et
1540 4495 1612 4574 quid
1639 4499 1695 4558 sub
1711 4497 1840 4559 Ezechia

493 4580 549 4640 bus
560 4577 678 4654 saepius
690 4576 865 4637 memoriam
877 4575 1011 4636 amisisse
1023 4597 1028 4634 :
1042 4593 1139 4652 neque
1191 4575 1218 4636 el
1233 4595 1250 4634 a
1267 4574 1401 4636 Domino
1415 4579 1580 4638 revelatum
1595 4577 1660 4638 sit’
