4202 5492
594 419 850 482 TRACTATUS
874 421 931 480 DE
953 421 1122 483 PSALMO
1145 423 1314 483 LXXXVI.
1569 421 1646 508 105

291 656 404 701 verum
422 636 586 720 templum
604 635 718 720 Xpisti
742 657 807 702 non
824 645 874 702 est
893 636 955 700 nisi
979 637 1091 701 anima
1107 636 1263 702 humana.
1282 636 1433 702 Ecclesia
1450 637 1561 721 Xpisti
1578 657 1645 703 non

290 751 340 804 est
352 737 426 819 alia,
442 740 505 804 nisi
521 740 654 804 animae
681 741 885 806 credentium
913 741 944 804 in
971 741 1102 823 Xpisto.
1120 741 1216 804 ‘Vos
1238 742 1354 825 inquit,
1378 743 1458 806 estis
1483 742 1646 826 templum

291 843 366 922 Dei,
382 854 416 908 et
442 843 578 926 spiritus
606 844 670 907 Dei
695 845 825 908 habitat
853 844 886 908 in
912 844 1036 909 vobis'‚
1066 844 1295 908 Fundamenta
1324 845 1394 908 eius
1421 845 1456 908 in
1486 845 1648 910 montibus

290 948 432 1012 sanctis:
458 949 522 1012 hoc
548 957 608 1026 est,
624 948 689 1012 Dei
708 948 927 1014 fundamenta
954 967 1021 1012 non
1041 959 1120 1012 sunt
1136 949 1197 1012 nisi
1219 949 1251 1011 in
1270 948 1439 1013 montibus
1455 950 1588 1026 sanctis,
1613 949 1645 1012 in

261 1052 505 1134 §dogmatibus
521 1053 653 1116 animae
669 1052 841 1116 credentis.
858 1051 984 1134 Diligit
998 1051 1164 1115 Dominus
1179 1061 1294 1134 portas
1315 1051 1407 1119 Sion.
1425 1052 1540 1116 Habet
1565 1053 1646 1118 Sion

292 1168 405 1220 nostra
421 1154 581 1239 plurimas
608 1163 740 1238 portas:
756 1175 840 1238 quas
855 1156 882 1218 si
899 1156 1136 1238 aperuerimus,
1152 1156 1337 1237 ingreditur
1359 1156 1402 1220 ad
1420 1175 1480 1218 nos
1497 1175 1650 1237 sponsus,

293 1269 325 1324 et
345 1259 471 1326 dormit
499 1257 682 1324 nobiscum.
700 1259 855 1341 Denique
881 1259 952 1342 ipse
967 1259 1049 1323 dicit
1067 1279 1074 1322 :
1090 1261 1097 1292 ‘
1111 1258 1199 1322 Ecce
1215 1278 1279 1340 ego
1295 1268 1373 1323 ante
1388 1259 1512 1322 ostium
1530 1257 1648 1341 pulso:

252 1441 262 1461 ·
293 1365 320 1426 si
335 1364 410 1448 quis
427 1364 508 1428 mihi
524 1365 700 1446 aperuerit,
715 1363 849 1428 intrabo
873 1372 906 1427 et
923 1362 1051 1427 cenabo
1076 1383 1150 1426 cum
1177 1361 1251 1446 ipso
1267 1359 1284 1427 ³.
1302 1360 1451 1426 Gloriosa
1469 1361 1557 1426 datto
1571 1369 1652 1426 sunt

293 1465 331 1530 de
345 1477 384 1545 te,
398 1467 516 1530 civitas
527 1465 601 1531 Dei.
619 1467 745 1532 Civitas
762 1476 893 1531 nonest
909 1485 1012 1530 unum
1029 1465 1228 1542 aedificium,
1244 1466 1301 1529 sed
1316 1466 1348 1528 in
1362 1465 1475 1530 multis
1487 1463 1650 1529 aediliciis

249 1595 278 1632 ro
294 1571 467 1638 consistit:
483 1569 621 1635 ecclesia
636 1571 684 1632 sic
699 1579 733 1632 et
749 1569 831 1636 Sion
847 1580 971 1646 nostra,
987 1567 1050 1631 nisi
1066 1567 1176 1651 plures
1193 1567 1331 1632 virtutes
1348 1567 1512 1645 habuerit,
1532 1567 1649 1632 civitas

295 1675 358 1740 Dei
375 1693 442 1738 non
458 1675 530 1740 crit.
547 1673 679 1738 Memor
691 1694 744 1738 ero
759 1672 896 1738 Raabet
911 1671 1087 1755 Babylonis
1099 1671 1271 1736 scientibus
1287 1693 1343 1736 me.
1363 1671 1425 1737 llla
1440 1691 1526 1756 quae
1541 1689 1647 1754 quon·

294 1781 372 1844 dam
385 1787 456 1844 erat
472 1779 505 1842 in
523 1777 701 1844 latitudine
726 1785 949 1861 peccatorum,
972 1775 1124 1840 ascendit
1149 1784 1266 1857 postea
1293 1775 1326 1838 in
1351 1773 1547 1840 memoriam
1575 1774 1648 1838 Dei.

294 1882 472 1966 Numquid
485 1881 567 1948 Sion
588 1882 671 1946 dicet
685 1881 785 1958 homo,
799 1889 831 1944 et
844 1879 937 1944 homo
958 1888 1057 1944 natus
1078 1887 1127 1943 est
1147 1879 1182 1944 in
1203 1879 1271 1944 ca?
1297 1879 1384 1944 Rem
1411 1879 1507 1944 vobis
1532 1879 1649 1944 miram

295 1984 421 2068 loquor,
436 1986 495 2051 sed
513 2007 634 2052 veram.
656 1985 738 2052 Sion
765 1991 887 2062 nostra,
902 1983 936 2047 in
961 2003 1028 2066 qua
1052 1981 1253 2066 aliquotiens
1274 1982 1482 2066 alienigenae
1506 1991 1594 2060 sunt,
1617 1989 1651 2044 et

249 2119 256 2154 ι
263 2115 277 2170 5
296 2089 463 2173 Tyrus,et
479 2088 691 2172 Aethiopus:
708 2087 764 2152 illa
788 2087 932 2170 specula,
949 2088 1004 2151 illa
1026 2087 1194 2164 meretrix,
1210 2085 1267 2150 illa
1291 2086 1399 2164 Raab,
1415 2086 1472 2151 illa
1489 2084 1652 2168 Babylon,

295 2193 453 2276 illaquae
468 2192 670 2258 devaricavit
686 2191 788 2274 pedes
815 2210 894 2255 suos
920 2191 1012 2255 omni
1038 2191 1233 2269 transeunti,
1259 2191 1442 2256 secundum
1470 2188 1652 2255 iezechiel:

295 2297 351 2361 illa
368 2298 526 2361 meretrix
544 2297 570 2360 si
586 2295 833 2378 voluerit‚virgo
849 2302 984 2378 repente
995 2292 1143 2358 efficitur.
1156 2293 1263 2377 Virgo
1280 2293 1361 2374 fit,et
1371 2294 1517 2377 concipit
1531 2293 1651 2356 Filium

297 2399 371 2476 Dei,
397 2409 431 2464 et
458 2407 604 2482 generat.
621 2399 672 2464 ‘A
700 2400 821 2464 timore
842 2407 911 2476 tuo,
928 2398 1083 2476 Domine,
1099 2397 1313 2481 concepimus
1338 2407 1372 2462 et
1394 2398 1652 2480 parturivimus;

295 2503 448 2586 spiritum
472 2502 590 2566 salutis
613 2511 692 2566 tuae
720 2501 857 2566 lecimus
883 2520 983 2583 super
1007 2510 1138 2566 terram.
1155 2501 1162 2528 ’
1178 2501 1301 2566 Videte
1317 2521 1398 2585 ergo
1418 2502 1577 2586 quoniam
1595 2502 1650 2566 illa

247 2639 281 2676 ιο
298 2609 455 2674 meretrix
472 2628 491 2670 a
509 2607 584 2670 Deo
600 2605 746 2688 concipit
762 2614 796 2669 et
811 2605 907 2687 parit,
922 2613 956 2668 et
973 2605 1114 2686 parturit
1124 2604 1343 2672 Salvatorem.
1357 2605 1518 2690 Spiritum
1536 2605 1653 2672 salutis

298 2721 375 2774 tuae
392 2709 528 2774 iecimus
544 2729 643 2792 super
658 2719 789 2772 terram.
807 2709 897 2790 Ergo
913 2707 1025 2771 anima
1053 2718 1174 2786 nostra,
1191 2709 1246 2773 illa
1273 2712 1379 2789 Raab,
1406 2712 1462 2776 illa
1488 2711 1654 2788 meretrix,

299 2823 411 2898 potest
425 2815 600 2897 concipere
615 2823 650 2877 et
666 2833 779 2895 parere
797 2813 1016 2878 Salvatorem.
1031 2812 1078 2875 Et
1091 2811 1183 2876 homo
1211 2824 1308 2878 natus
1329 2814 1425 2877 estin
1440 2835 1486 2878 eu.
1510 2813 1546 2878 Si
1563 2814 1653 2878 volu·

300 2938 383 2994 mus,
400 2919 522 2983 cotidie
538 2919 684 2982 nascitur
700 2917 860 3000 Xpistus:
885 2936 942 2998 per
963 2916 1111 2998 singulas
1128 2917 1265 2982 virtutes
1283 2919 1428 2984 nascitur
1444 2918 1595 3002 Xpistus.
1618 2917 1654 2982 Si

298 3023 387 3086 enim
404 3021 565 3103 ‘Xpistus
585 3021 650 3085 Dei
675 3021 778 3084 virtus
802 3028 836 3083 et
863 3018 928 3082 Dei
955 3019 1120 3100 sapientia
1130 3019 1146 3097 ¹,
1160 3021 1363 3104 quicumque
1389 3022 1545 3087 virtutem
1567 3021 1656 3098 lacit,

249 3159 281 3211 ²5
299 3125 455 3190 virtutem
472 3135 618 3208 generat.
638 3125 686 3188 Et
711 3124 776 3206 ipsc
793 3121 960 3202 fraudavit
973 3143 1045 3186 earn
1062 3123 1267 3191 Altissimus.
1286 3126 1362 3209 lpse
1377 3126 1434 3209 qui
1452 3127 1600 3191 nascitur
1622 3126 1655 3188 in

300 3238 342 3306 te,
358 3229 429 3312 ipse
446 3229 698 3294 fundamentum
713 3231 770 3294 dat
784 3228 865 3292 Sion
882 3239 968 3292 tuae.
985 3228 1150 3292 Dominus
1165 3230 1317 3294 narrabit
1332 3231 1367 3294 in
1382 3231 1545 3314 scripturo
1554 3239 1655 3314 popu·

299 3336 414 3399 loncm.
431 3333 647 3398 Manifestum
675 3345 734 3410 est,
761 3333 919 3416 quoniam
947 3335 1036 3416 quod
1064 3333 1230 3399 Dominus
1246 3334 1393 3417 loquitur
1419 3335 1452 3398 in
1481 3335 1653 3417 scriptura,

302 3436 382 3502 nulli
399 3437 446 3500 ita
462 3437 607 3520 loquitur
621 3438 793 3520 quomodo
815 3435 905 3502 Sion.
924 3437 968 3500 Et
985 3445 1096 3500 tamen
1115 3455 1190 3500 cum
1213 3439 1276 3502 ista
1292 3440 1407 3503 omnia
1432 3437 1562 3516 suerint,
1577 3458 1653 3502 cum

302 3550 401 3605 natus
417 3539 513 3606 luerit
529 3540 562 3604 in
579 3561 619 3604 ea
634 3541 786 3623 Xpistus‚
801 3560 866 3604 non
884 3550 935 3603 est
951 3550 1040 3603 certa
1056 3551 1090 3603 et
1108 3560 1222 3604 secura
1238 3541 1385 3618 victoria,
1400 3541 1458 3605 sed
1475 3561 1606 3623 semper
1622 3540 1654 3604 in

253 3681 285 3734 30
302 3644 449 3730 periculo
464 3662 588 3710 sumus.
606 3643 702 3708 Sicut
725 3643 919 3708 laetantium
935 3643 1080 3706 omnium
1092 3641 1251 3708 habitatio
1274 3644 1309 3707 in
1332 3653 1368 3708 te.
1394 3642 1460 3727 Qui
1477 3644 1583 3708 laetus
1598 3655 1658 3722 est,

302 3771 347 3814 ex
362 3749 436 3834 ipsa
450 3747 618 3814 hilaritate
633 3768 767 3813 secutus
782 3757 852 3812 est:
878 3747 936 3830 qui
952 3757 1064 3812 autem
1082 3767 1215 3811 securus
1232 3759 1290 3826 est,
1306 3749 1373 3813 cito
1388 3750 1561 3832 decipitur.
1590 3749 1658 3834 Qui

338 3945 417 3998 lain
434 3946 523 3998 anim
541 3940 665 4001 dumam]
684 3943 738 3993 nisi
748 3944 777 3992 in
796 3943 886 3992 anima
902 3945 1033 4008 xpistiona
1045 3944 1078 4004 G,
1092 3950 1117 3993 et
1129 3959 1179 3994 om.
1193 3945 1303 3994 Ecclesia
1324 3943 1419 4009 Xptsn.
1520 3944 1658 4007 nautam]

302 4029 391 4080 anima
404 4027 458 4096 βΗ.
551 4026 740 4091 §doginatiiud
759 4026 898 4076 natatibus
910 4027 941 4086 A,
957 4034 983 4075 ut
1001 4042 1077 4091 supra
1097 4038 1152 4086 101,
1165 4036 1189 4088 7.
1203 4026 1254 4076 Sed
1273 4024 1339 4075 coni.
1355 4023 1462 4074 Hieron.
1475 4040 1515 4089 ep.
1530 4035 1570 4089 75,
1585 4041 1609 4074 n.
1628 4038 1657 4075 1:

305 4111 352 4162 ‘in
372 4110 442 4170 Sion,
456 4109 481 4160 id
502 4117 539 4160 est
559 4109 585 4158 in
604 4108 715 4173 specula,
729 4106 755 4156 in
774 4107 927 4158 sublimitate
947 4107 1095 4171 dogmatum
1114 4116 1190 4172 atque
1208 4105 1337 4164 virtutum,
1359 4103 1384 4154 in
1401 4103 1486 4154 anima
1505 4105 1637 4156 credentis.
1653 4104 1659 4127 ’

307 4191 603 4254 toecclerioJoccclesieS
614 4208 622 4250 ;
640 4205 689 4238 orn.
706 4186 730 4255 β,
744 4204 808 4238 eras.
822 4189 848 4238 in
869 4189 1085 4247 Haunianae
1102 4195 1125 4237 et
1144 4189 1206 4238 Sion
1218 4196 1303 4238 inostro
1316 4189 1345 4238 C.
1449 4187 1658 4251 rrlllo1Gadd.

304 4273 383 4324 Raab.
465 4283 494 4336 15
506 4267 652 4336 Aethiopus]
664 4270 793 4336 Aethiopes
804 4269 828 4338 β,
841 4271 866 4320 ll
879 4271 935 4320 etC
948 4283 963 4320 2
976 4287 1008 4320 m.
1023 4287 1078 4335 sup.
1090 4271 1125 4319 lin
1136 4288 1144 4330 3
1155 4271 1249 4334 aethyo(
1250 4279 1283 4335 ps
1292 4271 1317 4320 in
1327 4270 1422 4330 rauca)
1435 4269 1452 4320 S
1463 4286 1470 4326 ;
1481 4269 1616 4332 aethiops..
1629 4270 1657 4318 P.

306 4355 337 4406 16
347 4355 503 4406 amentavit
506 4349 515 4412 J
525 4355 568 4406 SG
578 4371 586 4414 ;
597 4353 752 4402 divaiicouit
761 4349 786 4420 β.
854 4363 884 4414 27
896 4352 1032 4416 scriptura]
1044 4353 1066 4402 G
1080 4352 1139 4402 add.
1147 4352 1307 4416 populo-um.

347 4541 375 4598 3.
389 4521 421 4582 in
436 4515 524 4599 nobis]
543 4538 556 4577 1
575 4520 641 4581 Cor.
661 4537 687 4594 3,
708 4522 751 4578 16.
1051 4537 1095 4594 19.
1112 4513 1233 4596 terrant]
1252 4519 1289 4575 Is.
1307 4518 1353 4588 26,
1374 4519 1417 4575 18.

347 4607 373 4662 8.
389 4622 452 4662 curu
468 4597 541 4681 c'ptso]
557 4607 651 4676 Apoc.
669 4621 696 4676 3,
714 4620 758 4658 20.
1051 4620 1095 4672 ²4·
1112 4595 1268 4678 sapientia]
1288 4618 1299 4655 1
1318 4599 1386 4658 Cor.
1410 4618 1434 4666 r,
1451 4618 1495 4670 24.

351 4687 394 4744 16.
411 4677 592 4762 transeunti]
608 4681 715 4743 Ezech.
737 4683 782 4756 16,
799 4698 845 4758 25.
1049 4699 1095 4756 ³1·
1111 4681 1267 4757 an'outnn
1278 4676 1519 4760 securusestetc.]
1534 4679 1657 4741 Hieron.

357 4837 470 4882 Amodata
480 4834 632 4878 Maredsolana
642 4836 686 4886 lli,
696 4851 714 4877 a.
1587 4849 1609 4885 rs
