4158 5492
651 413 907 474 TRACTATUS
932 413 988 472 DE
1010 413 1178 473 PSALMO
1199 415 1237 471 V.
1586 415 1627 471 ll

280 629 355 712 cipe
372 628 526 694 Domine.
543 628 611 712 Qui
628 630 778 694 irascitur
793 639 827 694 et
844 629 1022 704 maledicit,
1038 649 1103 693 non
1121 637 1171 692 est
1187 649 1286 694 ausus
1303 629 1420 706 dicere,
1436 629 1549 694 Verba
1562 649 1637 693 mea

282 731 417 798 auribus
433 733 566 816 percipe
582 732 729 797 Domine
744 755 751 812 ;
767 732 826 796 sed
842 741 938 814 optat
955 741 991 796 ut
1008 731 1101 796 Deus
1116 731 1250 796 claudat
1267 753 1361 798 aures
1377 754 1461 798 suas.

327 837 481 920 Intellege
497 837 665 902 clamorem
690 857 804 900 ineunt.
822 834 958 900 Clamor
973 835 1006 898 in
1032 834 1211 917 scripturis,
1238 855 1302 901 non
1331 837 1432 914 vocis,
1447 838 1504 901 sed
1529 836 1639 902 cordis

286 951 345 1008 est.
362 941 517 1024 Denique
544 942 585 1006 ad
612 941 755 1022 Moysen
781 939 902 1003 dicitur
925 937 1040 1022 ‘Quid
1057 937 1182 1002 clamas
1208 939 1251 1002 ad
1269 941 1370 1003 met'
1398 960 1473 1004 cum
1503 941 1640 1023 Moyses

253 1065 267 1119 5
286 1054 364 1110 ante
380 1065 447 1110 non
464 1045 649 1110 clamasset.
664 1044 818 1128 Intellege
833 1043 1004 1107 clamorem
1021 1063 1135 1106 meum.
1152 1043 1198 1106 Et
1213 1043 1385 1125 apostolus
1400 1067 1407 1108 :
1422 1049 1430 1078 ‘
1447 1043 1640 1109 Clamantes

286 1151 317 1216 in
334 1149 491 1216 cordibus
506 1148 638 1226 nostris,
652 1147 740 1212 abba
755 1157 850 1228 pater
866 1147 881 1210 ’.
899 1147 1027 1228 Utique
1043 1147 1100 1228 qui
1115 1145 1250 1222 clamat,
1265 1166 1331 1210 non
1348 1148 1381 1211 in
1398 1149 1497 1212 corde
1509 1147 1643 1227 clamat,

286 1255 343 1318 sed
361 1254 395 1320 in
412 1254 526 1336 lingua
541 1253 674 1318 clamat.
692 1251 737 1315 Et
750 1249 921 1333 quomodo
936 1250 1016 1314 dicit
1029 1249 1210 1333 apostolus,
1227 1249 1420 1315 Clamantes
1437 1251 1469 1313 in
1485 1251 1642 1316 cordibus

288 1359 434 1426 nostris?
455 1356 602 1440 Quando
617 1355 718 1439 igitur
743 1355 888 1437 gemitus
905 1363 1017 1418 noster
1032 1363 1065 1417 et
1092 1354 1295 1418 conscientia
1311 1354 1517 1436 deprecatur,
1540 1354 1641 1420 istum

286 1461 466 1528 clamorem
484 1458 648 1542 intellegit
665 1459 767 1523 Deus.
784 1458 886 1523 Unde
903 1457 983 1522 dicit
1000 1467 1033 1522 et
1051 1457 1260 1522 Hieremias:
1284 1457 1387 1520 ‘Non
1403 1456 1499 1522 sileat
1516 1457 1643 1541 pupilla

242 1587 272 1625 ro
287 1565 373 1637 oculi
391 1566 455 1630 mei
471 1564 487 1629 '.
503 1563 627 1628 Videte
643 1564 723 1647 quid
736 1563 836 1638 dicat,
853 1561 930 1626 Non
943 1570 1053 1626 taceat
1069 1562 1196 1644 pupilla
1209 1561 1295 1627 oculi
1310 1561 1383 1626 mei.
1401 1562 1447 1625 Et
1462 1561 1643 1644 aliquando

288 1669 416 1756 pupilla
441 1667 528 1732 oculi
553 1668 676 1732 clamat
692 1667 736 1732 ad
766 1666 887 1731 Deum.
912 1665 1040 1748 Utique
1067 1665 1095 1730 si
1121 1666 1254 1744 clamat,
1281 1666 1394 1748 lingua
1418 1665 1551 1744 clamat,
1574 1687 1641 1732 non

287 1773 415 1860 pupilla
452 1770 549 1836 oculi.
581 1770 649 1836 Sed
680 1771 853 1854 quomodo
879 1768 1063 1834 clamamus
1095 1769 1126 1833 in
1159 1769 1314 1834 cordibus
1345 1771 1476 1848 nostris,
1505 1771 1642 1854 quando

288 1878 415 1962 gemitu
433 1874 618 1940 Dominum
634 1876 853 1956 deprecamur
868 1894 876 1951 ;
892 1873 937 1938 sic
955 1875 1090 1957 quando
1107 1873 1260 1938 lacrimas
1276 1874 1319 1937 ad
1340 1872 1451 1938 Deum
1465 1873 1645 1952 fundimus,

289 2003 329 2050 eo
345 1967 496 2063 ternpore
512 1978 638 2063 pupilla
654 1978 741 2042 oculi
758 1977 862 2042 nostri
879 1977 1002 2042 clamat
1017 1980 1059 2042 ad
1079 1979 1273 2042 Dominum.

243 2108 252 2144 ι
258 2106 272 2158 5
331 2087 407 2150 Rex
420 2105 510 2148 meus
525 2093 558 2147 et
571 2082 663 2148 Deus
677 2103 773 2146 meus.
792 2081 853 2146 Ille
868 2101 945 2146 vere
971 2102 1071 2146 ausus
1087 2092 1137 2146 est
1161 2083 1280 2162 dicere,
1297 2085 1374 2149 Rex
1392 2105 1485 2150 meus
1501 2096 1534 2151 et
1552 2087 1646 2149 Deus

291 2209 393 2267 meus,
408 2189 460 2252 cui
478 2206 543 2250 non
570 2195 687 2268 regnat
704 2195 878 2268 peccatum
905 2185 937 2248 in
955 2185 1087 2250 mortali
1111 2206 1259 2269 corpore.
1283 2188 1357 2253 Rex
1382 2209 1471 2254 meus
1497 2200 1528 2254 et
1554 2190 1646 2253 Deus

290 2315 386 2359 meus.
403 2292 491 2376 Quia
507 2309 627 2374 regnas
643 2290 675 2354 in
693 2308 755 2366 me,
771 2299 803 2354 et
821 2309 888 2354 non
905 2299 1021 2372 regnat
1038 2301 1222 2372 peccatum,
1238 2301 1415 2374 propterea
1432 2291 1525 2356 Deus
1551 2312 1646 2357 meus

291 2418 335 2464 es.
350 2397 403 2460 Tu
419 2415 454 2458 es
473 2393 564 2456 Deus
581 2411 683 2470 meus,
698 2393 777 2476 quia
793 2402 922 2459 nonest
937 2402 1051 2458 venter
1066 2395 1148 2459 deus
1166 2413 1268 2474 meus,
1283 2396 1361 2478 quia
1378 2415 1444 2460 non
1461 2405 1512 2460 est
1528 2415 1645 2460 aurum

291 2502 372 2564 deus
389 2517 491 2576 meus,
517 2497 596 2579 quia
622 2507 761 2562 nonest
788 2497 893 2563 libido
919 2499 1002 2562 deus
1028 2519 1129 2564 meus
1156 2498 1326 2582 Quoniam
1351 2510 1388 2565 tn
1414 2501 1519 2564 virtus
1545 2521 1589 2579 es,
1611 2509 1647 2564 et

244 2629 276 2667 20
292 2625 355 2690 ego
377 2603 476 2686 cupio
502 2601 625 2667 habere
640 2602 787 2679 virtutes,
815 2609 991 2686 propterea
1010 2611 1046 2667 tu
1074 2623 1109 2666 es
1129 2603 1221 2667 Deus
1248 2623 1350 2683 meus,
1377 2603 1440 2668 hoc
1465 2595 1515 2668 est
1541 2604 1647 2668 virtus

293 2727 375 2774 mea.

335 2813 440 2876 Mane
453 2811 605 2875 exaudies
619 2831 723 2876 vocem
740 2830 853 2874 meam.
866 2808 1014 2893 Quidam
1030 2809 1213 2893 simplicius
1225 2812 1491 2894 interpretantur,
1506 2812 1570 2876 hoc
1582 2821 1648 2876 est:

294 2936 460 3000 consurgo
474 2914 622 2981 diluculo
637 2916 680 2979 ad
707 2915 882 2992 orandum,
897 2922 931 2978 et
948 2915 1106 2996 deprecor
1121 2924 1164 2980 te.
1181 2916 1244 2978 Est
1260 2917 1395 2999 quidem
1419 2927 1453 2980 et
1468 2917 1532 2980 ista
1548 2916 1647 2980 inter-

295 3021 446 3105 pretatio.
462 3017 553 3104 Quid
570 3019 696 3101 igitur?
720 3018 822 3082 Mane
838 3037 899 3082 nos
915 3019 1056 3082 exaudit
1071 3042 1078 3082 :
1093 3001 1231 3102 vespere
1253 3038 1319 3083 non
1336 3019 1520 3084 exaudiet?
1537 3019 1652 3083 medio

248 3149 278 3202 ις
295 3125 402 3190 noctis
427 3143 488 3188 nos
513 3142 579 3186 non
606 3122 768 3186 exaudiet
797 3121 915 3186 Deus?
943 3120 1011 3185 Sed
1039 3121 1149 3185 videte
1175 3123 1256 3205 quid
1284 3123 1393 3188 dicat:
1421 3122 1591 3206 Quamdiu
1616 3124 1648 3186 in

296 3225 440 3292 tenebris
456 3224 573 3290 erroris
600 3244 685 3301 sum,
701 3243 767 3288 non
786 3243 839 3288 me
855 3224 1019 3304 exaudis;
1043 3226 1180 3308 quando
1196 3245 1273 3289 vero
1289 3227 1338 3290 sol
1363 3227 1508 3290 iustitiae
1523 3227 1651 3290 venerit

296 3331 328 3393 in
344 3329 445 3394 corde
471 3348 555 3404 meo,
570 3336 651 3392 tunc
675 3347 729 3392 me
746 3328 896 3393 exaudis.
912 3327 1018 3392 Mane
1038 3330 1191 3393 exaudies
1207 3352 1310 3394 vocem
1338 3352 1451 3396 meam.
1468 3331 1546 3396 Non
1563 3329 1650 3394 dixit

297 3435 393 3500 tertia
408 3434 500 3510 hora,
515 3451 582 3496 non
607 3431 696 3497 dixit
712 3440 811 3496 sexta
834 3430 925 3509 hora,
941 3453 1007 3496 non
1024 3434 1113 3497 dixit
1130 3433 1228 3516 plena
1245 3435 1340 3514 luce;
1367 3435 1425 3497 sed
1443 3433 1649 3516 videtequid

297 3539 407 3604 dicat:
435 3537 547 3614 Mane,
571 3535 685 3600 statim
711 3544 748 3600 ut
772 3537 929 3600 tenebrae
957 3536 1062 3618 fugire
1088 3539 1270 3619 coeperint,
1292 3538 1455 3615 exaudis;
1480 3535 1594 3600 statim
1619 3536 1650 3599 in

252 3641 459 3726 3oprineipio
474 3640 553 3704 boni
580 3639 690 3722 operis
715 3658 768 3704 me
795 3639 945 3716 exaudis,
963 3659 1029 3702 non
1057 3642 1187 3723 quaeris
1216 3641 1324 3706 finem.
1352 3641 1466 3705 Meum
1493 3649 1542 3704 est
1563 3641 1651 3703 enim

298 3747 388 3825 velle,
403 3755 500 3811 tuum
516 3741 681 3827 perlicere.

334 3947 361 3998 13
369 3933 479 3998 gemitu]
489 3932 532 3982 SG
544 3949 552 3991 ;
563 3947 619 3980 cum
627 3930 723 3994 gemitu
731 3927 756 3996 β.
850 3931 886 3980 sr'c
894 3932 1003 3995 quondo]
1014 3929 1054 3999 liG
1067 3950 1074 3990 ς
1087 3933 1107 3982 C
1120 3949 1170 3982 om.
1184 3935 1233 3990 sr'c;
1244 3933 1376 3998 siquando
1388 3933 1414 3982 S.
1495 3943 1525 3994 23
1537 3945 1655 3992 consurgo

299 4017 407 4066 diluculo
416 4016 451 4064 art
460 4013 596 4074 orandum]
614 4013 674 4072 SG;
691 4028 796 4074 exsurgo
807 4013 831 4063 d.
842 4030 866 4062 o.
880 4031 901 4062 o.
918 4012 981 4080 {itta
991 4032 998 4072 ς
1007 4015 1119 4064 diluculo
1127 4032 1252 4078 consurgo,
1262 4018 1337 4066 odoro
1345 4023 1367 4064 tr
1380 4017 1409 4064 C.
1479 4015 1528 4064 Est
1534 4031 1557 4077 q.
1571 4030 1590 4062 e.
1602 4013 1619 4061 ι’.
1635 4013 1653 4061 r'.

304 4100 372 4160 Quid
381 4097 493 4162 egituri]
504 4096 568 4145 codrl
580 4111 587 4154 ;
616 4095 654 4144 Et
662 4111 725 4159 quae
733 4102 769 4143 est
779 4096 828 4144 ister
840 4097 1013 4158 interpretatio
1024 4113 1074 4160 clun
1085 4098 1182 4146 dicitur·
1196 4095 1220 4163 β.
1339 4111 1370 4157 24
1383 4097 1462 4146 medio
1471 4095 1559 4154 noctis]
1570 4093 1636 4142 CGS
1649 4110 1655 4149 ς

303 4183 381 4230 media
392 4180 497 4230 trortisli
509 4195 516 4236 3
529 4179 610 4228 trredr'a
622 4187 687 4226 nocte
700 4176 723 4244 β.

344 4368 369 4424 3.
400 4351 521 4410 Clnrrror
544 4347 576 4404 r'rr
598 4346 750 4422 scripturis
781 4342 842 4423 etc]
866 4345 953 4406 Conl.
1053 4349 1095 4407 16.
1112 4345 1237 4427 corpore]
1254 4351 1342 4406 Rom.
1361 4350 1388 4420 6,
1409 4367 1452 4405 12.

305 4427 546 4490 Commentariol.
563 4445 606 4504 ps
624 4429 670 4503 65.
1048 4449 1095 4503 30.
1112 4429 1345 4488 Merenrestem'm
1356 4423 1492 4506 velleetc]
1506 4425 1598 4485 Haud
1609 4423 1658 4484 ab

345 4531 370 4583 4.
386 4505 511 4588 adtrrel]
527 4507 623 4568 Exud.
643 4527 687 4580 14,
707 4524 753 4584 15.
1007 4507 1114 4567 similia
1137 4512 1164 4569 S.
1183 4510 1387 4586 Hieronymus
1412 4506 1577 4569 identidem
1594 4525 1658 4583 pro

346 4595 371 4650 6.
382 4597 471 4668 pater
497 4591 593 4649 Galat.
610 4609 639 4661 4,
654 4591 681 4646 6.
1008 4590 1062 4648 sert
1090 4590 1178 4649 simul
1202 4604 1232 4650 et
1256 4589 1392 4666 explicat,
1421 4611 1446 4648 v.
1477 4609 1517 4666 gr.
1545 4590 1657 4649 Contra

351 4693 394 4734 ιο.
411 4673 468 4730 met
496 4672 607 4731 'l'hren
621 4689 647 4744 a,
667 4672 710 4730 18.
1008 4671 1105 4748 Pelag.
1124 4688 1168 4745 ru,
1189 4692 1201 4730 1
1218 4696 1226 4731 ι
1251 4676 1405 4730 ‘nostrum
1423 4671 1562 4747 incipere,
1581 4667 1657 4727 illins
