4112 5496
226 417 323 499 xum]
563 421 933 483 COMMENTARIOLI
965 423 1009 482 IN
1040 425 1236 485 PSALMOS.
1525 425 1579 508 29

227 640 267 720 et
299 664 389 720 uox
419 638 539 720 uacti
567 638 735 721 iudicat
766 638 1003 724 caleartium.
1030 639 1155 724 Paria
1190 639 1364 750 paribus
1397 639 1577 724 rettulit:

225 775 340 886 quod
361 803 415 858 ex
435 775 586 859 ordine
607 788 849 887 temporum
869 777 924 860 ad
949 778 1030 860 Dei
1053 778 1193 888 magis
1215 777 1412 860 notitiam
1435 805 1580 888 perve-

225 913 408 996 niamus
432 915 488 996 Iu
508 913 593 996 sale
601 915 756 1024 posuit
777 915 1103 998 talernaculum
1133 941 1270 997 suum
1311 915 1362 997 In
1398 915 1579 1000 hebraeo

225 1051 285 1134 ita
315 1049 461 1134 habet:
488 1051 613 1135 ‘Soli
644 1053 791 1163 posuit
821 1053 1142 1137 tabernaculum
1166 1053 1209 1134 in
1231 1052 1293 1134 eis
1316 1054 1335 1150 ',
1360 1052 1500 1152 idest,
1534 1055 1577 1138 in

189 1227 203 1278 s
222 1189 351 1274 caelis
375 1190 508 1272 Deus.
532 1178 802 1272 Exsultauit
833 1196 884 1272 ut
896 1191 1058 1299 gigans
1078 1192 1142 1273 ad
1159 1190 1417 1273 currendam
1447 1190 1574 1275 vlam.

224 1331 309 1412 Per
330 1329 464 1413 solem
484 1329 664 1439 mystice
684 1328 737 1413 de
759 1329 919 1439 Xpisto
941 1330 1211 1442 intellegitur.
1236 1331 1306 1412 Et
1325 1357 1407 1413 uau
1428 1331 1583 1439 estqui

216 1495 261 1551 se
291 1468 526 1550 abscondat
546 1495 574 1550 a
594 1467 735 1552 calare
764 1470 866 1552 elus.
904 1468 1065 1551 Nullus
1096 1468 1255 1579 quippe
1284 1481 1362 1571 est,
1385 1470 1460 1580 qui
1492 1497 1577 1553 non

218 1606 375 1690 habeat
396 1607 563 1690 semina
585 1607 826 1692 intellectus
849 1609 942 1692 Dei.
966 1609 1066 1690 Lex
1084 1608 1268 1692 Domini
1292 1609 1575 1712 inmaculata,

215 1751 468 1831 conuerteus
487 1747 670 1831 auuuaa
696 1747 784 1857 Qui
807 1776 881 1860 per
900 1762 1114 1833 creaturas
1137 1750 1280 1832 Deum
1301 1761 1401 1832 ante
1432 1747 1578 1832 lauda-

168 1898 349 1982 roverat
375 1912 489 1968 nunc
522 1913 620 1969 eum
653 1913 728 1997 per
747 1887 966 1971 dationem
1000 1887 1108 1999 legis
1141 1886 1290 2003 incipit
1322 1886 1574 1998 praedicare.

211 2023 393 2108 Delicta
414 2023 514 2133 quis
534 2024 788 2134 intellegit?
807 2023 953 2109 Tertia
973 2025 1115 2108 laudis
1148 2024 1318 2125 divisio,
1339 2052 1425 2135 qua
1455 2025 1578 2109 docet

212 2164 473 2275 inpossibile
494 2163 614 2275 Iegis,
638 2164 740 2275 quia
761 2191 835 2274 per
854 2163 1260 2274 praevaricationem
1278 2162 1418 2276 magis
1434 2189 1578 2273 pecca-

211 2317 311 2388 tum
341 2314 596 2414 apparuerat
618 2301 661 2383 in
685 2301 862 2402 mundo,-
898 2301 1108 2412 evangelii
1140 2301 1280 2413 gratia
1312 2302 1445 2385 tuisse
1475 2330 1575 2385 con-

211 2442 408 2553 pletum:
443 2468 521 2531 nec
560 2468 688 2552 posse
726 2467 989 2552 quemquam
1025 2440 1337 2551 cogitationum
1373 2439 1575 2524 sordibus

165 2615 192 2667 ις
210 2579 398 2680 liberari
423 2579 507 2662 nisi
530 2607 604 2690 per
623 2580 858 2663 adventum
881 2579 1073 2690 Spiritus
1095 2579 1242 2663 sancti.

793 2884 993 2967 XVIIII.

263 3147 515 3230 Exaudiet
544 3151 587 3228 te
620 3145 837 3228 Dorulaus
868 3145 913 3226 iu
945 3145 1015 3226 die
1046 3142 1353 3226 tribulationis.
1381 3143 1569 3251 Quidam

206 3286 327 3371 hunc
349 3286 566 3396 psalmum
582 3283 746 3392 dIctum
764 3297 916 3394 putant
932 3311 984 3368 ex
1002 3310 1107 3368 voce
1123 3281 1269 3394 populi
1291 3281 1345 3364 ad
1361 3283 1570 3391 Xpistum

207 3415 443 3528 loquentis
467 3427 515 3497 ut
535 3413 589 3497 ad
612 3441 754 3526 regem
778 3415 935 3524 pariter
954 3428 995 3499 et
1016 3414 1070 3497 ad
1093 3419 1366 3503 sacerdotem.
1408 3421 1572 3501 Mltlal

158 3592 188 3630 ω
205 3557 291 3638 tibi
331 3554 554 3637 auxilium
589 3555 640 3637 cle
670 3560 827 3639 sauata.
855 3555 942 3662 Qui
979 3555 1161 3639 sormam
1198 3559 1308 3640 servi
1341 3573 1567 3669 acceperat,

204 3706 319 3779 recte
357 3693 394 3777 ei
427 3695 551 3803 quasi
589 3693 753 3777 homini
789 3694 1030 3804 inprecatur
1061 3697 1282 3780 auxilium.
1306 3699 1574 3783 Recordatur

203 3833 352 3918 arrrur's
369 3833 573 3918 ur'ctluaae
593 3838 705 3916 tuae.
731 3833 999 3917 Sacrificium
1024 3835 1170 3944 Xpisti
1192 3849 1268 3937 est,
1285 3837 1376 3920 sive
1396 3838 1511 3949 quod
1530 3840 1567 3921 ei

236 4045 731 4114 cualuntp,E2n1.sup.tin.;0m.
747 4046 776 4095 C.
846 4045 970 4110 sgigans]
989 4047 1084 4105 EAM3
1114 4049 1185 4110 gigas
1198 4047 1245 4115 cp.
1318 4051 1429 4114 raquia]
1450 4051 1567 4112 ECAM3

202 4147 251 4195 quo
263 4129 289 4198 β.
390 4129 645 4194 praeuarr'catiouene]
658 4128 696 4197 Οβ
708 4129 767 4178 add.
781 4129 849 4191 lecet.
953 4141 981 4190 19
992 4135 1015 4177 et
1025 4129 1072 4190 adl
1086 4131 1178 4188 EAM;
1197 4131 1407 4195 praepositionem
1420 4135 1455 4183 ad
1464 4133 1504 4202 Cp
1517 4150 1566 4184 non

202 4213 306 4264 iterant.

245 4401 271 4456 3.
296 4381 339 4438 In
351 4376 626 4458 tebrauuauaber]
639 4378 764 4438 Hieron.
778 4381 861 4456 psalt.
915 4379 1050 4456 spicuum
1067 4381 1106 4452 tit,
1123 4392 1227 4440 natura
1242 4382 1381 4442 omnibus
1397 4383 1454 4442 Dei
1469 4384 1566 4446 inesse

204 4461 285 4523 iuxta
313 4461 397 4521 hebr.
415 4461 476 4539 (ed.
494 4461 525 4518 P.
542 4461 579 4521 de
595 4459 762 4538 Lagarde):
778 4466 785 4492 ¹
800 4460 862 4521 Soli
914 4461 1059 4536 notitiam,
1085 4482 1140 4522 nec
1164 4471 1348 4540 quemquam
1371 4464 1435 4534 sine
1457 4466 1565 4541 Xpisto

204 4545 306 4621 posuit
322 4543 549 4603 tabernaculum
564 4541 593 4601 in
609 4543 651 4601 eis
663 4544 679 4600 '.
914 4543 1004 4615 nasci,
1033 4556 1063 4604 et
1092 4563 1152 4603 non
1183 4545 1291 4605 habere
1319 4545 1433 4604 semina
1462 4546 1492 4604 in
1532 4567 1563 4607 se

245 4628 273 4686 8.
303 4626 418 4684 ceruina
447 4623 601 4682 r’ntellectus
629 4619 704 4704 Der]
734 4621 859 4684 Hieron.
912 4623 1075 4701 sapientiae
1110 4637 1139 4685 et
1167 4625 1295 4686 iustitiae
1323 4627 1563 4705 reliquarumque

205 4707 233 4766 in
257 4709 357 4768 Galat.
373 4725 399 4765 c.
418 4703 437 4777 i,
454 4725 479 4762 v.
500 4708 603 4780 15-16:
621 4706 688 4763 ‘Ex
713 4723 773 4780 quo
799 4725 861 4782 per·
913 4703 1051 4764 virtutum
1067 4708 1074 4734 ’
1089 4707 1207 4785 (Migne
1224 4711 1268 4778 26,
1287 4708 1366 4785 351)-
