4062 5504
511 389 921 452 EXPOSITIUNCULAE
943 388 989 447 IN
1013 388 1313 448 EVANGELIUM.
1518 393 1594 478 135

692 607 741 655 DE
764 604 906 655 GLADIO
931 604 1047 654 PETRI.
1070 603 1148 653 VIII.

289 714 405 780 Simon
421 715 528 796 igitur
539 717 660 781 Petrus
671 716 790 781 habens
795 717 947 799 gladium
958 715 1080 790 eduxit,
1091 726 1123 778 et
1126 713 1287 798 percussit
1297 731 1429 776 seruum
1434 709 1596 793 princr'pis

239 819 452 897 sacerdotum,
466 831 498 884 et
511 821 699 904 amputavit
714 821 769 884 illi
778 819 966 884 auriculam
981 820 1140 884 dextram.

764 956 1081 1007 INTERPRETATIO.

206 1088 223 1140 5
288 1063 373 1129 Cum
397 1073 495 1129 antea
524 1064 693 1128 DomInus
709 1044 916 1146 praeceperit
931 1062 1103 1144 discipulis
1120 1063 1188 1126 suis
1204 1082 1245 1124 ne
1261 1061 1397 1144 quidem
1415 1058 1543 1140 virgam
1560 1056 1592 1118 in

242 1167 298 1232 via
321 1167 455 1243 lerrent,
470 1170 642 1251 quomodo
670 1169 787 1231 Petrus
812 1167 940 1230 exemit
966 1167 1128 1249 gladium,
1144 1177 1177 1230 et
1202 1165 1391 1247 amputavit
1411 1163 1593 1227 auriculam

242 1291 347 1354 puero
363 1271 559 1350 sacerdotis,
573 1280 607 1334 et
624 1270 792 1334 Dominus
809 1272 839 1333 ei
855 1271 957 1348 dixit,
975 1272 1136 1335 Reconde
1152 1269 1303 1351 gladium
1320 1279 1415 1332 tuum
1434 1269 1466 1330 in
1485 1278 1593 1331 tecam

242 1376 363 1440 suam?
392 1375 534 1441 Gladius
558 1375 684 1438 scilicet
712 1375 858 1455 Spiritus
885 1383 1021 1438 sanctus
1044 1384 1104 1452 est,
1120 1374 1206 1437 sicut
1222 1372 1394 1454 apostolus
1412 1373 1534 1436 Paulus
1550 1370 1592 1434 ad

243 1479 410 1560 Ephesios
437 1479 599 1544 memInit.
616 1477 779 1542 Auricula
806 1487 919 1542 autem
945 1488 1131 1562 amputata,
1147 1480 1282 1542 auditus
1311 1477 1512 1545 Iudaeorum
1535 1484 1594 1552 est,

187 1609 225 1646 ro
242 1583 329 1646 sicut
358 1583 463 1648 Isaias
489 1581 591 1648 dicit:
616 1581 782 1645 ‘Domine
799 1582 874 1664 quis
901 1583 1043 1646 credidit
1068 1582 1198 1646 auditui
1223 1581 1384 1647 nostro?'
1408 1582 1498 1644 Teca
1515 1598 1594 1642 vero

244 1687 361 1754 Petrus
377 1697 457 1764 erat,
473 1688 505 1751 in
523 1707 590 1770 quo
608 1687 753 1770 Spiritus
770 1685 835 1749 Dei
853 1685 987 1750 latebat.

265 1877 492 1942 EXPLICIT
509 1874 782 1942 SECUNDUM
804 1875 1081 1940 IOHANNEM.
1103 1874 1282 1939 INCIPIT
1300 1863 1570 1940 SECUNDUM

759 1979 1089 2043 MATTHAEUM.

579 2133 630 2182 DE
655 2131 878 2182 MUNERIBUS
903 2131 1102 2182 MAGORUM.
1125 2131 1202 2180 CAP.
1226 2132 1247 2180 1.

184 2273 197 2308 1
206 2270 219 2322 5
284 2239 482 2322 Apere'entes,
499 2241 614 2322 inquit,
631 2239 799 2303 thesauros
820 2261 893 2301 soros
915 2240 1099 2304 obtulerunt
1112 2240 1146 2301 ci
1160 2259 1449 2314 renovationem,
1465 2236 1595 2312 elucet

241 2343 391 2408 mirram.
407 2343 455 2407 Et
470 2356 614 2425 responso
630 2344 750 2406 moniti
762 2354 841 2406 sunt
856 2344 889 2406 io
904 2345 1029 2406 somnis
1044 2365 1082 2405 ne
1097 2351 1342 2418 reverterentur,
1358 2341 1405 2404 ad
1418 2339 1593 2414 Herodem,

239 2448 301 2510 sed
304 2459 367 2530 per
381 2449 483 2512 olehm
500 2448 589 2511 viam
606 2449 746 2531 regressi
757 2458 842 2512 sunt.
1111 2445 1114 2450 ’

761 2583 1078 2634 INTERPRE'I’ATIO.

284 2693 379 2756 Tunc
396 2691 521 2754 scilicet
539 2693 628 2773 magi
646 2711 809 2772 praesago
825 2691 943 2773 spiritu
956 2690 1090 2755 Christo
1103 2711 1239 2752 munera
1252 2689 1439 2752 offerebant
1452 2709 1586 2751 :aurum

180 2830 221 2866 20
240 2795 366 2858 scilicet
377 2797 471 2877 quasi
483 2793 643 2876 regI‚thus
654 2805 766 2858 autern
779 2798 873 2877 quasi
885 2796 1043 2872 Deo,sIve
1055 2795 1133 2877 quia
1146 2795 1311 2878 passionIs
1321 2793 1588 2855 Immolationem

240 2899 505 2964 demonstrabat.
523 2899 627 2962 Mirra
642 2910 754 2962 autem
772 2900 962 2982 sepulturae
978 2900 1111 2980 signum
1128 2898 1336 2960 ostendebat.
1355 2898 1447 2979 Magi
1475 2909 1588 2960 autem

240 3003 307 3084 ipsi
331 3004 420 3086 tipus
447 3004 654 3066 credentium
684 3012 785 3066 erant.
806 3004 959 3066 Herodes
983 3012 1095 3065 autern
1113 3002 1239 3066 diaboli
1255 3001 1423 3084 significat
1440 3001 1589 3085 figuram.

241 3107 341 3191 Quod
371 3117 483 3171 autem
513 3107 620 3189 magis
645 3107 771 3169 dictum
796 3116 856 3183 est,
873 3127 915 3169 ne
932 3116 1173 3168 reverterentur
1189 3107 1230 3168 ad
1250 3105 1435 3181 Herodem,
1451 3105 1513 3168 hoc
1529 3113 1589 3181 est,

237 3211 295 3293 qui
310 3233 355 3274 ex
372 3210 531 3292 gentibus
547 3212 588 3273 ad
602 3209 773 3274 Christum
789 3211 936 3286 veniunt,
950 3230 991 3271 ne
1005 3231 1116 3272 rursus
1129 3211 1170 3274 ad
1184 3210 1356 3275 dlabolum
1371 3221 1590 3274 revertantur.

178 3371 216 3422 25
797 3344 965 3395 carmus.
990 3345 1026 3396 11.

290 3451 544 3517 Voxclomantis
570 3451 604 3513 in
628 3451 759 3527 deserto,
775 3451 901 3514 Parate
924 3453 1015 3514 viam
1042 3451 1189 3526 Deretini,
1207 3461 1308 3514 rectos
1324 3452 1431 3531 facite
1455 3453 1589 3515 semitas

236 3555 306 3620 Dei
318 3555 428 3620 nostri.
448 3554 565 3620 Omnis
579 3554 678 3617 vellis
695 3553 888 3636 implebitur,
903 3564 933 3617 et
947 3554 1053 3617 omnis
1070 3576 1160 3616 errores
1183 3566 1215 3617 et
1237 3555 1324 3617 collis
1349 3556 1588 3629 leumiliobitnr,

235 3670 269 3723 et
282 3671 495 3743 eruntprovo
511 3659 546 3722 in
561 3659 692 3722 directo.

752 3794 1069 3844 INTERPRE‘I'ATIO.

183 3935 219 3987 30
282 3901 417 3966 Vallem
448 3901 538 3983 quod
569 3902 661 3976 dicit,
689 3901 853 3964 mundum
886 3902 986 3963 istum
1018 3903 1239 3977 demonstrat,
1266 3901 1430 3982 repletum
1463 3901 1588 3967 Christi

237 4006 400 4070 doctrina.
417 4005 552 4068 Montes
569 4017 683 4068 autem
709 4014 742 4067 et
769 4004 870 4068 colles
896 4003 1071 4081 humiliati,
1088 4005 1227 4086 perfidia
1251 4005 1379 4069 scilicet
1404 4006 1538 4084 diaboli,
1555 4017 1587 4069 et

237 4110 405 4175 idolorum
421 4109 561 4184 cultura,
573 4127 658 4190 quae
675 4108 709 4169 In
727 4107 874 4170 adventu
889 4108 1013 4173 Christi
1026 4108 1205 4171 humiliata
1216 4119 1294 4172 sunt
1308 4117 1409 4191 atque
1421 4110 1589 4192 depressa.

269 4327 283 4377 7
296 4315 406 4376 reconde]
418 4313 523 4362 retunde
534 4311 566 4361 G.
668 4325 697 4360 21
711 4311 905 4373 deoronstrabar]
917 4312 940 4361 G
950 4329 958 4370 ;
969 4312 1172 4361 demonstrabant
1184 4329 1211 4376 μ.

279 4484 304 4538 3.
320 4458 467 4541 dextram]
485 4463 528 4518 10.
550 4465 593 4532 18,
616 4483 658 4518 ιο.
987 4481 1027 4536 17.
1046 4465 1168 4537 regressi
1178 4459 1260 4542 sunt]
1278 4464 1332 4521 Mt.
1352 4483 1377 4530 2,
1398 4484 1428 4522 11
1448 4483 1491 4538 sq.

279 4548 306 4602 8.
322 4547 363 4603 ad
375 4540 527 4622 Ephesios]
539 4547 566 4614 6,
588 4561 630 4616 ¹7·
983 4548 1026 4602 28.
1044 4542 1164 4625 directo]
1187 4547 1243 4603 Mt.
1262 4565 1288 4620 3,
1306 4564 1343 4620 33
1367 4547 1436 4604 Luc.
1457 4565 1483 4622 3,
1500 4569 1519 4622 4
1536 4568 1591 4624 sq:

284 4645 327 4684 ro.
344 4622 476 4704 nostrol]
493 4627 531 4682 Is.
549 4643 595 4700 53,
616 4643 639 4682 1.
941 4627 979 4682 ls.
997 4645 1044 4696 40,
1061 4645 1135 4702 gsq.
