4158 5492
452 400 507 507 38
828 424 856 485 a.
881 426 1136 488 uranonvm
1161 431 1424 493 Pausavvum

450 639 498 702 eis
513 639 652 720 habitat,
667 643 724 726 qui
741 654 949 729 temptantur
963 657 998 714 et
1012 659 1187 733 superant3
1202 653 1235 716 in
1251 653 1301 745 eis
1317 662 1439 744 autem,
1455 653 1557 739 quiin
1571 655 1703 723 deliciis
1719 663 1808 736 sunt,
1876 649 1883 658 ¹

451 764 517 807 non
529 745 701 816 inhabitat.
722 755 878 826 Pluviam
897 746 1120 844 uoluntariam
1135 766 1319 850 segregabis
1333 766 1425 829 Deus
1446 761 1725 830 anastasiana.
1752 759 1806 828 De

451 849 524 931 lege
539 851 629 932 dicit,
646 877 731 941 quae
747 863 826 929 data
838 877 892 932 ·est
909 891 967 951 per
987 873 1140 956 Moysen.
1157 873 1205 936 Et
1226 872 1399 956 infirmata
1414 880 1469 951 est,
1492 879 1527 935 tu
1544 889 1619 937 vera
1635 866 1808 956 perfecisti

449 973 529 1019 caua
547 957 719 1028 Infirmata
736 977 786 1032 est
813 970 879 1048 lex,
894 974 970 1056 quia
989 997 1089 1040 nemo
1115 978 1226 1061 potuit
1242 976 1425 1059 adimplere
1448 991 1533 1052 eam,
1549 974 1612 1040 nisi
1631 973 1807 1050 Dominus,

450 1057 506 1138 qui
533 1059 622 1126 dixit
637 1089 644 1129 ε
659 1073 666 1098 ‘
684 1068 761 1134 Non
779 1076 853 1138 veni
869 1078 996 1143 solvere
1013 1080 1141 1164 legem,
1156 1084 1215 1147 sed
1232 1081 1415 1164 adimplere
1431 1080 1447 1146 ’.
1465 1079 1509 1146 Et
1526 1079 1709 1146 secundum
1726 1097 1805 1160 apo·
1844 1085 1857 1140 5

451 1163 572 1229 stolum
589 1192 595 1230 :
623 1174 629 1200 ⁴
649 1171 945 1257 inpossibilitatem
962 1188 1051 1250 enim
1069 1186 1160 1271 legis,
1177 1188 1209 1252 in
1226 1205 1294 1272 quo
1310 1186 1549 1264 infirmabatur,
1566 1185 1660 1252 Deus
1682 1182 1803 1248 Filium

450 1285 545 1332 suum
572 1274 660 1341 misit
677 1279 684 1305 ’
711 1293 744 1346 et
760 1297 877 1354 cetera.
895 1293 1069 1359 Animalia
1085 1306 1143 1363 tua
1157 1295 1310 1360 babitaret
1324 1293 1359 1357 in
1381 1314 1419 1356 ea
1430 1314 1444 1364 ,·
1468 1289 1531 1355 hoc
1547 1299 1607 1367 est,
1627 1289 1659 1353 in
1676 1283 1806 1352 heredi·

450 1380 528 1440 tate.
554 1376 726 1451 Animalia
746 1400 857 1456 autem
886 1395 973 1462 dixit
990 1419 1047 1462 eos
1073 1399 1130 1479 qui
1158 1400 1190 1464 in
1218 1399 1328 1462 Deum
1356 1397 1482 1473 vivunt,
1496 1391 1560 1459 hoc
1587 1401 1642 1460 est·
1664 1401 1807 1466 sanctos,

454 1475 593 1545 Parasti
605 1483 640 1548 in
655 1489 821 1560 uetudine
839 1508 898 1565 tua
915 1505 1058 1585 pauperi
1072 1505 1171 1569 Deus.
1198 1509 1205 1538 ‘
1223 1504 1317 1567 Beati
1334 1519 1497 1585 pauperes
1513 1499 1629 1584 spiritu
1642 1499 1661 1564 ·'.
1680 1491 1807 1564 Parasti

451 1579 607 1666 pluviam,
623 1590 693 1655 hoc.
701 1607 752 1659 est
765 1599 885 1682 legem.
903 1606 1172 1674 Dominusdabit
1185 1607 1317 1672 uerbum
1333 1605 1635 1690 evangelizantibus
1649 1605 1805 1670 virtutem
1827 1609 1858 1650 ¹⁰

453 1685 597 1802 infultam.
617 1693 654 1758 ln
681 1699 825 1770 hebraeo
849 1706 951 1774 habet
973 1715 1083 1795 ‘quae
1099 1695 1369 1796 evangelizantur
1385 1709 1416 1787 ’ς
1440 1709 1503 1774 hoc
1529 1718 1588 1788 est,
1612 1706 1805 1788 mulieribus

451 1806 507 1865 ers,
522 1812 609 1877 quae
624 1809 873 1892 evangelizatae
899 1826 976 1880 sunt
986 1819 1163 1901 apostolis,
1187 1818 1244 1882 ubi
1260 1817 1372 1881 dicit*
1389 1813 1517 1879 Euntes
1533 1812 1633 1880 dicite
1649 1809 1805 1877 iratribus

453 1895 533 1960 meis
548 1901 557 1928 '
572 1915 605 1970 et
621 1920 738 1980 cetera.
750 1916 823 1982 Aut
833 1915 1146 2006 anim'assignificat,
1161 1941 1248 2006 quae
1261 1918 1475 1986 crediderunt
1488 1916 1667 2000 in-Xpisto.
1680 1915 1804 1983 Secun-

451 1996 530 2068 dum
559 2009 780 2100 Septuaginta
807 2033 918 2089 autem
947 2026 1143 2110 interpretes
1169 2026 1211 2095 ad
1229 2023 1400 2110 apostolos
1428 2021 1517 2100 dicit,
1532 2022 1612 2108 quia
1637 2019 1805 2088 Dominus

450 2119 497 2181 eis
513 2121 606 2187 dedit
620 2123 777 2191 virtutem
795 2131 985 2211 praedicare
1001 2132 1219 2214 evangelium.
1261 2160 1264 2167 ·
1825 2133 1854 2190 ¹⁵

472 2251 476 2258 ·
494 2225 567 2290 Rea
580 2229 742 2296 uirtutum
756 2233 873 2299 dilecti.
891 2235 977 2315 Rex,
994 2237 1111 2318 Pater;
1128 2237 1296 2313 virtutum,
1312 2233 1378 2298 hoc
1390 2240 1442 2297 est
1458 2241 1666 2311 sanctorum3
1682 2229 1804 2312 dilecti,

451 2330 535 2397 Filii.
550 2337 558 2366 ⁸
577 2334 664 2400 Ecce
681 2337 784 2402 Filius
800 2359 892 2404 meus
908 2340 1059 2417 dilectus,
1080 2341 1187 2422 ipsum
1205 2339 1318 2404 audite
1331 2339 1346 2403 '.
1363 2335 1500 2401 Dilecti·
1515 2335 1552 2402 Si
1567 2336 1642 2420 quis
1658 2335 1801 2420 aliquem

449 2435 569 2520 diligit,
584 2459 716 2523 semper
732 2443 764 2505 in
781 2465 838 2507 ore
854 2463 930 2509 eum
947 2445 1071 2510 habet:
1095 2465 1175 2528 ergo
1192 2443 1336 2527 Spiritus
1353 2449 1487 2505 sanctus
1503 2449 1638 2523 propter
1654 2460 1801 2507 amorem

446 2560 544 2622 quem
562 2543 664 2609 habet
680 2545 712 2609 in
730 2547 862 2624 Filium,
878 2549 1067 2631 frequenter
1079 2550 1149 2614 eius
1167 2549 1327 2614 meminit.
1344 2547 1391 2609 Et
1405 2543 1519 2627 speciei
1531 2544 1803 2611 damusdividere

444 2645 560 2726 spolia:
572 2650 641 2730 Ipsi
658 2652 801 2731 apostoli
818 2653 973 2717 dividunt
987 2654 1018 2717 in
1032 2653 1179 2720 ecclesiis
1195 2654 1312 2738 spolia,
1328 2669 1414 2736 quae
1429 2659 1628 2731 acceperunt
1642 2650 1686 2715 ab
1695 2649 1800 2715 idolis.
1820 2659 1853 2697 20

456 2769 458 2776 ’
489 2750 534 2815 Si
545 2751 720 2819 dormiatis
743 2756 967 2823 intermedias
983 2758 1103 2822 cleros:
1122 2758 1186 2824 hoc
1210 2768 1270 2836 est,
1286 2759 1313 2822 si
1330 2753 1510 2841 quiescatis
1526 2754 1611 2818 inter
1628 2772 1750 2819 novum
1767 2762 1801 2818 et

445 2863 538 2918 vetus
565 2865 812 2926 testamentum.
844 2859 932 2925 Cleri
959 2861 1114 2926 dicuntur
1144 2871 1177 2926 et
1204 2859 1326 2944 singuli
1354 2855 1447 2922 libri:
1474 2856 1537 2921 hoc
1565 2866 1625 2935 est,
1651 2855 1801 2935 Genesis,

446 2958 595 3035 Exodus‚
615 2963 775 3038 Indicum,
802 2965 995 3047 Evangelia,
1014 2965 1206 3048 Apostolus.
1231 2967 1365 3030 Pennae
1383 2961 1545 3026 columbae
1563 2962 1798 3044 deargentatae.

446 3063 624 3130 Invenietis
642 3067 672 3129 in
690 3068 821 3133 duobus
837 3071 1047 3135 testamentis
1069 3072 1211 3154 gratiam
1230 3069 1372 3153 Spiritus
1397 3066 1513 3130 sancti·
1537 3064 1778 3148 DWWW
1787 3089 1800 3131 ·’

443 3165 567 3230 clarum
585 3170 721 3233 verbnm
748 3172 914 3253 significat
938 3174 1072 3238 divinae
1093 3176 1284 3257 scripturae.
1309 3173 1357 3237 Et
1376 3171 1555 3252 posteriora
1570 3167 1663 3232 dorsi
1680 3168 1749 3233 eius
1765 3169 1799 3233 in
1818 3183 1849 3238 25

435 3268 560 3347 pallore
571 3272 651 3334 auri
663 3296 674 3335 .·
686 3273 749 3336 hoc
766 3284 824 3348 est,
841 3276 873 3338 in
891 3277 1101 3341 interioribus
1118 3278 1309 3358 spiritaliter
1326 3273 1484 3358 mysteria
1500 3271 1745 3353 intelleguntur.

486 3371 577 3435 Dum
592 3374 748 3439 discernit
760 3379 905 3442 caelestis
913 3400 1002 3461 reges
1012 3392 1108 3462 super
1115 3401 1194 3445 earn.
1209 3381 1319 3461 Reges
1332 3379 1422 3442 dixit
1433 3387 1577 3454 sanctos,
1587 3377 1643 3459 qui
1655 3385 1797 3460 regnant

442 3476 508 3538 suis
534 3479 753 3559 passionibus.
772 3483 831 3546 lsti
860 3503 939 3566 ergo
965 3485 1072 3548 sancti
1099 3483 1295 3548 dividuntur
1320 3483 1353 3547 in
1371 3481 1540 3546 ecclesiis:
1565 3479 1655 3546 verbi
1679 3477 1798 3562 gratia,

443 3577 563 3642 Paulus
580 3582 613 3645 in
625 3585 792 3665 gentibus
804 3587 918 3650 Petrus
936 3587 967 3649 in
980 3587 1239 3652 circumcisione.
1255 3587 1345 3652 Nive
1359 3584 1597 3650 dealbabuntur
1611 3584 1646 3648 in
1658 3583 1797 3650 Salman.

471 3803 485 3854 7
496 3794 623 3857 babitaret]
636 3797 656 3845 B
668 3797 736 3856 (Lxx
748 3800 911 3859 κατοικοῦσι)
922 3818 930 3859 ;
949 3798 1098 3848 babitabant
1111 3795 1150 3864 ,BC
1165 3806 1228 3862 post.
1244 3815 1320 3856 corr.;
1342 3799 1521 3848 inhabitabunt
1533 3799 1584 3848 SG.
1686 3799 1725 3861 iu]
1737 3805 1797 3850 ante

437 3873 572 3925 hereditate
582 3893 632 3926 om.
649 3879 700 3928 SG.
804 3893 832 3930 12
849 3881 973 3944 apostolis]
992 3878 1064 3946 βΕὸς
1081 3879 1197 3942 apostolas
1214 3880 1268 3930 BG.
1383 3891 1412 3945 15
1421 3880 1577 3945 praedicare]
1594 3879 1682 3939 codd.;
1696 3881 1795 3944 praedi·

437 3957 513 4006 rana'i
524 3955 548 4024 β.
653 3961 776 4024 19quera]
792 3978 869 4027 quam
887 3962 985 4026 Cpost.
999 3976 1063 4011 corr.
1166 3973 1197 4010 20
1212 3963 1244 4010 ab
1260 3963 1344 4024 idolis]
1363 3961 1419 4022 BC;
1436 3962 1551 4011 deidalis
1569 3960 1602 4028 β;
1619 3961 1649 4010 ab
1665 3962 1726 4012 aliis
1742 3962 1793 4012 SG.

437 4051 468 4101 23
480 4041 611 4108 apostolus]
622 4043 790 4105 apostatantur
802 4043 835 4094 G.
937 4053 968 4104 27
981 4046 1097 4107 regnant]
1110 4049 1252 4106 repugnant
1264 4041 1289 4110 β
1390 4043 1421 4092 28
1438 4044 1501 4109 suis]
1512 4050 1587 4108 super
1597 4042 1630 4092 G.

437 4218 626 4290 gen-Rutilo.
654 4219 734 4278 hom.
764 4239 796 4278 11
825 4217 854 4279 in
881 4220 975 4280 Exod.
1002 4222 1010 4252 ‘
1035 4218 1087 4279 Sin
1181 4238 1207 4294 p.
1224 4215 1342 4299 spr'ritn]
1360 4219 1467 4278 Matth.
1485 4237 1512 4295 5,
1529 4237 1555 4294 3.

437 4297 515 4356 enim
546 4299 702 4376 temptatio
737 4302 944 4378 interpretatur
972 4303 986 4360 ’.
1019 4302 1088 4376 Ipse
1185 4320 1228 4360 rr.
1242 4301 1448 4359 Inbebraeelr.
1461 4297 1792 4380 quaeeaangelnanrur]

437 4391 535 4438 lamen
554 4381 812 4459 Hieronymusep.
826 4386 863 4458 78
873 4385 910 4442 ad
922 4382 1087 4452 Fabiolam,
1143 4381 1266 4440 Hieron.
1284 4383 1368 4457 psalt.
1385 4381 1465 4441 iuxta
1482 4381 1562 4441 hebr.
1580 4382 1640 4456 (ed.
1659 4383 1792 4458 Lagarde

438 4480 530 4520 mans.
547 4465 565 4520 8
589 4473 618 4522 et
637 4482 681 4534 12,
702 4462 753 4523 Sin
778 4465 882 4523 rubum
898 4465 959 4526 sive
980 4465 1086 4536 edium,
1142 4483 1168 4537 p.
1186 4461 1253 4540 70):
1267 4461 1370 4522 ‘dabis
1383 4481 1551 4522 sermonem
1571 4463 1792 4522 adnunlintrici·

435 4541 515 4602 Sinai
530 4561 601 4603 vero
615 4545 699 4604 rubos
709 4547 818 4605 mavult
834 4545 972 4623 intellegi.
1142 4545 1195 4601 bns
1211 4545 1225 4602 ’.

478 4641 502 4698 5.
520 4623 688 4706 adimplere]
700 4627 806 4686 Matth.
825 4644 851 4704 ς,
873 4645 915 4703 ¹7·
1189 4646 1195 4682 ι
1204 4645 1229 4700 3.
1247 4622 1327 4705 neeis]
1342 4625 1449 4684 Manh.
1468 4629 1514 4697 28,
1536 4646 1578 4683 lo.

477 4709 503 4766 6.
520 4709 772 4784 Inpossibiiitatem
787 4705 858 4790 eto]
874 4711 963 4770 Rom.
975 4711 1002 4782 8,
1020 4729 1048 4786 3.
1184 4725 1228 4784 ¹7·
1245 4705 1354 4788 audite]
1371 4707 1448 4767 lbid.
1466 4724 1549 4785 17,5.
