4154 5494
468 397 544 478 182
840 423 868 480 s
894 421 1148 483 uruuouvur
1173 425 1435 485 pressurum

463 637 616 716 ludaeos,
631 640 688 701 sed
706 657 806 721 super
816 648 942 720 gentes,
958 639 1043 704 sicut
1058 641 1218 722 scriptum
1236 650 1300 705 est:
1316 646 1324 673 ‘
1338 641 1510 705 Mandabo
1528 641 1672 706 nubibus
1689 642 1772 706 meis
1783 661 1826 705 ne

462 741 579 824 pluant
595 762 693 823 super
719 741 842 805 Israhel
868 742 1034 808 imbrem'
1054 744 1182 808 inistis
1206 765 1285 828 ergo
1308 745 1451 808 nubibus
1478 746 1599 809 veritas
1621 745 1686 809 Dei
1702 755 1761 812 est.
1788 745 1824 810 Si

463 854 575 908 autem
592 846 624 908 in
645 845 715 910 istis
732 845 875 910 nubibus
891 848 1011 912 veritas
1030 849 1093 913 Dei
1110 859 1170 927 est,
1185 849 1359 932 quomodo
1376 849 1560 914 Montanus
1576 850 1656 913 dicit
1673 859 1707 914 et
1723 849 1824 914 Cata·

431 1007 433 1012 .
463 949 611 1032 phrygae
622 951 746 1027 dicunt,
756 952 833 1032 quia
843 953 934 1034 quod
947 973 1011 1017 non
1023 964 1075 1017 est
1086 954 1268 1018 revelatum
1279 952 1440 1036 apostolis
1453 955 1549 1018 nobis
1561 953 1743 1018 revelatum
1755 956 1825 1019 est?

505 1053 665 1120 Exultare
685 1057 893 1137 superandas
914 1059 1012 1124 Deus.
1030 1059 1122 1123 Deus
1147 1081 1212 1124 non
1236 1061 1405 1124 exaltatur
1421 1059 1483 1120 nisi
1503 1077 1602 1140 super
1618 1059 1738 1135 caelos,
1757 1079 1824 1122 non
1857 1075 1868 1126 5

463 1159 631 1224 exaltatur
646 1180 745 1242 super
760 1170 892 1227 terram.
909 1161 1055 1246 Quando
1077 1167 1196 1228 terreni
1214 1185 1338 1240 sumus,
1355 1185 1419 1228 non
1442 1163 1632 1226 exaltamus
1650 1164 1779 1242 Deum;
1796 1167 1824 1229 si

462 1273 575 1328 autem
602 1266 644 1329 de
666 1267 804 1328 terrenis
820 1265 899 1329 sacti
926 1266 1083 1331 fuerimus
1111 1269 1279 1347 caelestes,
1307 1278 1386 1333 tunc
1416 1269 1607 1332 exaltamus
1630 1268 1750 1332 Deum.
1780 1269 1823 1332 Et

464 1367 630 1432 Dominus
653 1379 764 1433 noster
782 1369 918 1452 quando
941 1371 1059 1434 eratin
1083 1381 1177 1448 terra,
1200 1392 1345 1437 nonnos
1366 1371 1538 1436 exaltavit.
1561 1371 1662 1434 Dicat
1684 1373 1825 1454 aliquis:

463 1469 653 1535 Temerarie
670 1473 822 1554 loqueris,
838 1471 1001 1553 siquidem
1019 1475 1089 1554 lpse
1110 1475 1191 1539 dicit
1208 1475 1239 1538 in
1262 1475 1453 1558 evangelio:
1470 1473 1635 1557 ‘Quando
1655 1475 1824 1539 exaltatus

463 1572 565 1650 suern,
581 1577 693 1640 omnia
710 1577 838 1640 traham
855 1577 898 1638 ad
916 1576 995 1638 me’
1012 1576 1100 1641 Vide
1117 1579 1196 1660 quid
1213 1578 1317 1642 dicat:
1334 1578 1481 1662 Quando
1497 1579 1666 1642 exaltatus
1684 1576 1776 1642 suero
1790 1580 1822 1642 in
1840 1600 1869 1637 ro

462 1676 571 1754 caelis,
588 1688 667 1743 tunc
686 1682 799 1743 omnia
815 1679 944 1743 traham
962 1681 1004 1744 ad
1028 1700 1088 1746 me.
1107 1682 1184 1745 Pius
1210 1683 1345 1765 quidem
1368 1693 1418 1748 est
1444 1687 1506 1749 iste
1528 1707 1653 1762 sensus,
1679 1687 1736 1750 sed
1759 1707 1824 1769 ego

463 1779 552 1844 allud
577 1779 745 1866 intellego,
770 1785 917 1870 Quando
940 1791 1109 1856 exaltatus
1128 1792 1229 1868 fuero,
1255 1796 1390 1875 quando
1411 1794 1589 1860 crucifixus
1615 1794 1716 1872 suero,
1744 1806 1823 1860 tunc

462 1903 578 1948 omnes
594 1887 723 1952 traham
741 1892 782 1954 ad
802 1913 863 1957 me.
885 1894 931 1958 Ut
947 1895 1125 1959 liberentur
1137 1896 1248 1960 dilecti
1261 1897 1318 1962 tui.
1336 1896 1367 1962 O
1385 1899 1467 1962 mira
1484 1898 1732 1982 intellegentia!
1749 1920 1825 1982 pro-

463 1997 576 2069 pterea
592 1991 792 2074 crucifigitur
811 1996 976 2062 Dominus
994 2009 1027 2062 et
1044 2000 1222 2078 exaltatur,
1244 2010 1280 2064 ut
1296 1999 1476 2066 liberentur
1492 2001 1604 2066 dilecti
1621 2003 1699 2067 eius.
1723 2003 1769 2068 Ut
1782 2003 1824 2066 li-

462 2091 618 2168 berentur,
639 2095 756 2176 inquit.
775 2098 885 2162 dilecti
903 2101 962 2178 tui,
977 2101 1121 2165 exaltare
1139 2103 1348 2184 supercaelos
1373 2105 1470 2168 Deus.
1495 2105 1635 2169 Factum
1657 2116 1707 2168 est
1732 2106 1823 2188 quod
1840 2119 1868 2172 15

464 2197 655 2279 petivimus:
671 2201 726 2264 ille
738 2203 907 2266 exaltatus
925 2214 983 2280 est,
1001 2216 1034 2268 et
1053 2225 1113 2268 nos
1129 2206 1259 2270 liberati
1275 2227 1398 2271 sumus.

504 2301 596 2364 Deus
610 2303 733 2368 locutus
743 2317 791 2369 est
806 2307 840 2370 iu
856 2317 965 2371 sancto
979 2328 1050 2372 suo:
1067 2309 1135 2372 sive
1152 2310 1184 2372 in
1203 2311 1338 2392 templo,
1347 2311 1418 2375 sive
1431 2311 1464 2375 in
1481 2332 1682 2395 unoquoque
1693 2321 1823 2376 sancto·

462 2425 544 2482 rum,
562 2407 630 2470 sive
647 2409 680 2470 in
697 2411 867 2492 propheta.
896 2411 1042 2475 Auditur
1066 2413 1097 2474 in
1117 2413 1243 2495 Moyse,
1269 2415 1401 2479 auditur
1423 2416 1455 2478 in
1481 2416 1651 2497 apostolo;
1666 2426 1700 2480 et
1716 2417 1823 2480 verius

463 2509 549 2586 dico,
570 2510 699 2575 locutus
720 2515 818 2576 estin
843 2515 928 2578 Filio
944 2535 1013 2579 suo.
1036 2515 1126 2598 Quid
1148 2537 1228 2599 ergo
1252 2517 1381 2582 locutus
1402 2530 1453 2582 est
1479 2520 1595 2583 Deus?
1619 2521 1713 2584 Haec
1737 2540 1823 2603 quae

464 2624 627 2678 secuntur.
653 2615 837 2680 Exultobor
856 2619 1049 2682 etdr'vr'dam
1068 2619 1202 2683 Sicima.
1228 2621 1415 2702 Propterea,
1438 2623 1554 2704 inquit,
1578 2622 1759 2705 crucifigor,
1785 2633 1822 2688 ut
1838 2643 1870 2679 20

412 2787 415 2792 ¹
464 2716 611 2781 dividam
640 2718 773 2784 Sicima.
799 2722 923 2786 Sicima
955 2724 1189 2805 interpretatur
1216 2725 1248 2786 in
1277 2735 1389 2788 nostra
1421 2725 1535 2808 lingua
1566 2727 1680 2792 umeri.
1708 2727 1822 2792 Umerl

464 2831 575 2887 autem
593 2824 852 2906 interpretantur
868 2827 899 2890 in
917 2849 1026 2909 opera.
1049 2827 1173 2892 Sensus
1190 2849 1269 2911 ergo
1291 2829 1353 2894 iste
1370 2839 1435 2894 est:
1451 2839 1627 2912 propterea
1642 2831 1823 2914 crucifigor,

464 2936 499 2988 ut
515 2947 616 3008 opera
633 2948 707 2991 mea
723 2929 869 2994 dividam
887 2931 1009 2994 sanctis
1027 2933 1124 3009 meis;
1138 2943 1311 3014 propterea
1333 2930 1514 3014 crucifigor,
1527 2943 1564 2995 ut
1580 2933 1694 3015 iugum
1711 2952 1822 2996 meum

463 3049 564 3093 suave
591 3042 625 3094 et
651 3051 735 3094 onus
765 3052 876 3096 meum
905 3033 976 3096 leve
1003 3035 1161 3114 inponam
1189 3054 1288 3116 super
1315 3037 1457 3099 cervices
1484 3036 1666 3100 hominurn.
1694 3037 1823 3112 Fecisti,

465 3131 620 3212 Domine,
632 3137 721 3216 quod
740 3136 905 3217 pollicitus
921 3159 970 3202 es:
987 3140 1156 3202 exaltatus
1172 3159 1216 3214 es,
1232 3148 1265 3202 et
1281 3140 1420 3203 divisisti
1438 3138 1571 3204 Sicima.
1587 3138 1635 3202 Et
1648 3139 1822 3202 convallem
1840 3160 1869 3213 25

463 3236 741 3302 tabernaculorum
760 3241 920 3308 dimetiar.
937 3243 1026 3306 Vere
1050 3244 1216 3306 Dominus
1232 3253 1265 3307 et
1282 3243 1436 3308 Salvator
1459 3252 1571 3306 noster
1587 3243 1619 3305 in
1643 3242 1728 3306 hanc
1743 3262 1821 3307 con·

465 3343 583 3407 vallem
607 3344 826 3422 lacrimarum,
847 3347 878 3409 ln
900 3347 1007 3410 locum
1032 3346 1228 3410 humilitatis
1253 3357 1386 3410 nostrae
1405 3346 1613 3421 subintravit,
1635 3346 1698 3409 hoc
1715 3356 1765 3409 est
1789 3346 1820 3408 in
1849 3405 1852 3411 .

465 3448 565 3511 istum
583 3450 752 3514 mundum.
772 3451 809 3512 In
828 3459 990 3532 quantum
1007 3453 1081 3533 quis
1097 3462 1232 3514 sanctus
1248 3460 1297 3513 est
1326 3452 1357 3512 in
1375 3451 1437 3513 hoc
1460 3451 1594 3529 mundo,
1611 3452 1752 3515 necdum
1768 3471 1822 3514 co-

464 3555 595 3634 gnoscit
608 3556 791 3619 secundum
805 3556 895 3637 quod
912 3564 1044 3636 oportet
1056 3575 1162 3619 nosse.
1179 3555 1253 3618 ‘Ex
1267 3564 1360 3638 parte
1376 3556 1465 3618 enim
1479 3556 1721 3638 cognoscimus,
1730 3563 1763 3618 et
1779 3577 1822 3618 ex

465 3667 559 3740 parte
575 3659 824 3751 prophetamus.
838 3661 845 3686 ⁵
1119 3697 1122 3702 Δ
1481 3690 1487 3699 ·
1841 3685 1872 3736 30

497 3865 597 3932 aquia]
618 3881 668 3915 om.
685 3865 709 3933 β.
813 3881 843 3916 10
854 3867 883 3918 r'u
903 3869 988 3931 caelis]
1009 3868 1038 3917 r'n
1056 3869 1131 3918 caelos
1151 3867 1255 3928 Georr;
1276 3867 1305 3916 iu
1324 3868 1385 3917 coelo
1407 3865 1430 3934 β
1535 3878 1563 3928 13
1583 3867 1674 3930 ourues]
1693 3865 1821 3915 omniuo.

465 3959 497 3996 20
508 3948 638 4010 secuntur]
650 3948 716 3998 codd
728 3965 735 4008 ;
747 3958 892 4014 sequuntur
903 3948 928 4017 β.
1029 3951 1180 4013 Exultabrr]
1194 3948 1209 4018 β
1222 3958 1246 4000 et
1258 3950 1333 3999 codd.
1349 3943 1537 4015 (ὑψωθήσομαι
1550 3949 1625 4007 txxl.
1718 3947 1824 4007 Sicima]

465 4030 482 4080 S
496 4023 604 4092 (Σίκιμα
617 4033 703 4091 Lxxl,
697 4049 703 4062 ·
715 4031 815 4094 Syrr'rua
828 4036 850 4082 Α
864 4054 870 4066 ·
864 4037 1004 4094 ,Sicimam
1018 4034 1097 4103 βΒΟ,
1091 4054 1097 4067 ·
1110 4039 1235 4098 Sycr'rrram
1249 4037 1280 4086 G.
1358 4047 1386 4084 21
1401 4034 1498 4094 urrrerr']
1509 4033 1611 4082 laurera*
1623 4029 1658 4100 β,
1651 4051 1657 4064 ·
1669 4049 1772 4082 umerus
1784 4032 1824 4090 C·

464 4111 627 4162 humerurB.
727 4126 759 4162 22
772 4117 894 4180 mopere]
909 4118 973 4186 pte
985 4136 1036 4170 om
1051 4137 1087 4169 m.
1190 4129 1219 4179 27
1233 4121 1260 4167 r'n
1273 4120 1350 4168 istum
1369 4115 1552 4177 »landunum
1570 4115 1616 4162 r'sto
1636 4114 1728 4163 mundo
1749 4113 1822 4164 BSG.

465 4193 495 4244 28
509 4196 542 4243 Iu
553 4195 688 4260 quantum]
699 4199 927 4261 quantumlrbetrl
1028 4201 1095 4265 quer]
1112 4217 1157 4264 qur
1154 4201 1244 4249 BSG.
1347 4199 1375 4248 r'u
1388 4199 1430 4247 hoc
1441 4195 1544 4258 uruudo]
1561 4211 1611 4245 om.
1628 4193 1681 4262 βιη
1691 4212 1742 4260 quo
1757 4197 1825 4246 locus

464 4276 511 4326 iste
523 4276 558 4326 ita
570 4277 678 4343 legitur.
692 4281 721 4329 ἐκ
732 4297 780 4346 quo
791 4283 957 4346 quantunrvrr
969 4284 1055 4348 quivis
1064 4281 1263 4347 saurlursum't

508 4465 532 4504 2.
550 4446 667 4505 imbrem
696 4449 734 4507 Is.
753 4467 779 4525 5,
797 4453 823 4508 6
1170 4446 1371 4508 transfertur'
1365 4466 1394 4506 rn
1418 4445 1580 4517 urrreruur'3
1603 4443 1632 4502 in
1658 4445 1728 4505 Ose.
1755 4448 1782 4517 6,
1807 4465 1825 4520 9

510 4547 553 4584 ro.
570 4528 613 4585 ad
624 4549 668 4588 me
697 4531 740 4588 Io
762 4551 805 4601 12,
828 4551 874 4606 3²·
1172 4528 1315 4589 ‘Sichem
1345 4527 1552 4620 interpretatur
1577 4525 1698 4595 ὡμίασις,
1726 4524 1756 4586 id
1782 4537 1825 4586 est

508 4627 553 4666 21.
573 4629 663 4670 umerr
701 4610 826 4670 Hieron
847 4611 941 4672 Hebr.
957 4625 1071 4688 quaest
1089 4610 1119 4668 in
1173 4612 1277 4669 anteri:
1294 4605 1758 4684 inumerisopusintellegimus'
1769 4619 1824 4667 etc

466 4691 575 4752 Genea.
593 4693 641 4764 48,
660 4712 695 4751 aa
714 4692 855 4754 ‘Sichem
877 4693 977 4769 lingua
992 4693 1121 4754 hebraea
1215 4712 1261 4768 30.
1271 4685 1491 4770 prophetamus]
1511 4707 1522 4747 r
1541 4689 1609 4750 Cor
1630 4707 1676 4765 13,
1694 4705 1719 4761 9
