4092 5502
638 467 892 530 TRACTATUS
915 466 960 524 IN
981 465 1115 562 ⁴MllRC.
1138 465 1193 535 XI,
1221 483 1294 522 1·ro.
1565 459 1648 545 353

290 685 374 748 servi
398 683 497 748 vestri
525 692 621 746 sunt:
648 681 700 748 hic
725 690 776 745 est
802 681 969 758 dominus,
992 681 1080 743 hunc
1104 679 1224 743 audite.
1263 676 1376 740 Nolite
1401 695 1578 739 conservos
1601 675 1648 736 sic

290 789 461 866 honorare,
476 785 648 869 quomodo
665 783 838 848 dominum
853 809 859 848 :
877 785 941 848 Dei
966 784 1087 848 Filium
1104 782 1212 845 solum
1231 783 1353 846 audite.

335 892 426 956 Dum
454 891 517 954 hoc
542 889 687 972 loquitur
714 889 819 966 Pater,
846 899 879 951 et
903 888 1007 951 dicit:
1025 887 1091 950 Hic
1115 895 1166 949 est
1194 885 1297 949 Filius
1332 905 1426 949 meus
1449 885 1648 960 carissimus,

292 995 379 1060 hunc
395 995 517 1072 audite,
533 1012 599 1057 non
616 991 770 1074 apparuit
786 992 842 1074 qui
860 991 1057 1073 loqueretur.
1069 988 1184 1054 Nubes
1200 991 1289 1052 enim
1306 999 1385 1066 erat,
1400 1007 1470 1052 vox
1491 988 1648 1052 audieba-

260 1121 275 1175 ς
293 1108 353 1163 tur.
371 1095 562 1172 Dicebatur,
581 1095 647 1158 Hic
663 1103 713 1158 est
730 1094 834 1157 Filius
852 1113 944 1159 meus
960 1093 1158 1171 carissimus,
1174 1093 1263 1156 hunc
1279 1093 1401 1158 audite.
1418 1093 1505 1156 Fieri
1518 1101 1649 1176 poterat

294 1214 329 1266 ut
346 1203 462 1266 Petrus
477 1199 624 1263 diceret:
641 1198 693 1262 De
721 1198 840 1281 Moyse
856 1199 946 1276 dicit,
957 1200 1001 1263 de
1026 1199 1125 1264 Helia
1140 1199 1230 1264 dicit
1248 1200 1300 1264 Ne
1316 1199 1417 1282 igitur
1442 1199 1489 1264 illi
1519 1200 1650 1264 dubita-

294 1315 375 1384 rent,
390 1307 471 1370 dum
484 1303 631 1386 loquitur
644 1302 751 1380 Pater,
767 1303 813 1366 illi
828 1304 1068 1368 subtrahuntur
1084 1304 1161 1381 duo,
1176 1312 1210 1368 et
1227 1303 1317 1368 solus
1334 1305 1475 1388 Xpistus
1491 1317 1650 1372 remanet.

298 1409 363 1474 Hic
378 1419 428 1474 cst
446 1407 549 1472 Filius
566 1427 659 1472 meus
686 1408 884 1485 carissimus,
907 1409 995 1472 hunc
1011 1408 1133 1472 audite.
1151 1407 1242 1471 Dicit
1260 1407 1375 1471 Petrus
1391 1407 1424 1471 in
1448 1409 1549 1472 corde
1565 1429 1650 1475 suo:

296 1513 379 1598 Quis
395 1524 444 1576 est
463 1510 566 1574 Filius
581 1508 679 1573 eius?
695 1511 779 1574 Tres
805 1511 904 1576 video
919 1535 926 1575 :
942 1521 1050 1594 putas,
1064 1511 1108 1574 de
1130 1529 1198 1592 quo
1214 1509 1384 1593 loquitur?
1401 1510 1492 1574 Dum
1520 1514 1651 1595 quaerit

249 1648 279 1684 ιο
295 1637 394 1701 quern
418 1615 529 1698 eligat,
546 1633 648 1678 unum
666 1615 808 1698 respicit.
824 1615 880 1679 Et
896 1616 1011 1679 statim
1028 1613 1344 1696 circumspicientes,
1359 1615 1441 1678 dum
1458 1625 1525 1679 tres
1550 1637 1653 1699 quae-

297 1733 382 1800 runt,
398 1739 500 1784 unum
518 1720 691 1783 inveniunt
706 1740 713 1783 :
729 1719 833 1782 immo
857 1729 925 1783 tres
943 1720 1129 1802 perdentes,
1153 1737 1255 1783 unum
1273 1719 1445 1782 inveniunt
1461 1742 1468 1784 ε
1484 1719 1599 1797 immo,
1615 1729 1652 1784 ut

297 1825 439 1908 amplius
454 1825 575 1900 dicam,
591 1823 624 1886 in
648 1841 715 1886 uno
741 1831 809 1886 tres
833 1825 1009 1906 reperiunt.
1028 1824 1137 1907 Magis
1165 1821 1253 1886 enirn
1270 1821 1437 1890 invenitur
1453 1821 1594 1905 Moyses
1617 1833 1652 1887 et

302 1928 425 2005 Helias,
440 1927 466 1990 si
484 1927 517 1990 in
535 1926 658 2007 Xpisto
673 1924 926 2009 conglobentur.

341 2029 389 2094 Et
411 2028 526 2094 statim
549 2028 833 2110 circrrmspr'cr'entes
856 2032 1014 2095 neminem
1040 2031 1181 2113 arreptius
1214 2031 1374 2095 viderunt.
1402 2031 1478 2116 Ego
1517 2035 1655 2116 quando

251 2163 259 2198 ι
265 2161 279 2213 5
299 2137 374 2219 lego
388 2134 607 2218 evangelium,
622 2142 655 2196 et
672 2133 769 2198 video
785 2135 830 2198 ibi
845 2135 1038 2201 testimonia
1053 2136 1095 2200 de
1111 2135 1193 2218 lege,
1208 2136 1402 2201 testimonia
1413 2137 1456 2200 de
1471 2137 1656 2220 prophetis,

299 2240 406 2306 solum
432 2239 591 2322 Xpistum
616 2239 811 2304 considero:
834 2239 880 2303 sic
903 2241 969 2304 vidi
1000 2241 1152 2323 Moysen,
1179 2239 1226 2302 sic
1243 2239 1310 2303 vidi
1329 2239 1520 2321 prophetas,
1549 2249 1585 2305 ut
1612 2241 1655 2304 de

301 2345 425 2428 Xpisto
448 2341 673 2426 intellegerem
702 2341 882 2425 loquentes.
899 2344 1054 2427 Denique
1070 2344 1206 2426 quando
1226 2362 1347 2408 venero
1374 2344 1415 2407 ad
1442 2343 1655 2426 splendorem

303 2449 424 2532 Xpisti,
449 2457 482 2510 et
508 2448 603 2530 quasi
630 2445 936 2529 splendidissimum
962 2449 1074 2512 lumen
1090 2449 1169 2512 clari
1196 2448 1276 2511 solis
1297 2467 1473 2531 aspexero,
1500 2447 1655 2512 lucernae

302 2543 412 2620 lumen
429 2572 495 2617 non
512 2571 647 2635 possum
664 2551 784 2616 videre.
809 2552 981 2634 Numquid
999 2552 1165 2617 lucernam
1183 2554 1209 2617 si
1235 2555 1394 2619 incendas
1412 2556 1444 2618 in
1470 2557 1533 2634 die,
1550 2556 1659 2621 lucere

251 2694 285 2730 zo
303 2661 437 2741 potest?
455 2655 491 2720 Si
507 2655 556 2720 sol
573 2655 704 2734 luxerit,
723 2656 782 2720 lux
809 2656 962 2721 lucernae
986 2677 1052 2722 non
1069 2667 1183 2740 paret:
1199 2658 1245 2721 sic
1261 2667 1294 2722 et
1321 2657 1444 2740 Xpisto
1478 2669 1655 2741 praesente

303 2770 485 2845 conparata
506 2759 563 2824 lex
579 2769 613 2824 ct
637 2763 819 2845 prophetae
845 2763 978 2846 penitus
1001 2783 1067 2826 non
1084 2764 1255 2845 adparent.
1272 2763 1350 2828 Non
1367 2762 1510 2826 detraho
1535 2763 1600 2845 legi
1624 2774 1658 2829 et

305 2866 483 2950 prophetis,
507 2865 587 2948 quin
611 2865 722 2947 potius
749 2865 858 2944 laudo,
884 2867 963 2950 quia
994 2867 1153 2949 Xpistum
1180 2867 1397 2949 praedicant:
1420 2868 1478 2932 sed
1507 2867 1553 2930 sic
1583 2867 1659 2950 lego

306 2972 412 3054 legem
429 2979 462 3035 et
474 2969 664 3053 prophetas,
676 2979 712 3033 ut
723 2988 789 3032 non
803 2988 1016 3051 permaneam
1027 2969 1060 3031 in
1077 2968 1194 3052 legeet
1211 2969 1390 3052 prophetis,
1406 2970 1464 3034 sed
1481 2990 1539 3052 per
1549 2969 1656 3052 legem

305 3081 339 3138 et
355 3072 534 3155 prophetas
550 3072 592 3136 ad
610 3071 769 3154 Xpistum
786 3071 987 3153 perveniam.

253 3359 288 3414 ,ς
712 3309 791 3412 [tn
826 3311 992 3386 nnuc.
1024 3311 1093 3396 xr,
1129 3309 1244 3408 1-10.]

355 3550 431 3626 Iste,
445 3551 501 3633 qui
518 3549 639 3632 ligatus
657 3546 771 3625 iuerat,
787 3549 957 3632 quomodo
972 3549 1034 3612 iste
1056 3550 1166 3632 pullus
1187 3550 1310 3614 multos
1336 3548 1482 3611 habebat
1506 3547 1661 3612 dominos

308 3653 491 3718 secundum
503 3649 711 3734 evangelium
732 3651 867 3714 Lucae?
885 3652 1056 3740 quomodo
1078 3673 1098 3716 a
1115 3653 1227 3717 multis
1243 3653 1387 3718 dominis
1407 3651 1542 3728 tollitur,
1557 3661 1591 3716 et
1617 3653 1660 3716 ad

311 3741 411 3820 unum
427 3755 601 3820 dominum
630 3752 828 3818 adducitur?
844 3757 1016 3838 quomodo
1042 3766 1120 3821 ante
1137 3766 1267 3838 portam
1284 3767 1362 3833 erat,
1382 3765 1415 3820 ct
1432 3756 1463 3818 in
1493 3756 1664 3838 amphodo

310 3865 402 3923 erat?
419 3859 511 3922 Ante
528 3865 657 3938 portam
673 3859 809 3938 quidem
826 3868 906 3936 erat,
921 3869 1055 3941 paratus
1082 3870 1153 3923 erat
1169 3860 1211 3924 ad
1231 3859 1329 3924 fidem
1343 3883 1350 3924 ε
1366 3859 1424 3922 sed
1441 3859 1512 3921 sine
1528 3869 1662 3942 aposto·

259 3981 293 4032 so
312 3963 350 4026 lis
365 3963 569 4026 intrare'non
598 3969 737 4040 poterat,
753 3973 785 4024 et
810 3971 880 4027 crat
896 3964 928 4026 in
945 3963 1124 4045 amphodo,
1147 3963 1180 4026 id
1201 3973 1260 4042 est,
1276 3965 1361 4027 inter
1387 3961 1609 4046 gentilitatem
1629 3974 1662 4027 et

316 4067 531 4140 ludaismum‚
547 4075 579 4126 et
596 4065 675 4147 quid
686 4076 878 4147 sequeretur
891 4067 1074 4149 ignorabat.
1086 4067 1267 4151 Quomodo
1283 4068 1393 4151 pullus
1409 4067 1464 4131 ille
1479 4069 1662 4132 secundum

317 4169 465 4232 Marcum
482 4168 602 4231 dicitur
619 4166 695 4231 talis
710 4187 792 4244 esse,
803 4169 854 4231 cui
868 4188 1050 4252 numquam
1071 4170 1189 4254 aliquis
1205 4171 1359 4235 sederat?
1375 4168 1464 4234 Vere
1482 4189 1664 4252 numquam

346 4377 378 4414 20
383 4363 523 4429 praesente]
534 4363 581 4426 leg.
592 4365 735 4427 praesenti?
802 4377 832 4425 24
840 4366 996 4430 perveniam]
1008 4383 1027 4433 χ
1038 4367 1096 4416 add.
1111 4367 1228 4430 doxolog.
1241 4367 1285 4414 cur'
1294 4383 1349 4414 cum
1357 4373 1431 4430 patre
1441 4372 1464 4414 ee
1474 4366 1567 4429 spiritu
1579 4374 1660 4416 sancto

313 4447 391 4496 horror
400 4454 423 4496 e!
429 4448 513 4510 gloria
523 4453 547 4494 et
558 4448 672 4494 ›nairstas
678 4453 726 4510 per
736 4447 839 4512 r'nſsuiea
850 4451 930 4496 serula
942 4452 1087 4508 secretorum,
1101 4451 1192 4498 Arnen.
1206 4448 1324 4512 Sequitur
1337 4446 1440 4515 hqmilia
1452 4447 1594 4498 undecima.

358 4650 401 4708 27.
428 4633 534 4708 Lucae]
562 4651 605 4704 19.
638 4651 684 4708 33.
710 4667 749 4675 -
776 4630 900 4692 Hieron.
931 4631 960 4690 in
1013 4631 1086 4690 lium
1103 4633 1202 4691 Lucae
1226 4633 1336 4690 multos
1360 4630 1489 4691 habebat
1514 4631 1663 4706 dominos,

318 4715 424 4774 Matth.
442 4733 488 4785 er,
507 4729 519 4770 r
547 4731 611 4790 sqq.
630 4714 817 4774 ‘secundum
842 4732 965 4790 evange·
1015 4732 1076 4772 non
1090 4713 1142 4772 uni
1156 4711 1246 4773 errori
1260 4725 1290 4772 et
1304 4711 1437 4789 dogmati
1451 4712 1588 4774 subditus
1600 4716 1616 4776 '.

368 4840 478 4884 Auectius
486 4837 638 4883 Muedroim
646 4839 692 4892 111,
701 4855 721 4884 a.
1573 4855 1599 4892 45
