4160 5500
507 467 547 508 η
1053 433 1306 494 rttnttrfflo.

513 621 643 680 curn)
675 598 876 698 pertinent,
907 613 1022 690 atque
1056 617 1139 665 cum
1175 591 1328 664 laudato
1372 589 1591 662 Professore
1623 587 1797 692 Ehrltard
1816 589 1862 688 (Ι)

511 722 636 796 sentio
653 717 811 816 plurima
837 714 959 787 adhuc
987 712 1229 808 indagatione
1255 737 1351 805 opus
1369 735 1464 787 esse.
1485 709 1598 780 etiam
1617 727 1702 802 post
1720 732 1825 779 curas
1842 735 1862 779 a

517 843 629 916 Petro
650 835 798 912 Batifsol
819 833 869 926 (²)
887 852 924 904 et
963 829 1133 902 Arthuro
1161 829 1203 900 C.
1229 828 1446 902 tlteciffen
1466 825 1515 922 (3)
1540 824 1750 920 quaestioni
1775 825 1860 897 inlu-

468 977 474 988 ·
513 957 690 1032 strandoe
719 955 919 1050 impensas.
954 947 1041 1019 Hoc
1069 971 1195 1028 unum,
1216 945 1318 1040 quod
1349 947 1397 1016 ad
1429 945 1663 1040 propositum
1697 945 1861 1039 pertinet,

513 1077 639 1151 dicere
671 1071 844 1150 sufficiat,
871 1090 1107 1164 nequaquam
1144 1062 1235 1137 mihi
1265 1065 1447 1136 hactenus
1478 1080 1651 1136 constare
1679 1063 1727 1135 de
1751 1065 1865 1138 altero

519 1195 767 1288 Hieronymo,
783 1187 846 1284 qui
867 1209 969 1258 anno
987 1183 1071 1256 circ.
1095 1205 1169 1274 740
1187 1183 1331 1264 vixerit,
1353 1181 1722 1276 Hierosolymitanus
1740 1201 1777 1255 et
1791 1183 1867 1280 ipse

517 1311 713 1410 presbyter
746 1306 866 1391 luerit,
899 1328 1033 1400 eaque,
1066 1303 1199 1374 mirum
1233 1301 1345 1384 dictu,
1383 1325 1520 1397 graece
1555 1300 1738 1386 effuderit,
1776 1327 1869 1398 quae

518 1433 653 1530 prioris
677 1427 903 1524 Hieronymi
932 1424 1165 1498 verissimam
1195 1420 1398 1495 identidem
1426 1421 1638 1516 exprimant
1658 1419 1865 1517 imaginem.

521 1691 568 1742 De
584 1688 721 1740 Arnobll
746 1687 780 1734 ln
793 1681 1015 1748 Euangelium
1031 1679 1328 1740 Exposltlunculis,
1343 1689 1430 1738 quae
1449 1689 1540 1726 nunc
1562 1679 1708 1740 primum
1729 1681 1870 1742 integrae

1089 1767 1299 1817 exhibentur.

570 1947 641 2021 Xl.
672 1944 770 2020 Cum
803 1969 870 2042 per
900 1942 1084 2016 modicam
1122 1940 1322 2013 voluminis
1358 1939 1640 2037 amplitudinem
1677 1941 1870 2014 commode

521 2065 598 2140 fieri
632 2063 761 2162 possit,
797 2060 991 2140 ‹Arnobii
1028 2058 1241 2155 episcopi)
1282 2058 1520 2154 Hieronymo
1550 2076 1674 2132 aetate
1703 2058 1869 2154 subparis

522 2181 853 2282 Exposilr'unculas
883 2178 924 2252 in
955 2178 1208 2274 Evangelz'um
1239 2175 1456 2273 appendicis
1481 2175 1563 2248 loco
1591 2201 1689 2251 nunc
1715 2179 1869 2273 primum

522 2303 689 2400 integras
708 2297 758 2399 (4)
777 2317 1060 2396 repraesentare
1087 2295 1187 2380 libet,
1212 2320 1260 2367 ex
1274 2294 1403 2368 codice
1434 2293 1704 2368 Universitatis
1724 2296 1870 2368 Ganda-

523 2418 652 2495 vensis
678 2443 689 2492 ι
698 2443 755 2512 32,
775 2416 863 2492 olim
891 2415 931 2490 S.
955 2413 1056 2488 Petri
1073 2412 1357 2498 Blandiniensis‚
1375 2413 1525 2486 saeculo
1538 2436 1594 2486 xn
1608 2413 1707 2487 binis
1720 2431 1870 2488 exarato

523 2537 718 2624 columnis,
739 2535 905 2634 mihique
940 2530 1173 2630 perhumane
1208 2531 1256 2604 ab
1299 2533 1454 2630 egregio
1482 2531 1731 2607 bibliothecae
1750 2532 1871 2606 mode-

524 2677 650 2733 ratore
684 2653 925 2730 Ferdinando
956 2677 1028 2728 van
1061 2652 1127 2725 der
1150 2650 1340 2748 Haeghen
1372 2651 1622 2724 commodato.
1648 2651 1737 2724 Hoc
1764 2653 1873 2724 modo

525 2777 682 2850 tortasse
715 2772 833 2870 magis
859 2775 896 2847 in
923 2788 1054 2867 aperto
1072 2788 1182 2843 erunt
1208 2794 1323 2866 opera
1352 2770 1506 2867 ipsaque
1525 2770 1685 2845 Arnobii
1706 2797 1872 2868 persona,

524 2920 620 2993 quae
638 2892 762 2966 adhuc
782 2892 818 2964 in
833 2908 942 2964 nocte
955 2889 1179 2962 densissima
1196 2886 1312 2959 latere
1328 2887 1553 2962 videbantur
1570 2916 1577 2970 ;
1597 2916 1665 2964 nec
1680 2891 1873 2989 quisquam

524 3013 712 3108 deinceps,
751 3008 848 3086 ultro
881 3033 1012 3082 manus
1045 3008 1159 3080 dante
1193 3003 1338 3103 collega
1367 3032 1452 3081 meo
1487 3009 1745 3083 amantissimo
1777 3010 1877 3084 Beda

527 3129 674 3207 Grundl
695 3127 753 3229 (5)
778 3128 844 3200 has
875 3123 1238 3222 Explanatiunculas
1261 3143 1349 3199 ante
1379 3125 1670 3201 Constantinum
1694 3129 1876 3226 Magnum

527 3255 791 3349 imperatorem
820 3247 978 3352 scriptas
1009 3271 1093 3318 esse
1130 3243 1320 3320 defendet.
1357 3247 1515 3342 lnsuper
1551 3245 1678 3320 multis
1712 3245 1878 3342 opusculi

526 3368 723 3444 sententiis
755 3365 901 3442 medica
932 3389 1064 3437 manus
1096 3364 1278 3438 accessit:
1312 3365 1474 3462 exempli
1500 3366 1631 3464 gratia,
1663 3390 1743 3462 cap.
1769 3387 1813 3459 ²5
1843 3366 1880 3437 in

532 3487 666 3562 Matth.
685 3483 1018 3582 pseudopropheta
1039 3481 1096 3556 ille
1126 3483 1251 3555 nescio
1279 3485 1363 3581 quis
1391 3485 1544 3580 proprio
1562 3485 1714 3559 nomine
1733 3507 1881 3558 attexo·

529 3629 614 3682 utus
650 3601 869 3701 appellatur,
905 3603 1006 3700 quod
1039 3599 1289 3675 adulteratum
1323 3602 1358 3675 in
1391 3621 1502 3676 antea
1529 3602 1639 3678 editis
1667 3625 1884 3676 AMAPOBIUS

529 3725 735 3824 legebatur.
755 3723 894 3796 Verum
921 3720 969 3793 ad
996 3719 1301 3816 scriptiunculam
1327 3718 1505 3797 lectorem
1535 3722 1694 3805 remitto,
1715 3747 1828 3818 quam
1848 3723 1885 3794 in

533 3844 779 3920 Benedictina
814 3841 1072 3938 Ephemeride
1103 3864 1233 3914 mense
1266 3841 1336 3913 ian.
1375 3865 1466 3935 1903
1496 3839 1575 3942 (xit,
1598 3841 1729 3940 647⁶)
1748 3839 1888 3915 dehoc

530 3982 756 4065 argumento
776 3987 895 4060 nuper
914 3961 1102 4066 proposui.

573 4167 631 4175 ---
666 4167 717 4172 .-
800 4165 845 4171 ---
1021 4165 1087 4170 .—-
1600 4166 1819 4172 --—-—-——..

566 4273 585 4309 t.
610 4259 659 4306 Dt'e
670 4253 847 4306 attclrtsrttcte
860 4253 1004 4302 Litteratur
1015 4253 1071 4300 und
1088 4254 1143 4301 ihre
1155 4253 1334 4318 Ersorsclrung
1344 4269 1391 4302 von
1409 4254 1558 4318 18844900.
1576 4256 1636 4304 Pars
1648 4255 1670 4316 l,
1686 4272 1708 4316 p.
1729 4269 1778 4318 214
1795 4273 1833 4323 sq.
1851 4263 1893 4312 Cf.

530 4353 554 4400 p·
564 4331 692 4457 aisilevue
703 4405 743 4453 des
758 4405 889 4466 Qrtestr'ous
903 4405 1072 4467 Hr'storr'qrtes,
1086 4409 1103 4452 t.
1119 4403 1234 4451 XXXIX
1246 4403 1341 4463 (1886),
1355 4420 1379 4468 p.
1396 4403 1513 4468 248·255.

564 4494 585 4545 3.
607 4481 730 4542 Dialogue
742 4479 845 4528 between
858 4497 872 4528 rt
888 4479 1021 4528 Cdrr'slt'au
1033 4495 1083 4525 mro
1097 4495 1111 4526 a
1117 4479 1185 4540 Jew,
1201 4478 1331 4540 lllarbtrrg,
1348 4478 1419 4539 1889.

562 4570 584 4615 4.
602 4553 798 4602 Desideraltatur
810 4553 883 4603 initio
895 4553 1061 4619 capitulorum
1075 4551 1160 4611 index,
1175 4567 1257 4616 neque
1269 4553 1351 4602 adhuc
1364 4561 1516 4603 enotueutnt
1528 4555 1617 4604 decem
1630 4554 1734 4604 ultimae
1746 4558 1899 4612 adnotatio

533 4645 577 4679 nes
589 4629 614 4677 in
630 4627 714 4678 Lucae
728 4627 902 4690 Evangelium.

562 4715 583 4768 5.
606 4700 708 4752 Litteris
721 4703 863 4753 urbanitate
875 4702 958 4768 plenis
970 4703 1001 4752 ad
1016 4721 1055 4754 me
1067 4704 1133 4754 datis
1145 4705 1186 4754 die
1196 4717 1227 4752 22
1239 4704 1289 4753 ian.
1305 4704 1409 4755 huiusce
1420 4705 1482 4753 anni
1497 4719 1565 4768 ¹903·
