4160 5500
829 413 1080 476 PRAEFATIO.
1567 421 1625 481 xvii

268 586 338 646 mo,
357 564 408 635 uti
422 563 493 637 iam
507 565 656 650 dictum,
674 568 806 663 ipsese
818 567 858 642 S.
879 568 1027 642 Doctor
1045 587 1175 668 aperte
1191 571 1326 669 prodit,
1348 573 1436 647 dum
1451 577 1498 648 ad
1513 601 1621 652 suum

267 679 544 755 Hebraz'carum
566 685 830 772 Quaestionum
859 687 993 760 librum
1023 689 1213 763 auditores
1241 691 1407 767 remittit.
1431 693 1625 770 Pertinent

268 824 357 871 vero
376 801 423 872 ad
444 801 609 897 psalmos
633 827 697 878 10.
726 828 791 898 15.
815 808 882 877 82.
906 809 976 898 84.
1000 810 1070 899 87.
1094 811 1165 880 88.
1188 811 1258 899 89.
1282 833 1352 900 92.
1375 816 1444 900 96.

320 938 361 1010 O.
402 939 495 1012 Cod.
529 939 696 1013 Vatican.
731 940 914 1014 Ottobon.
954 943 1035 1014 Lat.
1072 945 1156 1034 478,
1195 941 1347 1018 saeculo
1378 963 1416 1016 et
1449 945 1529 1043 ipse
1557 969 1621 1019 11ν1

265 1059 434 1153 scriptus,
457 1060 519 1156 qui
539 1061 670 1133 eadem
698 1058 773 1133 lere
790 1060 1074 1157 comprehendit
1103 1087 1145 1134 ac
1166 1061 1336 1135 Vatican.
1360 1083 1442 1156 317,
1464 1065 1620 1138 eosdem

265 1183 365 1251 c'erte
386 1202 522 1250 novem
543 1195 721 1252 tractatus
740 1179 788 1252 de
806 1179 961 1251 Psalmis
976 1196 1087 1252 antea
1101 1181 1272 1253 ineditos.
1295 1181 1430 1253 Neutri
1451 1183 1620 1279 antiqua-

266 1297 403 1369 riorum
437 1298 594 1396 contigit
628 1297 810 1371 vetustius
842 1295 1037 1394 exemplar
1065 1297 1225 1371 fideliter
1253 1301 1490 1396 exprimere;
1518 1303 1620 1398 qnod

265 1414 414 1511 quidem
439 1417 584 1490 Romae
614 1439 651 1492 et
683 1418 770 1491 alibi
804 1418 840 1491 in
866 1443 1011 1492 cassum
1041 1420 1250 1514 quaesiisse
1269 1445 1329 1494 me
1346 1445 1439 1494 sane
1460 1422 1619 1496 moleste

265 1533 341 1616 tuli,
373 1534 408 1605 in
447 1535 631 1630 Hispania
664 1562 753 1610 vero
784 1535 906 1609 adhuc
937 1537 1157 1611 delitescere
1191 1539 1378 1612 interdum
1407 1539 1617 1635 suspicatus

263 1675 355 1722 sum.
382 1652 442 1724 De
461 1653 607 1726 duobus
627 1652 796 1750 prolecto
816 1655 1039 1728 Vaticanum
1062 1676 1133 1746 317
1155 1657 1190 1727 in
1211 1657 1386 1730 omnibus
1407 1657 1482 1731 lere
1498 1658 1617 1753 potio·

265 1795 341 1844 rem
363 1797 499 1846 invem.

313 1908 371 1979 M.
395 1908 487 1981 Cod.
511 1909 551 1983 S.
574 1909 693 1982 Marci
727 1908 896 1982 Veneriis
932 1909 1053 1982 Latin.
1087 1908 1205 1983 Class.
1245 1911 1271 1986 Ι.
1297 1934 1397 1986 xcrv.
1428 1911 1501 1986 soll.
1538 1935 1616 2004 139,

262 2026 359 2100 binis
394 2024 577 2101 columnis
622 2053 716 2101 saec.
755 2051 811 2102 xn
855 2027 1111 2127 exaratus(¹).
1163 2027 1331 2103 Eosdem
1368 2030 1536 2102 continet
1571 2030 1620 2101 de

265 2144 421 2218 Psalmis
452 2165 638 2228 tractatus,
660 2146 722 2243 qui
751 2147 787 2220 in
811 2147 959 2220 duobus
993 2147 1175 2220 Romanis
1197 2147 1390 2221 codicibus
1419 2147 1616 2232 habentur,

262 2284 420 2362 utroque
441 2264 556 2340 lerme
572 2266 829 2362 praestantior,
845 2267 946 2364 quod
958 2267 1007 2340 ab
1019 2267 1176 2364 antiquo
1189 2265 1396 2363 exemplari
1411 2264 1618 2360 simplicius

262 2382 429 2476 pendere
450 2383 628 2459 videatur.

314 2517 359 2591 L.
390 2519 487 2592 Cod.
522 2520 694 2592 Laurent.
721 2519 859 2594 Medic.
883 2520 1089 2594 Florentio.
1121 2520 1215 2594 Plut.
1241 2536 1362 2594 XVIII.
1383 2546 1446 2596 xx.
1468 2517 1618 2594 saeculo

261 2659 300 2708 111
321 2637 418 2712 binis
436 2637 656 2737 plerumque
675 2641 856 2716 columnis
875 2643 1034 2738 scriptus
1055 2666 1166 2715 manu
1187 2644 1285 2718 haud
1303 2645 1353 2720 ita
1372 2642 1536 2740 eleganti
1553 2639 1615 2739 (²).

264 2755 307 2828 ln
333 2783 378 2830 eo
403 2782 553 2856 quoque
580 2760 741 2834 maxima
769 2786 854 2856 pars
883 2786 931 2835 ex
962 2762 1120 2835 Arnobii
1148 2762 1431 2839 Commentario
1457 2781 1495 2834 et
1515 2761 1616 2834 notis

261 2872 487 2973 Hieronymi
524 2876 763 2952 Tractatibus
799 2897 954 2976 accepta
989 2896 1056 2965 est,
1099 2879 1276 2954 nonnulla
1312 2907 1358 2954 ex
1398 2878 1614 2978 Augustini.

258 2990 406 3086 Quibus
425 2995 512 3067 addi
539 3014 689 3092 oportet
713 3021 782 3072 sex
807 3022 829 3071 e
854 3021 990 3072 novem
1006 2998 1158 3072 ineditis
1175 2997 1495 3095 Hieronymianis,
1516 3023 1612 3096 quos

258 3114 420 3189 Romani
441 3114 521 3189 libri
536 3116 845 3213 Venetianusque
860 3114 931 3186 iam
953 3114 1205 3191 exhibuerant
1217 3114 1271 3212 (in
1287 3144 1341 3214 ps.
1361 3122 1429 3191 82.
1449 3120 1497 3209 84
1513 3175 1519 3190 .
1543 3120 1589 3209 87
1605 3173 1612 3188 .

255 3235 326 3308 88.
348 3239 416 3326 89.
438 3233 514 3332 92).
536 3234 652 3328 Quod
673 3260 763 3308 vero
782 3252 858 3308 tres
885 3233 1020 3330 reliqui
1048 3234 1201 3307 minime
1220 3254 1450 3332 comparent,
1472 3236 1614 3307 incom-

254 3354 406 3425 modum
427 3352 538 3450 longe
556 3371 821 3448 compensatur
841 3351 1007 3426 inventis
1029 3352 1064 3424 in
1084 3377 1132 3427 eo
1148 3353 1318 3456 quinque
1335 3354 1418 3427 aliis
1436 3351 1613 3426 orationi·

254 3472 324 3545 bus
347 3473 394 3545 de
421 3499 476 3570 ps.
507 3476 756 3567 83.90.91.
779 3495 849 3564 93.
871 3493 929 3564 95.
961 3497 1057 3567 quas
1082 3471 1118 3543 in
1139 3469 1240 3544 nullo
1260 3470 1334 3544 alio
1353 3490 1463 3545 antea
1483 3471 1614 3543 codice

253 3614 502 3686 reppereram.
525 3617 647 3688 neque
667 3591 910 3688 postmodum
928 3591 1086 3685 repperi.
1106 3587 1324 3662 Dolendum
1340 3615 1432 3663 sane
1444 3615 1498 3672 ea,
1516 3614 1614 3685 quae

251 3733 274 3782 a
300 3706 443 3804 psalmo
476 3733 543 3800 119
564 3734 682 3806 usque
702 3709 738 3781 in
760 3708 871 3781 finem
902 3707 1072 3802 primitus
1100 3705 1337 3804 legebantur,
1356 3707 1556 3802 deperdita
1576 3723 1614 3780 et

249 3851 299 3900 ex
327 3825 364 3898 S.
400 3825 531 3900 Crucis
560 3827 654 3901 Plut.
675 3850 725 3900 xv
753 3826 855 3900 dext.
889 3826 970 3896 cod.
1002 3847 1072 3897 vrn
1105 3821 1166 3924 (ci.
1188 3849 1303 3920 supra
1332 3849 1368 3920 p.
1388 3821 1454 3915 xv)
1484 3848 1612 3898 recen·

249 3940 336 4014 riori
367 3966 464 4016 aevo
499 3943 672 4040 suppleta
709 3944 834 4015 luisse.
866 3941 1007 4014 Verum
1043 3941 1237 4014 conversis
1274 3941 1348 4014 iam
1378 3941 1611 4016 eruditorum

248 4059 384 4132 animis
413 4061 450 4133 in
480 4062 547 4134 has
584 4059 904 4156 Hieronymianae
938 4057 1179 4154 eloquentiae
1210 4058 1399 4157 reliquias,
1433 4059 1470 4131 in
1503 4083 1610 4156 spem

248 4175 417 4250 adducor
441 4178 530 4264 lore,
557 4196 598 4251 ut
626 4177 697 4251 alia
725 4202 810 4250 cum
847 4176 1052 4249 vetustiora
1079 4195 1195 4274 atque
1228 4177 1500 4260 emendatiora,
1532 4193 1610 4248 tum

250 4297 366 4372 etiam
386 4296 553 4392 pleniora
570 4295 748 4389 deinceps
767 4295 803 4366 in
822 4293 942 4368 lucem
976 4293 1223 4368 extrahantur
1242 4293 1480 4389 exemplaria.

291 4497 601 4504 -.—--.---—--.
641 4495 1139 4502 .-—-—-.-—-.———--——..—...

289 4599 310 4638 I.
329 4586 502 4644 valentinelli,
515 4595 533 4634 t.
548 4585 570 4644 I,
584 4582 649 4634 Cod.
660 4594 692 4645 45
704 4584 761 4643 (D).

287 4673 310 4710 2.
331 4659 448 4721 Bandini,
461 4669 480 4710 1.
495 4659 517 4720 I,
528 4675 552 4724 p.
567 4671 625 4720 47²·

304 4773 417 4815 Anecdoto
426 4773 581 4816 Maredsolana
592 4771 636 4820 111,
650 4785 668 4823 3.
