4060 5498
487 337 541 420 50
869 335 898 394 S.
926 335 1179 396 HIERONYMI
1208 328 1471 390 PRESBYTERI

485 532 539 594 die
552 532 694 612 expandi
715 553 834 596 manns
850 555 936 597 ineos
954 536 1001 596 ad
1025 546 1061 599 tc.
1083 534 1158 596 Hoc
1174 542 1224 596 est
1240 530 1470 594 testimonium
1488 528 1577 610 quod
1607 527 1778 609 apostolus
1806 528 1840 590 iu

486 635 630 717 epistola
646 637 689 699 ad
705 635 877 700 Romanos
893 658 938 700 ex
955 658 1097 719 persona
1116 635 1300 702 Salvatoris
1317 634 1440 696 abusus
1451 643 1511 696 est.

826 757 913 819 [Quod
925 757 1037 822 sequitur
1046 758 1098 806 iam
1107 773 1138 806 ex
1149 771 1200 805 uuo
1211 753 1300 805 codice
1313 752 1506 814 Laurentinum]

531 853 663 918 Videtis
681 875 760 937 ergo
783 857 873 937 quod
899 858 966 920 vim
993 858 1123 938 psalmo
1150 875 1214 918 non
1243 854 1391 929 iacimus,
1418 853 1475 915 sed
1502 851 1648 933 apostoli
1673 852 1842 934 sequimur

486 959 732 1024 auctoritatem.
749 959 785 1022 Si
801 962 890 1022 enim
908 961 963 1024 ille
986 981 1030 1024 ex
1048 981 1189 1044 persona
1209 958 1345 1021 Domini
1373 957 1469 1020 unius
1487 957 1638 1020 versiculi
1655 958 1776 1020 abusus
1790 967 1841 1018 est

487 1063 727 1140 testimonium,
743 1083 846 1145 quare
863 1085 923 1127 nos
937 1073 1044 1128 totum
1059 1065 1224 1147 psalmum
1238 1084 1302 1126 non
1317 1063 1363 1125 ita
1376 1063 1515 1126 velimus
1528 1082 1699 1142 exponere
1710 1066 1723 1123 i
1734 1061 1839 1144 Quem
1860 1077 1873 1127 5

486 1166 513 1230 si
530 1175 564 1230 et
580 1168 676 1230 aliter
693 1168 904 1248 interpretari
929 1169 1141 1244 voluerimus,
1158 1168 1305 1232 evidenti
1323 1168 1384 1229 hac
1413 1166 1556 1247 apostoli
1584 1167 1751 1229 sententia
1767 1183 1838 1227 sen·

486 1292 541 1334 sus
552 1280 688 1334 nostrae
703 1272 928 1351 expositionis
952 1274 1144 1336 exsolvitur.
1173 1271 1208 1336 Si
1226 1271 1428 1334 voluerimus
1453 1281 1561 1334 totum
1591 1270 1757 1352 psalmum
1784 1290 1839 1331 ex·

487 1394 618 1458 ponere,
635 1375 786 1438 videmur
814 1378 1062 1460 nobismetipsis
1081 1399 1208 1442 moram
1227 1376 1342 1453 iacere,
1360 1396 1442 1456 quos
1468 1377 1534 1438 iam
1562 1376 1645 1439 hora
1672 1373 1840 1456 compellit

485 1479 528 1542 ad
545 1499 660 1542 carues
678 1478 863 1544 Salvatoris
880 1485 947 1546 veri
964 1483 1043 1564 agni
1060 1503 1142 1564 pura
1157 1492 1191 1546 et
1207 1480 1423 1544 immaculata
1438 1479 1645 1542 conscientia
1662 1480 1695 1541 in
1713 1479 1837 1542 unitate

486 1584 577 1664 pacis
594 1582 762 1658 accedere,
778 1594 814 1648 ut
832 1587 997 1666 possimus
1015 1587 1117 1669 digne
1134 1586 1268 1650 caelesti
1298 1605 1383 1665 pane
1410 1584 1559 1660 saturari,
1585 1603 1644 1664 per
1672 1583 1837 1647 Christum
1860 1597 1886 1632 ¹0

489 1685 600 1749 lesum
619 1685 804 1748 Dominum
822 1701 982 1753 nostrum.
995 1689 1056 1754 Cui
1075 1699 1124 1752 est
1142 1689 1248 1770 gloria
1264 1689 1295 1748 iu
1326 1688 1458 1750 saecula
1485 1687 1704 1751 saeculorum.
1724 1687 1837 1750 Amen.

515 1805 608 1866 [Aliter
618 1813 801 1869 prosequuntur
809 1809 910 1859 codices
917 1822 986 1869 ttOV,
997 1826 1060 1874 quos
1072 1809 1166 1858 idcirco
1175 1807 1303 1857 minutiori
1314 1808 1457 1856 charactere
1469 1806 1509 1856 hic
1521 1807 1703 1857 describendos
1716 1807 1837 1857 existima·

486 1886 518 1947 vi.
542 1897 569 1938 ut
588 1887 683 1952 possint
695 1903 752 1938 cum
765 1889 867 1954 vulgato
880 1889 1017 1947 Breviario,
1030 1889 1101 1939 cuius
1113 1888 1214 1938 nonnisi
1228 1888 1333 1937 frustula
1344 1887 1470 1948 exhibent,
1484 1887 1625 1950 comparari
1638 1905 1646 1937 ε

526 1987 683 2062 Numquid
699 1988 917 2063 mortm'ssacies
937 1989 1113 2048 rnirabiltht
1142 1989 1212 2047 Non
1238 1985 1366 2064 illisqui
1391 1985 1525 2046 virentes
1549 1986 1658 2046 mortui
1685 2001 1762 2060 sunt,
1783 1989 1834 2046 sed

484 2083 556 2144 mihi
571 2085 624 2161 qui
640 2083 669 2141 in
685 2095 713 2142 te
729 2082 804 2144 vivo.
821 2085 888 2144 Aut
900 2084 1002 2144 medici
1012 2085 1245 2144 resuscitabunt?
1266 2095 1295 2143 et
1320 2083 1441 2160 reliqua.
1460 2083 1530 2143 Nou
1555 2098 1691 2146 aromata
1713 2085 1836 2146 medico

483 2203 560 2256 rum,
576 2187 628 2244 sed
644 2193 676 2241 tu
695 2185 780 2242 Pater
795 2202 843 2242 me
857 2181 1015 2242 resuscitas
1028 2204 1037 2257 ;
1052 2201 1152 2258 neque
1167 2181 1218 2252 illi,
1234 2182 1289 2240 sed
1304 2199 1360 2257 ego
1371 2181 1539 2241 confitebor
1554 2181 1583 2240 in
1600 2183 1726 2258 populis.

525 2282 684 2358 Numquid
702 2282 843 2340 narrabit
861 2281 970 2357 aliquis
993 2281 1025 2339 in
1047 2281 1196 2357 sepiticbro
1221 2291 1250 2338 et
1265 2291 1370 2340 cetera.
1400 2280 1470 2340 Non
1497 2291 1526 2340 te
1545 2281 1681 2341 laudabit
1706 2282 1833 2359 sepultus
1855 2299 1878 2350 ις

485 2383 515 2440 in
530 2379 641 2442 divitiis
658 2381 781 2452 saeculi,
796 2397 895 2455 neque
916 2377 1056 2438 habitans
1070 2379 1100 2437 in
1114 2376 1281 2454 perditione
1297 2377 1423 2453 peccati.

524 2479 889 2556 Numaniirognascentur
902 2478 1050 2537 mirabilia
1060 2478 1092 2536 in
1106 2477 1236 2550 tenebris,
1259 2484 1287 2535 et
1303 2477 1418 2536 iustitia
1438 2484 1491 2536 raa
1514 2478 1545 2536 in
1570 2484 1652 2536 terra
1666 2478 1832 2538 obiiorbnirb

483 2577 530 2637 Et
540 2597 588 2654 ega
598 2578 642 2636 ad
651 2586 677 2638 te
687 2576 956 2648 Domineclamaai,
969 2583 996 2634 rt
1009 2595 1094 2634 nrane
1103 2575 1197 2634 aratia
1210 2594 1272 2634 mea
1278 2576 1446 2653 praeveniet
1457 2582 1490 2634 te.
1509 2576 1578 2634 Hoc
1588 2589 1643 2648 est,
1656 2575 1727 2653 quia
1744 2589 1831 2634 matu-

484 2675 546 2737 tina
562 2695 610 2737 me
625 2675 852 2737 resuscitatione
866 2672 1051 2734 clarificabis.

531 2775 572 2833 Ut
584 2775 657 2850 qnid
671 2777 796 2834 Domine
810 2770 922 2850 repellis
934 2774 1092 2830 arationem
1108 2791 1207 2842 ntroin,
1225 2783 1256 2831 ut
1273 2791 1333 2832 non
1348 2782 1479 2832 transeat
1494 2771 1570 2831 calix
1582 2771 1638 2833 iste
1652 2793 1669 2833 a
1685 2776 1752 2834 me?
1849 2787 1861 2820 2

527 2873 645 2948 Pauper
664 2893 727 2931 sura
745 2891 794 2948 ego
806 2871 878 2931 etin
893 2871 1038 2929 laboribus
1060 2891 1079 2928 a
1099 2872 1245 2928 rnztentute
1259 2889 1334 2928 rara:
1355 2889 1372 2928 a
1388 2883 1523 2946 tempore
1538 2869 1635 2930 carnis
1650 2872 1827 2948 adsumptae.

484 2971 670 3029 Exultatus:
690 2971 720 3029 id
736 2981 789 3042 est,
805 2970 835 3027 in
851 2985 951 3028 cruce.
966 2969 1173 3028 Hmniliatns:
1199 2969 1256 3028 hoc
1271 2980 1324 3041 est,
1341 2967 1370 3026 in
1387 2969 1556 3044 sepulchro.
1968 2993 1969 3057 p

523 3067 563 3124 In
575 3086 618 3124 rnr
627 3069 870 3142 pertransierant
879 3066 940 3123 irae
954 3072 1030 3124 tuae.
1047 3065 1255 3136 Transierunt,
1265 3079 1294 3125 et
1311 3084 1371 3124 non
1388 3077 1597 3140 persteterunt.

526 3164 787 3224 Circumdederunt
797 3183 839 3221 me
849 3163 923 3221 sr'cat
937 3182 1016 3238 aqua
1028 3168 1087 3220 tota
1109 3163 1160 3221 dre.
1181 3163 1287 3222 Iudaei
1300 3162 1329 3220 in
1346 3162 1486 3222 fluctibus
1503 3165 1752 3240 persecutionum.
1771 3165 1829 3225 Cir·
1967 3127 1968 3217 i

482 3259 739 3319 currrdederuntrne
753 3261 848 3320 sionni.
867 3258 1017 3318 Pharisaei
1032 3278 1102 3317 cum
1118 3260 1452 3331 sacerdotibus,Pilatus
1462 3279 1531 3320 cum
1544 3261 1728 3342 principibus
1744 3277 1773 3324 et
1786 3281 1830 3340 po·
1847 3273 1872 3322 ²5

486 3357 572 3434 pulis.

522 3457 683 3534 Elongasti
693 3477 712 3515 a
725 3475 766 3514 rne
778 3458 903 3515 arrrr'cnm
917 3464 945 3516 et
951 3458 1128 3533 prontinnm,
1141 3466 1170 3515 et
1185 3465 1263 3517 notos
1278 3477 1350 3516 raros
1370 3479 1389 3518 a
1412 3461 1537 3522 misrrth.
1556 3461 1631 3522 Prae
1660 3463 1826 3524 conlusione
1964 3389 1966 3538 i

483 3553 639 3631 passionis,
655 3553 745 3615 etiam
761 3553 816 3630 ipsi
832 3554 961 3631 apostoli
977 3553 1108 3631 elongati
1124 3566 1194 3614 sunt
1209 3555 1247 3614 ab
1262 3553 1323 3636 eo]

519 3715 528 3750 1
542 3706 588 3768 ert]
599 3702 633 3760 L;
646 3718 695 3751 orn.
710 3701 795 3752 thV.
895 3701 1152 3763 testimonialium
1165 3703 1369 3753 testimonioOV.
1470 3699 1587 3769 Μαίης
1597 3721 1648 3756 om.
1662 3707 1748 3758 MOV.
1762 3704 1829 3757 Verbi

484 3785 620 3834 abiaticum
632 3800 713 3834 accus.
727 3800 779 3848 seq.
794 3783 910 3847 exempla
921 3793 1059 3848 suppetunt
1070 3801 1100 3834 ex
1115 3786 1203 3834 Plauto
1214 3795 1238 3835 et
1250 3786 1379 3836 Terentio.
1482 3787 1618 3852 ecpistola]
1630 3789 1679 3839 OV
1692 3793 1766 3842 inser.
1779 3806 1827 3840 sua.

484 3868 576 3916 abnsas
595 3863 639 3925 est]
653 3867 785 3917 Corrector
806 3869 829 3914 O
849 3865 874 3914 in
895 3882 981 3930 marg:
1003 3867 1103 3931 ‘potius
1124 3869 1232 3932 legerem
1250 3885 1310 3917 urus
1321 3868 1370 3917 ert'
1382 3889 1389 3930 ;
1402 3871 1445 3919 sed
1458 3869 1489 3919 ci.
1504 3886 1580 3935 supra
1591 3872 1680 3922 adnot.
1696 3876 1728 3924 ad
1745 3888 1779 3936 14,
1794 3873 1825 3922 16.

484 3946 649 4012 8ampetn't]
667 3948 774 4012 scripsl;
791 3949 921 4012 conpellat
940 3949 968 3998 L.
990 3950 1029 4000 et.
1052 3966 1127 4014 supra
1147 3961 1188 4014 45,
1211 3963 1257 4012 15;
1280 3965 1322 4013 49,
1346 3967 1361 4013 a
1381 3961 1429 4003 etc.
1530 3965 1545 4014 9
1565 3955 1595 4002 in
1615 3954 1827 4016 unitatelitemex

484 4030 770 4088 coniectura;inur'tote
784 4030 813 4079 L.
917 4031 1081 4079 12Noniltis
1101 4034 1277 4096 qnim'venter]
1295 4033 1333 4082 Cl.
1359 4034 1513 4084 breviarium
1533 4035 1559 4084 in
1582 4037 1647 4086 Psal.
1671 4040 1707 4098 (ε
1724 4038 1750 4102 β)
1767 4039 1825 4103 apud

487 4113 583 4177 Migne,
597 4113 622 4161 in
635 4112 747 4162 editione
757 4128 808 4176 qua
820 4121 877 4163 utor
888 4114 936 4162 col.
955 4125 1013 4177 1151
1030 4116 1048 4162 B
1060 4131 1115 4179 sqq.
1219 4128 1247 4178 13
1259 4113 1452 4175 resuscitabant]
1463 4118 1621 4167 suscitabant
1632 4119 1656 4186 β.
1761 4136 1827 4184 14η-

482 4191 597 4254 suscitas]
608 4195 727 4243 resarcito
736 4195 793 4244 OV.
893 4192 945 4252 ille]
956 4197 1009 4244 illis
1020 4197 1068 4245 OV
1080 4197 1228 4259 geminatas
1238 4213 1303 4261 quae
1315 4199 1435 4262 sequitur.
1535 4198 1674 4263 confitebor]
1687 4201 1703 4270 β
1713 4205 1770 4254 add.
1778 4203 1825 4252 tibi.

486 4288 515 4339 19
527 4277 722 4339 resuscitatione]
734 4277 797 4336 OV;
809 4280 988 4326 resurrectione
1002 4277 1056 4345 Μβ.
1073 4279 1127 4328 Vox
1137 4280 1266 4328 suscitatio
1277 4289 1358 4330 exstat
1370 4297 1410 4346 ap.
1427 4281 1534 4331 Hieron.
1549 4283 1678 4344 (Goelzer,
1693 4303 1717 4349 p.
1732 4289 1779 4346 77).

528 4431 552 4469 2.
566 4410 672 4468 abusus
687 4407 738 4489 est]
752 4411 799 4470 Cf.
813 4412 901 4470 Rom.
924 4431 967 4482 ιο,
986 4431 1030 4470 ar.
1187 4413 1267 4472 hunc
1282 4424 1441 4473 tractatum
1457 4435 1466 4488 ;
1490 4417 1544 4474 sed
1559 4429 1589 4476 et
1604 4417 1643 4477 de
1658 4419 1762 4479 ceteris
1776 4420 1826 4496 ple

525 4511 551 4568 9.
578 4495 622 4550 ad
631 4511 731 4551 carnes
753 4489 930 4573 Salvatoris]
958 4493 1051 4552 Vides
1066 4505 1134 4554 ante
1186 4495 1286 4570 risque
1296 4495 1375 4554 idem
1391 4495 1452 4555 fere
1463 4495 1568 4556 sentio.

483 4573 616 4650 synaxim
648 4573 874 4634 eucharisticam
904 4572 1039 4634 habiturn
1069 4595 1134 4635 esse
