4158 5492
932 407 1086 472 SANCTI
1117 404 1373 475 HIERONYMI
1706 409 1832 499 [exirm

1051 711 1263 794 CXLIII.

538 994 800 1078 Benedictus
815 993 1033 1078 Dominus
1045 994 1167 1077 Deus
1179 1023 1308 1096 imus,
1323 998 1404 1105 qui
1418 997 1537 1080 docel
1551 1023 1708 1080 uiuum
1719 1024 1839 1082 meas

483 1133 533 1216 iu
545 1135 776 1245 proelium.
802 1132 1005 1243 Spiritale
1025 1145 1067 1215 et
1098 1135 1264 1216 carnale
1286 1135 1445 1219 bellum
1468 1134 1660 1248 intellegi
1682 1147 1836 1246 potest,

485 1273 529 1363 in
561 1289 650 1383 quo
675 1271 910 1382 proeliante
931 1297 1007 1380 pro
1029 1271 1155 1354 nobis
1178 1273 1272 1356 Deo
1297 1273 1529 1358 vincuntur
1549 1273 1727 1359 inimIci'
1746 1276 1842 1382 Qui

484 1409 643 1494 subicis
666 1410 881 1518 popiilum
914 1436 1054 1491 rueum
1089 1410 1167 1493 sub
1200 1437 1274 1494 me.
1316 1413 1462 1496 Potest
1496 1412 1577 1495 hoc
1610 1424 1653 1496 et
1692 1411 1838 1496 David
1875 1449 1890 1502 s

481 1549 630 1649 dicere,
654 1547 727 1659 qui
751 1547 946 1659 regnavit
968 1549 1140 1658 populis
1162 1550 1203 1631 in
1231 1549 1416 1634 Iudaea:
1443 1551 1599 1633 melius
1620 1563 1764 1633 autern
1785 1576 1839 1632 ex

480 1689 775 1801 apostolorum
797 1713 980 1797 persona
999 1687 1130 1796 accipi
1154 1701 1304 1797 potest,
1329 1688 1489 1798 quibus
1514 1686 1595 1770 Dei
1619 1685 1840 1770 subiectus

481 1829 564 1911 suit
584 1825 783 1939 populus,

1047 2013 1284 2096 CXLIIII.

542 2294 601 2378 Et
623 2295 703 2380 iste
733 2291 927 2402 psalmus
957 2287 1071 2400 apud
1111 2288 1335 2371 Hebraeos
1370 2287 1607 2372 secundum
1643 2286 1840 2372 ordinem
1863 2331 1892 2368 ιο

484 2436 722 2521 litterarum
744 2439 826 2512 est:
847 2441 889 2510 et
909 2426 1058 2510 eodem
1083 2427 1283 2508 scribitur
1306 2439 1451 2527 metro,
1470 2455 1557 2538 quo
1578 2427 1841 2512 centesimus

484 2587 662 2659 octavus
683 2569 875 2660 decimus
906 2566 1091 2674 scriptus
1121 2577 1196 2648 est.
1224 2565 1310 2647 Sed
1345 2565 1455 2653 iuter
1489 2566 1611 2651 illum
1647 2578 1689 2648 et
1725 2565 1843 2650 hunc

485 2712 565 2796 hoc
586 2712 775 2807 interest,
798 2705 914 2816 quod
938 2704 1008 2786 ille
1029 2704 1111 2786 sub
1133 2703 1318 2816 singulis
1349 2703 1503 2787 litteris
1535 2715 1714 2787 octonos
1745 2729 1841 2786 ver-

486 2879 561 2934 sus
583 2848 721 2946 habet,
746 2845 814 2928 hic
836 2843 1042 2952 singulos,
1064 2841 1317 2924 Notandum
1339 2869 1511 2954 quoque
1524 2854 1565 2925 et
1582 2841 1703 2941 illud,
1722 2841 1840 2952 quod

487 3013 584 3071 NUN
607 2987 747 3068 littera
768 2984 811 3065 in
834 2981 914 3065 hoc
935 2981 1102 3090 psalmo
1122 3009 1147 3060 a
1170 2981 1457 3090 Septuaginta
1477 2982 1626 3065 addita
1645 2995 1722 3084 est,
1741 2981 1842 3066 etin
1865 3018 1892 3071 1⁵

488 3125 682 3210 hebraeis
702 3119 999 3205 voluminibus
1023 3145 1108 3200 non
1131 3118 1320 3200 habetur.
1349 3119 1407 3200 Et
1442 3119 1632 3203 continet
1666 3141 1842 3206 versum

489 3263 644 3346 hunc:‘
667 3259 829 3345 Fidelis
850 3257 1067 3339 Dominus
1092 3259 1135 3338 in
1158 3257 1361 3338 omnibus
1384 3257 1658 3341 sermonibus
1675 3258 1777 3357 suiS,
1801 3268 1844 3340 et

489 3416 661 3486 sanctus
682 3401 725 3482 in
749 3397 962 3481 universis
983 3394 1184 3505 operibus
1206 3394 1297 3477 suis
1316 3397 1335 3478 '.
1358 3397 1520 3478 Suavis
1539 3401 1604 3478 esi
1628 3397 1846 3480 Dominus

488 3541 709 3626 omuibus:
729 3543 773 3622 et
792 3535 1110 3618 misericordiae
1129 3535 1221 3616 eius
1240 3537 1372 3641 super
1398 3535 1544 3617 onmia
1574 3538 1703 3642 opem
1737 3534 1841 3620 eius.

487 3679 733 3762 Adversum
759 3673 1029 3757 Novatianos
1052 3673 1130 3756 hoc
1152 3674 1320 3782 psalmo
1343 3673 1404 3756 uti
1428 3699 1694 3783 possumus:
1724 3670 1842 3782 quod
1863 3707 1893 3743 20

489 3818 636 3905 nullus
657 3817 713 3898 sit
749 3825 975 3897 extraneus
1010 3841 1035 3893 a
1068 3812 1215 3894 salute.
1257 3813 1305 3894 Si
1342 3824 1486 3896 autem
1527 3808 1845 3894 misericordiae

492 3953 669 4038 Domini
693 3979 823 4062 supra
842 3951 989 4035 omnia
1005 3978 1133 4061 opera
1154 3949 1258 4050 eius
1276 3962 1385 4032 recte
1406 3963 1447 4032 et
1472 3951 1614 4032 iustus
1631 3949 1843 4048 laudatur,

488 4093 605 4207 quod
629 4091 880 4174 misereatur
899 4089 1128 4172 animabus
1152 4089 1444 4171 iumentorum
1472 4116 1662 4172 suorum.
1680 4087 1847 4196 Sufful-

523 4341 537 4392 3
550 4330 578 4379 in
586 4329 723 4393 proelium]
737 4329 758 4378 E
768 4347 775 4388 ;
809 4328 889 4392 adpr.
900 4328 984 4377 CAM.
1055 4337 1068 4386 7
1079 4327 1131 4374 Dei
1137 4325 1258 4374 subicclus
1267 4327 1322 4385 suit
1330 4325 1447 4390 populus]
1457 4325 1519 4384 AM,
1533 4325 1683 4390 Empulum
1694 4323 1752 4373 add.
1764 4335 1778 4372 2
1789 4322 1848 4382 m.)3

492 4414 543 4462 Dei
557 4412 856 4477 populussm'tsuir'ectus
874 4412 903 4460 C.
1008 4409 1036 4458 18
1053 4410 1147 4458 Suavis
1164 4410 1209 4470 est]
1231 4409 1325 4467 Earn
1344 4408 1365 4458 C
1382 4424 1431 4457 om.
1445 4413 1487 4457 cst.
1590 4420 1621 4471 23
1636 4405 1768 4472 Suffulcit]
1786 4404 1848 4459 EC?

491 4496 582 4562 sufficit
594 4495 631 4556 M,
645 4496 669 4543 A
682 4497 780 4555 (mutat.
795 4493 820 4543 In
834 4496 954 4553 suscitat).

537 4713 551 4751 2
556 4713 582 4769 3.
598 4694 790 4752 iumentorum
805 4685 935 4768 suorum]
949 4691 1033 4748 Prov.
1055 4709 1098 4761 12,
1119 4708 1162 4747 10.
