<?xml version="1.0" encoding="UTF-8"?>
<!DOCTYPE html PUBLIC "-//W3C//DTD XHTML 1.0 Transitional//EN"
    "http://www.w3.org/TR/xhtml1/DTD/xhtml1-transitional.dtd">
<html xmlns="http://www.w3.org/1999/xhtml" xml:lang="en" lang="en">
 <head>
  <title>
</title>
<meta http-equiv="Content-Type" content="text/html;charset=utf-8" />
  <meta name='ocr-system' content='tesseract 3.04.00' />
  <meta name='ocr-capabilities' content='ocr_page ocr_carea ocr_par ocr_line ocrx_word'/>
</head>
<body>
  <div class='ocr_page' id='page_1' title='image "./commentarioliin00morigoog/commentarioliin00morigoog_0172.png"; bbox 0 0 4158 5492; ppageno 0'>
   <div class='ocr_carea' id='block_1_1' title="bbox 655 430 1636 522">
    <p class='ocr_par' dir='ltr' id='par_1_1' title="bbox 655 430 1636 522">
     <span class='ocr_line' id='line_1_1' title="bbox 655 430 1636 522; baseline 0.007 -32"><span class='ocrx_word' id='word_1_1' title='bbox 655 430 912 494; x_wconf 79' lang='lat' dir='ltr'><strong>TRAC&#39;I&#39;ATUS</strong></span> <span class='ocrx_word' id='word_1_2' title='bbox 936 435 992 494; x_wconf 86' lang='lat' dir='ltr'><strong>DE</strong></span> <span class='ocrx_word' id='word_1_3' title='bbox 1016 437 1182 500; x_wconf 80' lang='lat' dir='ltr'><strong>Psntnto</strong></span> <span class='ocrx_word' id='word_1_4' title='bbox 1206 439 1240 498; x_wconf 90' lang='lat' dir='ltr'><strong>V.</strong></span> <span class='ocrx_word' id='word_1_5' title='bbox 1588 436 1636 522; x_wconf 86' lang='lat'><strong>15</strong></span> 
     </span>
    </p>
   </div>
   <div class='ocr_carea' id='block_1_2' title="bbox 200 647 1652 4374">
    <p class='ocr_par' dir='ltr' id='par_1_2' title="bbox 200 647 1652 4374">
     <span class='ocr_line' id='line_1_2' title="bbox 282 647 1641 738; baseline 0.006 -23"><span class='ocrx_word' id='word_1_6' title='bbox 282 669 413 736; x_wconf 81' lang='lat' dir='ltr'>semper</span> <span class='ocrx_word' id='word_1_7' title='bbox 428 647 590 732; x_wconf 90' lang='lat' dir='ltr'><strong>aperiunt.</strong></span> <span class='ocrx_word' id='word_1_8' title='bbox 608 647 798 731; x_wconf 81' lang='lat' dir='ltr'><strong>Sepulcrum</strong></span> <span class='ocrx_word' id='word_1_9' title='bbox 811 659 929 732; x_wconf 83' lang='lat' dir='ltr'><strong>patens</strong></span> <span class='ocrx_word' id='word_1_10' title='bbox 947 662 995 716; x_wconf 90' lang='lat' dir='ltr'><strong>cst</strong></span> <span class='ocrx_word' id='word_1_11' title='bbox 1009 662 1133 736; x_wconf 81' lang='lat' dir='ltr'><strong>guttur</strong></span> <span class='ocrx_word' id='word_1_12' title='bbox 1145 675 1263 721; x_wconf 76' lang='lat' dir='ltr'><strong>comen.</strong></span> <span class='ocrx_word' id='word_1_13' title='bbox 1286 654 1428 738; x_wconf 84' lang='lat' dir='ltr'><strong>Le&#39;nguis</strong></span> <span class='ocrx_word' id='word_1_14' title='bbox 1441 657 1513 722; x_wconf 67' lang='lat' dir='ltr'><strong>rurs</strong></span> <span class='ocrx_word' id='word_1_15' title='bbox 1536 658 1641 724; x_wconf 88' lang='lat' dir='ltr'><strong>dolose</strong></span> 
     </span>
     <span class='ocr_line' id='line_1_3' title="bbox 283 751 1639 846; baseline 0.007 -28"><span class='ocrx_word' id='word_1_16' title='bbox 283 754 431 839; x_wconf 83' lang='lat' dir='ltr'><strong>agebant.</strong></span> <span class='ocrx_word' id='word_1_17' title='bbox 445 751 551 818; x_wconf 85' lang='lat' dir='ltr'><strong>Aliud</strong></span> <span class='ocrx_word' id='word_1_18' title='bbox 578 751 611 816; x_wconf 94' lang='lat' dir='ltr'><strong>in</strong></span> <span class='ocrx_word' id='word_1_19' title='bbox 628 752 728 817; x_wconf 91' lang='lat' dir='ltr'><strong>corde</strong></span> <span class='ocrx_word' id='word_1_20' title='bbox 743 755 912 831; x_wconf 89' lang='lat' dir='ltr'><strong>tenebant,</strong></span> <span class='ocrx_word' id='word_1_21' title='bbox 928 755 1019 821; x_wconf 90' lang='lat' dir='ltr'><strong>aliud</strong></span> <span class='ocrx_word' id='word_1_22' title='bbox 1034 758 1066 821; x_wconf 93' lang='lat' dir='ltr'><strong>in</strong></span> <span class='ocrx_word' id='word_1_23' title='bbox 1083 779 1236 823; x_wconf 83' lang='lat' dir='ltr'>sermone</span> <span class='ocrx_word' id='word_1_24' title='bbox 1252 758 1514 842; x_wconf 84' lang='lat' dir='ltr'>pollicebantur:</span> <span class='ocrx_word' id='word_1_25' title='bbox 1535 763 1639 846; x_wconf 89' lang='lat' dir='ltr'><strong>pieta·</strong></span> 
     </span>
     <span class='ocr_line' id='line_1_4' title="bbox 285 853 1636 941; baseline 0.008 -20"><span class='ocrx_word' id='word_1_26' title='bbox 285 865 354 921; x_wconf 89' lang='lat' dir='ltr'><strong>tem</strong></span> <span class='ocrx_word' id='word_1_27' title='bbox 370 853 602 938; x_wconf 80' lang='lat' dir='ltr'><strong>loquebantur,</strong></span> <span class='ocrx_word' id='word_1_28' title='bbox 618 863 652 918; x_wconf 88' lang='lat' dir='ltr'><strong>et</strong></span> <span class='ocrx_word' id='word_1_29' title='bbox 678 854 885 936; x_wconf 81' lang='lat' dir='ltr'><strong>impietatem</strong></span> <span class='ocrx_word' id='word_1_30' title='bbox 911 855 1086 922; x_wconf 86' lang='lat' dir='ltr'><strong>celabant:</strong></span> <span class='ocrx_word' id='word_1_31' title='bbox 1114 859 1272 941; x_wconf 89' lang='lat' dir='ltr'><strong>Xpistum</strong></span> <span class='ocrx_word' id='word_1_32' title='bbox 1290 863 1453 941; x_wconf 88' lang='lat' dir='ltr'><strong>locuntur,</strong></span> <span class='ocrx_word' id='word_1_33' title='bbox 1468 874 1501 929; x_wconf 93' lang='lat' dir='ltr'><strong>et</strong></span> <span class='ocrx_word' id='word_1_34' title='bbox 1527 868 1636 932; x_wconf 91' lang='lat' dir='ltr'><strong>occul·</strong></span> 
     </span>
     <span class='ocr_line' id='line_1_5' title="bbox 203 958 1638 1053; baseline 0.004 -25"><span class='ocrx_word' id='word_1_35' title='bbox 203 971 245 1053; x_wconf 56' lang='lat' dir='ltr'><strong>t]</strong></span> <span class='ocrx_word' id='word_1_36' title='bbox 283 971 357 1030; x_wconf 87' lang='lat' dir='ltr'><strong>tant</strong></span> <span class='ocrx_word' id='word_1_37' title='bbox 374 961 634 1044; x_wconf 85' lang='lat' dir='ltr'><strong>Antixpistum:</strong></span> <span class='ocrx_word' id='word_1_38' title='bbox 660 958 770 1022; x_wconf 90' lang='lat' dir='ltr'><strong>sciunt</strong></span> <span class='ocrx_word' id='word_1_39' title='bbox 793 959 882 1024; x_wconf 88' lang='lat' dir='ltr'><strong>enirn</strong></span> <span class='ocrx_word' id='word_1_40' title='bbox 904 963 994 1042; x_wconf 92' lang='lat' dir='ltr'><strong>quod</strong></span> <span class='ocrx_word' id='word_1_41' title='bbox 1023 981 1123 1026; x_wconf 92' lang='lat' dir='ltr'><strong>nemo</strong></span> <span class='ocrx_word' id='word_1_42' title='bbox 1149 965 1254 1045; x_wconf 84' lang='lat' dir='ltr'><strong>possit</strong></span> <span class='ocrx_word' id='word_1_43' title='bbox 1282 967 1403 1044; x_wconf 90' lang='lat' dir='ltr'><strong>induci,</strong></span> <span class='ocrx_word' id='word_1_44' title='bbox 1419 967 1445 1030; x_wconf 91' lang='lat' dir='ltr'><strong>si</strong></span> <span class='ocrx_word' id='word_1_45' title='bbox 1470 969 1638 1050; x_wconf 82' lang='lat' dir='ltr'><strong>proferant</strong></span> 
     </span>
     <span class='ocr_line' id='line_1_6' title="bbox 200 1054 1639 1168; baseline 0.003 -32"><span class='ocrx_word' id='word_1_46' title='bbox 200 1054 213 1162; x_wconf 82' lang='lat' dir='ltr'><strong>l</strong></span> <span class='ocrx_word' id='word_1_47' title='bbox 235 1056 267 1168; x_wconf 42' lang='grc' dir='ltr'><strong>ξς</strong></span> <span class='ocrx_word' id='word_1_48' title='bbox 284 1065 530 1154; x_wconf 72' lang='lat' dir='ltr'><strong>Antixpistpm.</strong></span> <span class='ocrx_word' id='word_1_49' title='bbox 547 1063 673 1126; x_wconf 87' lang='lat' dir='ltr'><strong>Lucem</strong></span> <span class='ocrx_word' id='word_1_50' title='bbox 690 1062 870 1145; x_wconf 82' lang='lat' dir='ltr'><strong>proferunt,</strong></span> <span class='ocrx_word' id='word_1_51' title='bbox 885 1073 922 1128; x_wconf 93' lang='lat' dir='ltr'><strong>ut</strong></span> <span class='ocrx_word' id='word_1_52' title='bbox 949 1065 1057 1130; x_wconf 83' lang='lat' dir='ltr'><strong>celent</strong></span> <span class='ocrx_word' id='word_1_53' title='bbox 1073 1067 1236 1145; x_wconf 85' lang='lat' dir='ltr'><strong>tenebras,</strong></span> <span class='ocrx_word' id='word_1_54' title='bbox 1252 1079 1288 1134; x_wconf 93' lang='lat' dir='ltr'><strong>ut</strong></span> <span class='ocrx_word' id='word_1_55' title='bbox 1304 1091 1362 1152; x_wconf 89' lang='lat' dir='ltr'><strong>per</strong></span> <span class='ocrx_word' id='word_1_56' title='bbox 1378 1071 1483 1137; x_wconf 91' lang='lat' dir='ltr'><strong>lucem</strong></span> <span class='ocrx_word' id='word_1_57' title='bbox 1514 1075 1639 1140; x_wconf 89' lang='lat' dir='ltr'><strong>ducant</strong></span> 
     </span>
     <span class='ocr_line' id='line_1_7' title="bbox 210 1161 1533 1264; baseline -0.004 -26"><span class='ocrx_word' id='word_1_58' title='bbox 210 1195 221 1224; x_wconf 77' lang='lat'><strong>⁴</strong></span> <span class='ocrx_word' id='word_1_59' title='bbox 283 1161 326 1238; x_wconf 72' lang='lat' dir='ltr'><strong>ad</strong></span> <span class='ocrx_word' id='word_1_60' title='bbox 338 1161 506 1236; x_wconf 84' lang='lat' dir='ltr'><strong>tenebras.</strong></span> <span class='ocrx_word' id='word_1_61' title='bbox 521 1167 665 1251; x_wconf 74' lang='lat' dir='ltr'><strong>Linguis</strong></span> <span class='ocrx_word' id='word_1_62' title='bbox 678 1167 749 1230; x_wconf 84' lang='lat' dir='ltr'><strong>suis</strong></span> <span class='ocrx_word' id='word_1_63' title='bbox 762 1167 865 1231; x_wconf 86' lang='lat' dir='ltr'><strong>dolose</strong></span> <span class='ocrx_word' id='word_1_64' title='bbox 879 1169 1024 1252; x_wconf 82' lang='lat' dir='ltr'><strong>agebant.</strong></span> <span class='ocrx_word' id='word_1_65' title='bbox 1525 1243 1533 1264; x_wconf 88' lang='lat'><strong>.</strong></span> 
     </span>
     <span class='ocr_line' id='line_1_8' title="bbox 326 1270 1638 1361; baseline 0.005 -21"><span class='ocrx_word' id='word_1_66' title='bbox 326 1275 444 1340; x_wconf 86' lang='lat' dir='ltr'><strong>Iudr&#39;ca</strong></span> <span class='ocrx_word' id='word_1_67' title='bbox 454 1274 534 1351; x_wconf 86' lang='lat' dir='ltr'><strong>illos,</strong></span> <span class='ocrx_word' id='word_1_68' title='bbox 554 1273 654 1337; x_wconf 90' lang='lat' dir='ltr'><strong>Deus.</strong></span> <span class='ocrx_word' id='word_1_69' title='bbox 667 1270 784 1337; x_wconf 89' lang='lat' dir='ltr'><strong>Sciant</strong></span> <span class='ocrx_word' id='word_1_70' title='bbox 800 1281 833 1336; x_wconf 92' lang='lat' dir='ltr'><strong>te</strong></span> <span class='ocrx_word' id='word_1_71' title='bbox 848 1292 921 1336; x_wconf 87' lang='lat' dir='ltr'><strong>esse</strong></span> <span class='ocrx_word' id='word_1_72' title='bbox 936 1273 1091 1352; x_wconf 89' lang='lat' dir='ltr'><strong>iudicem,</strong></span> <span class='ocrx_word' id='word_1_73' title='bbox 1104 1276 1212 1342; x_wconf 87' lang='lat' dir='ltr'><strong>sciant</strong></span> <span class='ocrx_word' id='word_1_74' title='bbox 1227 1286 1261 1342; x_wconf 91' lang='lat' dir='ltr'><strong>te</strong></span> <span class='ocrx_word' id='word_1_75' title='bbox 1277 1277 1440 1361; x_wconf 81' lang='lat' dir='ltr'><strong>respicere</strong></span> <span class='ocrx_word' id='word_1_76' title='bbox 1455 1299 1506 1345; x_wconf 90' lang='lat' dir='ltr'><strong>res</strong></span> <span class='ocrx_word' id='word_1_77' title='bbox 1522 1282 1638 1346; x_wconf 90' lang='lat' dir='ltr'><strong>huma·</strong></span> 
     </span>
     <span class='ocr_line' id='line_1_9' title="bbox 285 1375 1640 1468; baseline 0 -21"><span class='ocrx_word' id='word_1_78' title='bbox 285 1401 363 1448; x_wconf 87' lang='lat' dir='ltr'><strong>nas:</strong></span> <span class='ocrx_word' id='word_1_79' title='bbox 385 1381 443 1465; x_wconf 93' lang='lat' dir='ltr'><strong>qui</strong></span> <span class='ocrx_word' id='word_1_80' title='bbox 460 1379 665 1444; x_wconf 90' lang='lat' dir='ltr'><strong>iudicaturus</strong></span> <span class='ocrx_word' id='word_1_81' title='bbox 681 1377 713 1441; x_wconf 92' lang='lat' dir='ltr'><strong>in</strong></span> <span class='ocrx_word' id='word_1_82' title='bbox 731 1375 796 1440; x_wconf 89' lang='lat' dir='ltr'><strong>fine</strong></span> <span class='ocrx_word' id='word_1_83' title='bbox 811 1396 855 1455; x_wconf 90' lang='lat' dir='ltr'><strong>es,</strong></span> <span class='ocrx_word' id='word_1_84' title='bbox 870 1377 971 1442; x_wconf 90' lang='lat' dir='ltr'><strong>etiam</strong></span> <span class='ocrx_word' id='word_1_85' title='bbox 989 1378 1022 1442; x_wconf 91' lang='lat' dir='ltr'><strong>in</strong></span> <span class='ocrx_word' id='word_1_86' title='bbox 1039 1380 1205 1462; x_wconf 87' lang='lat' dir='ltr'><strong>praesenti</strong></span> <span class='ocrx_word' id='word_1_87' title='bbox 1223 1382 1354 1446; x_wconf 90' lang='lat' dir='ltr'><strong>iudica:</strong></span> <span class='ocrx_word' id='word_1_88' title='bbox 1370 1384 1426 1465; x_wconf 91' lang='lat' dir='ltr'><strong>qui</strong></span> <span class='ocrx_word' id='word_1_89' title='bbox 1442 1384 1640 1468; x_wconf 84' lang='lat' dir='ltr'><strong>generaliter</strong></span> 
     </span>
     <span class='ocr_line' id='line_1_10' title="bbox 285 1479 1640 1568; baseline 0.004 -18"><span class='ocrx_word' id='word_1_90' title='bbox 285 1485 489 1552; x_wconf 91' lang='lat' dir='ltr'><strong>iudicaturus</strong></span> <span class='ocrx_word' id='word_1_91' title='bbox 504 1503 549 1561; x_wconf 90' lang='lat' dir='ltr'><strong>es,</strong></span> <span class='ocrx_word' id='word_1_92' title='bbox 564 1502 653 1547; x_wconf 88' lang='lat' dir='ltr'><strong>nunc</strong></span> <span class='ocrx_word' id='word_1_93' title='bbox 668 1502 713 1545; x_wconf 90' lang='lat' dir='ltr'><strong>ex</strong></span> <span class='ocrx_word' id='word_1_94' title='bbox 730 1490 823 1564; x_wconf 89' lang='lat' dir='ltr'><strong>parte</strong></span> <span class='ocrx_word' id='word_1_95' title='bbox 839 1479 948 1545; x_wconf 92' lang='lat' dir='ltr'><strong>iudica</strong></span> <span class='ocrx_word' id='word_1_96' title='bbox 963 1505 971 1546; x_wconf 73' lang='grc' dir='ltr'><strong>ε</strong></span> <span class='ocrx_word' id='word_1_97' title='bbox 986 1483 1042 1566; x_wconf 92' lang='lat' dir='ltr'><strong>qui</strong></span> <span class='ocrx_word' id='word_1_98' title='bbox 1058 1493 1188 1567; x_wconf 90' lang='lat' dir='ltr'><strong>patrem</strong></span> <span class='ocrx_word' id='word_1_99' title='bbox 1212 1486 1336 1550; x_wconf 90' lang='lat' dir='ltr'><strong>sentire</strong></span> <span class='ocrx_word' id='word_1_100' title='bbox 1352 1487 1478 1568; x_wconf 88' lang='lat' dir='ltr'><strong>nolunt,</strong></span> <span class='ocrx_word' id='word_1_101' title='bbox 1494 1490 1640 1556; x_wconf 87' lang='lat' dir='ltr'><strong>sentiant</strong></span> 
     </span>
     <span class='ocr_line' id='line_1_11' title="bbox 240 1585 1640 1673; baseline 0.003 -18"><span class='ocrx_word' id='word_1_102' title='bbox 240 1608 270 1646; x_wconf 77' lang='grc' dir='ltr'><strong>ιο</strong></span> <span class='ocrx_word' id='word_1_103' title='bbox 286 1589 438 1657; x_wconf 86' lang='lat' dir='ltr'><strong>iudicem.</strong></span> <span class='ocrx_word' id='word_1_104' title='bbox 462 1587 578 1652; x_wconf 82' lang='lat' dir='ltr'><strong>ludica</strong></span> <span class='ocrx_word' id='word_1_105' title='bbox 604 1585 677 1650; x_wconf 88' lang='lat' dir='ltr'><strong>illos</strong></span> <span class='ocrx_word' id='word_1_106' title='bbox 700 1585 798 1650; x_wconf 86' lang='lat' dir='ltr'><strong>Deus.</strong></span> <span class='ocrx_word' id='word_1_107' title='bbox 830 1585 965 1670; x_wconf 84' lang='lat' dir='ltr'><strong>Quare?</strong></span> <span class='ocrx_word' id='word_1_108' title='bbox 988 1607 1055 1670; x_wconf 92' lang='lat' dir='ltr'><strong>qua</strong></span> <span class='ocrx_word' id='word_1_109' title='bbox 1082 1595 1206 1653; x_wconf 85' lang='lat' dir='ltr'><strong>causa?</strong></span> <span class='ocrx_word' id='word_1_110' title='bbox 1231 1589 1408 1673; x_wconf 86' lang='lat' dir='ltr'><strong>Sequitur:</strong></span> <span class='ocrx_word' id='word_1_111' title='bbox 1434 1595 1598 1660; x_wconf 87' lang='lat' dir='ltr'><strong>Decidaut</strong></span> <span class='ocrx_word' id='word_1_112' title='bbox 1618 1617 1640 1659; x_wconf 86' lang='lat' dir='ltr'><strong>a</strong></span> 
     </span>
     <span class='ocr_line' id='line_1_12' title="bbox 285 1689 1640 1781; baseline 0.002 -21"><span class='ocrx_word' id='word_1_113' title='bbox 285 1692 530 1778; x_wconf 82' lang='lat' dir='ltr'><strong>cogitationibus</strong></span> <span class='ocrx_word' id='word_1_114' title='bbox 553 1692 631 1756; x_wconf 88' lang='lat' dir='ltr'><strong>suis.</strong></span> <span class='ocrx_word' id='word_1_115' title='bbox 648 1689 686 1755; x_wconf 88' lang='lat' dir='ltr'><strong>Si</strong></span> <span class='ocrx_word' id='word_1_116' title='bbox 710 1691 799 1754; x_wconf 90' lang='lat' dir='ltr'><strong>enim</strong></span> <span class='ocrx_word' id='word_1_117' title='bbox 824 1691 856 1753; x_wconf 92' lang='lat' dir='ltr'><strong>in</strong></span> <span class='ocrx_word' id='word_1_118' title='bbox 880 1692 1046 1773; x_wconf 87' lang='lat' dir='ltr'><strong>praesenti</strong></span> <span class='ocrx_word' id='word_1_119' title='bbox 1063 1693 1245 1758; x_wconf 88' lang='lat' dir='ltr'><strong>reddideris</strong></span> <span class='ocrx_word' id='word_1_120' title='bbox 1272 1695 1337 1760; x_wconf 91' lang='lat' dir='ltr'><strong>illis</strong></span> <span class='ocrx_word' id='word_1_121' title='bbox 1353 1699 1442 1781; x_wconf 90' lang='lat' dir='ltr'><strong>quod</strong></span> <span class='ocrx_word' id='word_1_122' title='bbox 1464 1710 1640 1778; x_wconf 89' lang='lat' dir='ltr'><strong>merentur,</strong></span> 
     </span>
     <span class='ocr_line' id='line_1_13' title="bbox 286 1793 1640 1884; baseline 0.003 -18"><span class='ocrx_word' id='word_1_123' title='bbox 286 1799 446 1884; x_wconf 90' lang='lat' dir='ltr'><strong>incipient</strong></span> <span class='ocrx_word' id='word_1_124' title='bbox 463 1797 615 1862; x_wconf 89' lang='lat' dir='ltr'><strong>recedere</strong></span> <span class='ocrx_word' id='word_1_125' title='bbox 630 1815 651 1858; x_wconf 91' lang='lat' dir='ltr'><strong>a</strong></span> <span class='ocrx_word' id='word_1_126' title='bbox 675 1793 935 1876; x_wconf 88' lang='lat' dir='ltr'><strong>cogitationibus</strong></span> <span class='ocrx_word' id='word_1_127' title='bbox 959 1795 1027 1860; x_wconf 91' lang='lat' dir='ltr'><strong>suis</strong></span> <span class='ocrx_word' id='word_1_128' title='bbox 1044 1795 1148 1860; x_wconf 87' lang='lat' dir='ltr'><strong>malis.</strong></span> <span class='ocrx_word' id='word_1_129' title='bbox 1167 1796 1336 1881; x_wconf 84' lang='lat' dir='ltr'><strong>Quamdiu</strong></span> <span class='ocrx_word' id='word_1_130' title='bbox 1364 1811 1397 1865; x_wconf 91' lang='lat' dir='ltr'><strong>te</strong></span> <span class='ocrx_word' id='word_1_131' title='bbox 1413 1803 1556 1868; x_wconf 88' lang='lat' dir='ltr'><strong>iudicem</strong></span> <span class='ocrx_word' id='word_1_132' title='bbox 1574 1825 1640 1869; x_wconf 93' lang='lat' dir='ltr'><strong>non</strong></span> 
     </span>
     <span class='ocr_line' id='line_1_14' title="bbox 287 1897 1642 1992; baseline 0.003 -23"><span class='ocrx_word' id='word_1_133' title='bbox 287 1905 444 1980; x_wconf 88' lang='lat' dir='ltr'><strong>sentiunt,</strong></span> <span class='ocrx_word' id='word_1_134' title='bbox 460 1921 527 1966; x_wconf 90' lang='lat' dir='ltr'><strong>non</strong></span> <span class='ocrx_word' id='word_1_135' title='bbox 544 1901 673 1966; x_wconf 91' lang='lat' dir='ltr'><strong>timent.</strong></span> <span class='ocrx_word' id='word_1_136' title='bbox 688 1897 851 1962; x_wconf 73' lang='lat' dir='ltr'><strong>Deceliam</strong></span> <span class='ocrx_word' id='word_1_137' title='bbox 865 1917 886 1961; x_wconf 90' lang='lat' dir='ltr'><strong>a</strong></span> <span class='ocrx_word' id='word_1_138' title='bbox 901 1898 1236 1980; x_wconf 71' lang='lat' dir='ltr'><strong>cogitationibus-suis.</strong></span> <span class='ocrx_word' id='word_1_139' title='bbox 1251 1903 1396 1987; x_wconf 85' lang='lat' dir='ltr'><strong>Egregie</strong></span> <span class='ocrx_word' id='word_1_140' title='bbox 1411 1907 1509 1984; x_wconf 86' lang='lat' dir='ltr'><strong>dixit,</strong></span> <span class='ocrx_word' id='word_1_141' title='bbox 1521 1928 1541 1972; x_wconf 90' lang='lat' dir='ltr'><strong>a</strong></span> <span class='ocrx_word' id='word_1_142' title='bbox 1552 1909 1642 1992; x_wconf 90' lang='lat' dir='ltr'><strong>cogi·</strong></span> 
     </span>
     <span class='ocr_line' id='line_1_15' title="bbox 287 2002 1643 2095; baseline 0.003 -21"><span class='ocrx_word' id='word_1_143' title='bbox 287 2007 470 2075; x_wconf 89' lang='lat' dir='ltr'><strong>tationibus</strong></span> <span class='ocrx_word' id='word_1_144' title='bbox 486 2005 575 2068; x_wconf 90' lang='lat' dir='ltr'><strong>suis:</strong></span> <span class='ocrx_word' id='word_1_145' title='bbox 600 2003 724 2067; x_wconf 88' lang='lat' dir='ltr'><strong>cotidie</strong></span> <span class='ocrx_word' id='word_1_146' title='bbox 739 2003 829 2067; x_wconf 88' lang='lat' dir='ltr'><strong>enirn</strong></span> <span class='ocrx_word' id='word_1_147' title='bbox 856 2002 1012 2066; x_wconf 89' lang='lat' dir='ltr'><strong>haeretici</strong></span> <span class='ocrx_word' id='word_1_148' title='bbox 1029 2003 1197 2070; x_wconf 91' lang='lat' dir='ltr'><strong>inmutant</strong></span> <span class='ocrx_word' id='word_1_149' title='bbox 1222 2007 1383 2090; x_wconf 84' lang='lat' dir='ltr'><strong>dogmata</strong></span> <span class='ocrx_word' id='word_1_150' title='bbox 1401 2031 1469 2075; x_wconf 91' lang='lat' dir='ltr'><strong>sua.</strong></span> <span class='ocrx_word' id='word_1_151' title='bbox 1487 2011 1643 2095; x_wconf 88' lang='lat' dir='ltr'><strong>Denique</strong></span> 
     </span>
     <span class='ocr_line' id='line_1_16' title="bbox 244 2106 1643 2193; baseline 0.001 -13"><span class='ocrx_word' id='word_1_152' title='bbox 244 2126 271 2180; x_wconf 81' lang='lat'><strong>¹5</strong></span> <span class='ocrx_word' id='word_1_153' title='bbox 288 2113 314 2176; x_wconf 92' lang='lat' dir='ltr'><strong>si</strong></span> <span class='ocrx_word' id='word_1_154' title='bbox 330 2111 380 2176; x_wconf 88' lang='lat' dir='ltr'><strong>vir</strong></span> <span class='ocrx_word' id='word_1_155' title='bbox 405 2107 648 2174; x_wconf 87' lang='lat' dir='ltr'><strong>ecclesiasticus</strong></span> <span class='ocrx_word' id='word_1_156' title='bbox 674 2106 717 2169; x_wconf 88' lang='lat' dir='ltr'><strong>de</strong></span> <span class='ocrx_word' id='word_1_157' title='bbox 732 2106 903 2189; x_wconf 90' lang='lat' dir='ltr'><strong>scripturis</strong></span> <span class='ocrx_word' id='word_1_158' title='bbox 929 2107 1079 2171; x_wconf 88' lang='lat' dir='ltr'><strong>eruditus</strong></span> <span class='ocrx_word' id='word_1_159' title='bbox 1095 2110 1305 2176; x_wconf 90' lang='lat' dir='ltr'><strong>contenderit</strong></span> <span class='ocrx_word' id='word_1_160' title='bbox 1331 2123 1447 2178; x_wconf 86' lang='lat' dir='ltr'><strong>contra</strong></span> <span class='ocrx_word' id='word_1_161' title='bbox 1466 2133 1533 2193; x_wconf 89' lang='lat' dir='ltr'><strong>eos,</strong></span> <span class='ocrx_word' id='word_1_162' title='bbox 1548 2126 1582 2181; x_wconf 90' lang='lat' dir='ltr'><strong>ct</strong></span> <span class='ocrx_word' id='word_1_163' title='bbox 1600 2117 1643 2182; x_wconf 91' lang='lat' dir='ltr'><strong>de</strong></span> 
     </span>
     <span class='ocr_line' id='line_1_17' title="bbox 288 2211 1641 2299; baseline 0.001 -18"><span class='ocrx_word' id='word_1_164' title='bbox 288 2214 457 2299; x_wconf 90' lang='lat' dir='ltr'><strong>scripturis</strong></span> <span class='ocrx_word' id='word_1_165' title='bbox 482 2213 606 2277; x_wconf 89' lang='lat' dir='ltr'><strong>sanctis</strong></span> <span class='ocrx_word' id='word_1_166' title='bbox 630 2211 817 2292; x_wconf 86' lang='lat' dir='ltr'><strong>coarguerit</strong></span> <span class='ocrx_word' id='word_1_167' title='bbox 846 2229 914 2288; x_wconf 91' lang='lat' dir='ltr'><strong>eos,</strong></span> <span class='ocrx_word' id='word_1_168' title='bbox 938 2211 1054 2276; x_wconf 88' lang='lat' dir='ltr'><strong>statim</strong></span> <span class='ocrx_word' id='word_1_169' title='bbox 1081 2214 1251 2296; x_wconf 90' lang='lat' dir='ltr'><strong>requirunt</strong></span> <span class='ocrx_word' id='word_1_170' title='bbox 1279 2217 1369 2297; x_wconf 92' lang='lat' dir='ltr'><strong>quod</strong></span> <span class='ocrx_word' id='word_1_171' title='bbox 1396 2216 1486 2281; x_wconf 90' lang='lat' dir='ltr'><strong>aliud</strong></span> <span class='ocrx_word' id='word_1_172' title='bbox 1518 2237 1641 2283; x_wconf 90' lang='lat' dir='ltr'><strong>novum</strong></span> 
     </span>
     <span class='ocr_line' id='line_1_18' title="bbox 289 2315 1642 2405; baseline -0.003 -19"><span class='ocrx_word' id='word_1_173' title='bbox 289 2322 412 2405; x_wconf 87' lang='lat' dir='ltr'><strong>dogma</strong></span> <span class='ocrx_word' id='word_1_174' title='bbox 429 2316 604 2400; x_wconf 83' lang='lat' dir='ltr'><strong>reperiant.</strong></span> <span class='ocrx_word' id='word_1_175' title='bbox 620 2315 698 2380; x_wconf 93' lang='lat' dir='ltr'><strong>Non</strong></span> <span class='ocrx_word' id='word_1_176' title='bbox 715 2323 881 2396; x_wconf 91' lang='lat' dir='ltr'><strong>quaerunt</strong></span> <span class='ocrx_word' id='word_1_177' title='bbox 895 2315 1068 2397; x_wconf 90' lang='lat' dir='ltr'><strong>quomodo</strong></span> <span class='ocrx_word' id='word_1_178' title='bbox 1090 2315 1269 2395; x_wconf 90' lang='lat' dir='ltr'><strong>salventur,</strong></span> <span class='ocrx_word' id='word_1_179' title='bbox 1284 2316 1342 2379; x_wconf 91' lang='lat' dir='ltr'><strong>scd</strong></span> <span class='ocrx_word' id='word_1_180' title='bbox 1358 2317 1531 2398; x_wconf 90' lang='lat' dir='ltr'><strong>quomodo</strong></span> <span class='ocrx_word' id='word_1_181' title='bbox 1546 2338 1642 2402; x_wconf 91' lang='lat' dir='ltr'><strong>supe-</strong></span> 
     </span>
     <span class='ocr_line' id='line_1_19' title="bbox 290 2417 1644 2504; baseline -0.002 -15"><span class='ocrx_word' id='word_1_182' title='bbox 290 2434 372 2489; x_wconf 90' lang='lat' dir='ltr'><strong>rent.</strong></span> <span class='ocrx_word' id='word_1_183' title='bbox 400 2424 578 2504; x_wconf 84' lang='lat' dir='ltr'><strong>Propterea</strong></span> <span class='ocrx_word' id='word_1_184' title='bbox 595 2437 682 2482; x_wconf 87' lang='lat' dir='ltr'><strong>nunc</strong></span> <span class='ocrx_word' id='word_1_185' title='bbox 706 2419 804 2496; x_wconf 90' lang='lat' dir='ltr'><strong>dixit,</strong></span> <span class='ocrx_word' id='word_1_186' title='bbox 821 2417 989 2483; x_wconf 92' lang='lat' dir='ltr'><strong>Decidant</strong></span> <span class='ocrx_word' id='word_1_187' title='bbox 1013 2439 1034 2482; x_wconf 89' lang='lat' dir='ltr'><strong>a</strong></span> <span class='ocrx_word' id='word_1_188' title='bbox 1049 2419 1309 2502; x_wconf 88' lang='lat' dir='ltr'><strong>cogitationibus</strong></span> <span class='ocrx_word' id='word_1_189' title='bbox 1333 2421 1423 2484; x_wconf 89' lang='lat' dir='ltr'><strong>suis:</strong></span> <span class='ocrx_word' id='word_1_190' title='bbox 1446 2420 1604 2486; x_wconf 88' lang='lat' dir='ltr'><strong>decidant</strong></span> <span class='ocrx_word' id='word_1_191' title='bbox 1624 2442 1644 2486; x_wconf 90' lang='lat' dir='ltr'><strong>a</strong></span> 
     </span>
     <span class='ocr_line' id='line_1_20' title="bbox 289 2521 1444 2612; baseline -0.006 -19"><span class='ocrx_word' id='word_1_192' title='bbox 289 2526 549 2612; x_wconf 89' lang='lat' dir='ltr'><strong>cogitationibus</strong></span> <span class='ocrx_word' id='word_1_193' title='bbox 565 2523 632 2587; x_wconf 90' lang='lat' dir='ltr'><strong>suis</strong></span> <span class='ocrx_word' id='word_1_194' title='bbox 648 2522 808 2606; x_wconf 87' lang='lat' dir='ltr'><strong>plurimis,</strong></span> <span class='ocrx_word' id='word_1_195' title='bbox 819 2532 852 2586; x_wconf 91' lang='lat' dir='ltr'><strong>et</strong></span> <span class='ocrx_word' id='word_1_196' title='bbox 868 2531 901 2586; x_wconf 91' lang='lat' dir='ltr'><strong>te</strong></span> <span class='ocrx_word' id='word_1_197' title='bbox 917 2521 1063 2588; x_wconf 89' lang='lat' dir='ltr'><strong>habeant</strong></span> <span class='ocrx_word' id='word_1_198' title='bbox 1079 2543 1180 2588; x_wconf 89' lang='lat' dir='ltr'><strong>unam</strong></span> <span class='ocrx_word' id='word_1_199' title='bbox 1197 2523 1444 2606; x_wconf 88' lang='lat' dir='ltr'><strong>cogitationem.</strong></span> 
     </span>
     <span class='ocr_line' id='line_1_21' title="bbox 243 2625 1645 2710; baseline 0.004 -21"><span class='ocrx_word' id='word_1_200' title='bbox 243 2651 274 2689; x_wconf 79' lang='lat' dir='ltr'><strong>eo</strong></span> <span class='ocrx_word' id='word_1_201' title='bbox 335 2630 519 2697; x_wconf 83' lang='lat' dir='ltr'><strong>Secundum</strong></span> <span class='ocrx_word' id='word_1_202' title='bbox 536 2627 780 2692; x_wconf 84' lang='lat' dir='ltr'><strong>multitudinem</strong></span> <span class='ocrx_word' id='word_1_203' title='bbox 797 2625 999 2709; x_wconf 83' lang='lat' dir='ltr'><strong>impietatum</strong></span> <span class='ocrx_word' id='word_1_204' title='bbox 1013 2647 1125 2691; x_wconf 89' lang='lat' dir='ltr'><strong>eorum</strong></span> <span class='ocrx_word' id='word_1_205' title='bbox 1145 2627 1261 2710; x_wconf 79' lang='lat' dir='ltr'><strong>expelle</strong></span> <span class='ocrx_word' id='word_1_206' title='bbox 1279 2647 1337 2691; x_wconf 89' lang='lat' dir='ltr'><strong>eos.</strong></span> <span class='ocrx_word' id='word_1_207' title='bbox 1357 2627 1433 2691; x_wconf 91' lang='lat' dir='ltr'><strong>Non</strong></span> <span class='ocrx_word' id='word_1_208' title='bbox 1450 2625 1539 2692; x_wconf 89' lang='lat' dir='ltr'><strong>dixit</strong></span> <span class='ocrx_word' id='word_1_209' title='bbox 1555 2627 1645 2694; x_wconf 91' lang='lat' dir='ltr'><strong>unde</strong></span> 
     </span>
     <span class='ocr_line' id='line_1_22' title="bbox 290 2729 1645 2818; baseline -0.004 -16"><span class='ocrx_word' id='word_1_210' title='bbox 290 2757 347 2802; x_wconf 86' lang='lat' dir='ltr'><strong>eos</strong></span> <span class='ocrx_word' id='word_1_211' title='bbox 372 2733 544 2818; x_wconf 89' lang='lat' dir='ltr'><strong>expellat:</strong></span> <span class='ocrx_word' id='word_1_212' title='bbox 569 2733 612 2795; x_wconf 90' lang='lat' dir='ltr'><strong>de</strong></span> <span class='ocrx_word' id='word_1_213' title='bbox 636 2730 730 2795; x_wconf 88' lang='lat' dir='ltr'><strong>caelo</strong></span> <span class='ocrx_word' id='word_1_214' title='bbox 753 2750 811 2795; x_wconf 88' lang='lat' dir='ltr'><strong>eos</strong></span> <span class='ocrx_word' id='word_1_215' title='bbox 835 2729 993 2813; x_wconf 87' lang='lat' dir='ltr'><strong>expellat,</strong></span> <span class='ocrx_word' id='word_1_216' title='bbox 1019 2732 1062 2794; x_wconf 93' lang='lat' dir='ltr'><strong>de</strong></span> <span class='ocrx_word' id='word_1_217' title='bbox 1086 2740 1173 2796; x_wconf 88' lang='lat' dir='ltr'><strong>terra</strong></span> <span class='ocrx_word' id='word_1_218' title='bbox 1198 2751 1255 2795; x_wconf 90' lang='lat' dir='ltr'><strong>eos</strong></span> <span class='ocrx_word' id='word_1_219' title='bbox 1279 2730 1448 2813; x_wconf 88' lang='lat' dir='ltr'><strong>expellat:</strong></span> <span class='ocrx_word' id='word_1_220' title='bbox 1474 2733 1562 2796; x_wconf 92' lang='lat' dir='ltr'><strong>unde</strong></span> <span class='ocrx_word' id='word_1_221' title='bbox 1587 2752 1645 2796; x_wconf 92' lang='lat' dir='ltr'><strong>eos</strong></span> 
     </span>
     <span class='ocr_line' id='line_1_23' title="bbox 289 2831 1645 2926; baseline -0.006 -20"><span class='ocrx_word' id='word_1_222' title='bbox 289 2839 448 2924; x_wconf 88' lang='lat' dir='ltr'><strong>expellat,</strong></span> <span class='ocrx_word' id='word_1_223' title='bbox 463 2838 626 2920; x_wconf 90' lang='lat' dir='ltr'><strong>scriptura</strong></span> <span class='ocrx_word' id='word_1_224' title='bbox 640 2855 707 2900; x_wconf 92' lang='lat' dir='ltr'><strong>non</strong></span> <span class='ocrx_word' id='word_1_225' title='bbox 718 2836 815 2912; x_wconf 88' lang='lat' dir='ltr'><strong>dicit;</strong></span> <span class='ocrx_word' id='word_1_226' title='bbox 831 2837 889 2901; x_wconf 88' lang='lat' dir='ltr'><strong>sed</strong></span> <span class='ocrx_word' id='word_1_227' title='bbox 903 2831 1074 2922; x_wconf 81' lang='grc' dir='ltr'>ὑπερβατόν</span> <span class='ocrx_word' id='word_1_228' title='bbox 1083 2848 1142 2914; x_wconf 86' lang='lat' dir='ltr'><strong>est,</strong></span> <span class='ocrx_word' id='word_1_229' title='bbox 1153 2849 1185 2902; x_wconf 91' lang='lat' dir='ltr'><strong>et</strong></span> <span class='ocrx_word' id='word_1_230' title='bbox 1197 2834 1459 2926; x_wconf 77' lang='grc' dir='ltr'>ὑστεροπρότερον.</span> <span class='ocrx_word' id='word_1_231' title='bbox 1473 2836 1645 2900; x_wconf 86' lang='lat' dir='ltr'><strong>Debemus</strong></span> 
     </span>
     <span class='ocr_line' id='line_1_24' title="bbox 290 2937 1645 3030; baseline -0.007 -19"><span class='ocrx_word' id='word_1_232' title='bbox 290 2965 370 3030; x_wconf 86' lang='lat' dir='ltr'><strong>ergo</strong></span> <span class='ocrx_word' id='word_1_233' title='bbox 386 2945 504 3026; x_wconf 85' lang='lat' dir='ltr'><strong>legere,</strong></span> <span class='ocrx_word' id='word_1_234' title='bbox 524 2940 709 3006; x_wconf 83' lang='lat' dir='ltr'><strong>Secundum</strong></span> <span class='ocrx_word' id='word_1_235' title='bbox 729 2940 1194 3025; x_wconf 79' lang='lat' dir='ltr'><strong>multitudinemimpietatum</strong></span> <span class='ocrx_word' id='word_1_236' title='bbox 1209 2963 1319 3007; x_wconf 84' lang='lat' dir='ltr'><strong>corum</strong></span> <span class='ocrx_word' id='word_1_237' title='bbox 1335 2941 1450 3023; x_wconf 79' lang='lat' dir='ltr'><strong>expelle</strong></span> <span class='ocrx_word' id='word_1_238' title='bbox 1469 2961 1527 3006; x_wconf 89' lang='lat' dir='ltr'><strong>cos.</strong></span> <span class='ocrx_word' id='word_1_239' title='bbox 1544 2937 1645 3021; x_wconf 84' lang='lat' dir='ltr'><strong>Quod</strong></span> 
     </span>
     <span class='ocr_line' id='line_1_25' title="bbox 290 3044 1644 3131; baseline -0.005 -16"><span class='ocrx_word' id='word_1_240' title='bbox 290 3049 381 3127; x_wconf 83' lang='lat' dir='ltr'><strong>dicit,</strong></span> <span class='ocrx_word' id='word_1_241' title='bbox 395 3048 459 3112; x_wconf 87' lang='lat' dir='ltr'><strong>hoe</strong></span> <span class='ocrx_word' id='word_1_242' title='bbox 474 3055 547 3110; x_wconf 86' lang='lat' dir='ltr'><strong>est:</strong></span> <span class='ocrx_word' id='word_1_243' title='bbox 574 3044 617 3110; x_wconf 89' lang='lat' dir='ltr'><strong>ab</strong></span> <span class='ocrx_word' id='word_1_244' title='bbox 633 3044 863 3126; x_wconf 89' lang='lat' dir='ltr'><strong>impietatibus</strong></span> <span class='ocrx_word' id='word_1_245' title='bbox 889 3046 957 3110; x_wconf 91' lang='lat' dir='ltr'><strong>suis</strong></span> <span class='ocrx_word' id='word_1_246' title='bbox 975 3047 1088 3112; x_wconf 89' lang='lat' dir='ltr'><strong>multis</strong></span> <span class='ocrx_word' id='word_1_247' title='bbox 1112 3057 1250 3131; x_wconf 85' lang='lat' dir='ltr'><strong>propter</strong></span> <span class='ocrx_word' id='word_1_248' title='bbox 1264 3056 1356 3111; x_wconf 91' lang='lat' dir='ltr'><strong>tuam</strong></span> <span class='ocrx_word' id='word_1_249' title='bbox 1385 3044 1644 3110; x_wconf 89' lang='lat' dir='ltr'><strong>misericordiam</strong></span> 
     </span>
     <span class='ocr_line' id='line_1_26' title="bbox 245 3147 1647 3236; baseline -0.006 -17"><span class='ocrx_word' id='word_1_250' title='bbox 245 3170 275 3224; x_wconf 80' lang='lat'><strong>²5</strong></span> <span class='ocrx_word' id='word_1_251' title='bbox 292 3152 424 3236; x_wconf 88' lang='lat' dir='ltr'><strong>expelle</strong></span> <span class='ocrx_word' id='word_1_252' title='bbox 439 3170 506 3228; x_wconf 91' lang='lat' dir='ltr'><strong>eos,</strong></span> <span class='ocrx_word' id='word_1_253' title='bbox 521 3150 584 3214; x_wconf 89' lang='lat' dir='ltr'><strong>hoc</strong></span> <span class='ocrx_word' id='word_1_254' title='bbox 600 3157 659 3224; x_wconf 88' lang='lat' dir='ltr'><strong>est,</strong></span> <span class='ocrx_word' id='word_1_255' title='bbox 675 3168 742 3212; x_wconf 92' lang='lat' dir='ltr'><strong>non</strong></span> <span class='ocrx_word' id='word_1_256' title='bbox 759 3147 825 3212; x_wconf 91' lang='lat' dir='ltr'><strong>sint</strong></span> <span class='ocrx_word' id='word_1_257' title='bbox 842 3147 874 3212; x_wconf 92' lang='lat' dir='ltr'><strong>in</strong></span> <span class='ocrx_word' id='word_1_258' title='bbox 892 3149 1005 3214; x_wconf 90' lang='lat' dir='ltr'><strong>multis</strong></span> <span class='ocrx_word' id='word_1_259' title='bbox 1033 3151 1262 3235; x_wconf 87' lang='lat' dir='ltr'><strong>impietatibus</strong></span> <span class='ocrx_word' id='word_1_260' title='bbox 1277 3151 1352 3215; x_wconf 88' lang='lat' dir='ltr'><strong>suis.</strong></span> <span class='ocrx_word' id='word_1_261' title='bbox 1371 3151 1485 3215; x_wconf 90' lang='lat' dir='ltr'><strong>Potest</strong></span> <span class='ocrx_word' id='word_1_262' title='bbox 1501 3159 1534 3212; x_wconf 89' lang='lat' dir='ltr'><strong>et</strong></span> <span class='ocrx_word' id='word_1_263' title='bbox 1550 3148 1647 3214; x_wconf 89' lang='lat' dir='ltr'><strong>aliter</strong></span> 
     </span>
     <span class='ocr_line' id='line_1_27' title="bbox 292 3250 1646 3340; baseline -0.003 -20"><span class='ocrx_word' id='word_1_264' title='bbox 292 3256 522 3340; x_wconf 85' lang='lat' dir='ltr'><strong>interpretari:</strong></span> <span class='ocrx_word' id='word_1_265' title='bbox 548 3252 707 3337; x_wconf 88' lang='lat' dir='ltr'><strong>quoniam</strong></span> <span class='ocrx_word' id='word_1_266' title='bbox 724 3250 904 3334; x_wconf 89' lang='lat' dir='ltr'><strong>plurimum</strong></span> <span class='ocrx_word' id='word_1_267' title='bbox 931 3253 1024 3336; x_wconf 91' lang='lat' dir='ltr'><strong>impii</strong></span> <span class='ocrx_word' id='word_1_268' title='bbox 1040 3254 1182 3333; x_wconf 85' lang='lat' dir='ltr'><strong>suerunt,</strong></span> <span class='ocrx_word' id='word_1_269' title='bbox 1197 3266 1232 3320; x_wconf 92' lang='lat' dir='ltr'><strong>et</strong></span> <span class='ocrx_word' id='word_1_270' title='bbox 1258 3256 1434 3321; x_wconf 90' lang='lat' dir='ltr'><strong>noluerunt</strong></span> <span class='ocrx_word' id='word_1_271' title='bbox 1449 3253 1604 3319; x_wconf 89' lang='lat' dir='ltr'><strong>decidere</strong></span> <span class='ocrx_word' id='word_1_272' title='bbox 1627 3275 1646 3317; x_wconf 92' lang='lat' dir='ltr'><strong>a</strong></span> 
     </span>
     <span class='ocr_line' id='line_1_28' title="bbox 292 3355 1646 3444; baseline -0.004 -18"><span class='ocrx_word' id='word_1_273' title='bbox 292 3358 552 3444; x_wconf 82' lang='lat' dir='ltr'><strong>cogitationibus</strong></span> <span class='ocrx_word' id='word_1_274' title='bbox 568 3355 646 3434; x_wconf 90' lang='lat' dir='ltr'><strong>suis,</strong></span> <span class='ocrx_word' id='word_1_275' title='bbox 661 3365 695 3421; x_wconf 89' lang='lat' dir='ltr'><strong>et</strong></span> <span class='ocrx_word' id='word_1_276' title='bbox 710 3356 901 3438; x_wconf 89' lang='lat' dir='ltr'><strong>impietates</strong></span> <span class='ocrx_word' id='word_1_277' title='bbox 917 3357 1144 3439; x_wconf 88' lang='lat' dir='ltr'><strong>impietatibus</strong></span> <span class='ocrx_word' id='word_1_278' title='bbox 1172 3369 1306 3444; x_wconf 90' lang='lat' dir='ltr'><strong>augent,</strong></span> <span class='ocrx_word' id='word_1_279' title='bbox 1322 3369 1356 3424; x_wconf 89' lang='lat' dir='ltr'><strong>et</strong></span> <span class='ocrx_word' id='word_1_280' title='bbox 1371 3359 1493 3424; x_wconf 89' lang='lat' dir='ltr'><strong>cotidie</strong></span> <span class='ocrx_word' id='word_1_281' title='bbox 1508 3378 1646 3441; x_wconf 87' lang='lat' dir='ltr'><strong>congre·</strong></span> 
     </span>
     <span class='ocr_line' id='line_1_29' title="bbox 293 3459 1648 3548; baseline -0.003 -19"><span class='ocrx_word' id='word_1_282' title='bbox 293 3474 383 3548; x_wconf 86' lang='lat' dir='ltr'><strong>gant,</strong></span> <span class='ocrx_word' id='word_1_283' title='bbox 397 3471 431 3528; x_wconf 87' lang='lat' dir='ltr'><strong>et</strong></span> <span class='ocrx_word' id='word_1_284' title='bbox 457 3460 568 3545; x_wconf 86' lang='lat' dir='ltr'><strong>plures</strong></span> <span class='ocrx_word' id='word_1_285' title='bbox 592 3459 717 3524; x_wconf 87' lang='lat' dir='ltr'><strong>habent</strong></span> <span class='ocrx_word' id='word_1_286' title='bbox 745 3459 944 3542; x_wconf 88' lang='lat' dir='ltr'><strong>impietates,</strong></span> <span class='ocrx_word' id='word_1_287' title='bbox 960 3472 1135 3548; x_wconf 87' lang='lat' dir='ltr'><strong>propterea</strong></span> <span class='ocrx_word' id='word_1_288' title='bbox 1159 3464 1291 3547; x_wconf 90' lang='lat' dir='ltr'><strong>expelle</strong></span> <span class='ocrx_word' id='word_1_289' title='bbox 1316 3484 1383 3528; x_wconf 91' lang='lat' dir='ltr'><strong>eos.</strong></span> <span class='ocrx_word' id='word_1_290' title='bbox 1398 3460 1524 3527; x_wconf 84' lang='lat' dir='ltr'><strong>Unde?</strong></span> <span class='ocrx_word' id='word_1_291' title='bbox 1549 3462 1592 3526; x_wconf 93' lang='lat' dir='ltr'><strong>ab</strong></span> <span class='ocrx_word' id='word_1_292' title='bbox 1608 3481 1648 3526; x_wconf 89' lang='lat' dir='ltr'><strong>ea</strong></span> 
     </span>
     <span class='ocr_line' id='line_1_30' title="bbox 293 3563 1645 3650; baseline -0.001 -20"><span class='ocrx_word' id='word_1_293' title='bbox 293 3584 378 3649; x_wconf 92' lang='lat' dir='ltr'><strong>quae</strong></span> <span class='ocrx_word' id='word_1_294' title='bbox 393 3564 614 3630; x_wconf 84' lang='lat' dir='ltr'><strong>hereditatem</strong></span> <span class='ocrx_word' id='word_1_295' title='bbox 641 3563 864 3646; x_wconf 89' lang='lat' dir='ltr'><strong>consequitur,</strong></span> <span class='ocrx_word' id='word_1_296' title='bbox 879 3563 943 3628; x_wconf 91' lang='lat' dir='ltr'><strong>hoc</strong></span> <span class='ocrx_word' id='word_1_297' title='bbox 959 3574 1010 3629; x_wconf 91' lang='lat' dir='ltr'><strong>est</strong></span> <span class='ocrx_word' id='word_1_298' title='bbox 1034 3565 1183 3644; x_wconf 87' lang='lat' dir='ltr'><strong>ecclesia,</strong></span> <span class='ocrx_word' id='word_1_299' title='bbox 1198 3587 1284 3650; x_wconf 87' lang='lat' dir='ltr'><strong>quae</strong></span> <span class='ocrx_word' id='word_1_300' title='bbox 1309 3566 1528 3631; x_wconf 90' lang='lat' dir='ltr'><strong>hereditatem</strong></span> <span class='ocrx_word' id='word_1_301' title='bbox 1553 3575 1645 3632; x_wconf 90' lang='lat' dir='ltr'><strong>tuam</strong></span> 
     </span>
     <span class='ocr_line' id='line_1_31' title="bbox 249 3665 1648 3752; baseline 0 -18"><span class='ocrx_word' id='word_1_302' title='bbox 249 3691 280 3744; x_wconf 79' lang='lat'><strong>³0</strong></span> <span class='ocrx_word' id='word_1_303' title='bbox 294 3667 513 3752; x_wconf 86' lang='lat' dir='ltr'><strong>consequitur.</strong></span> <span class='ocrx_word' id='word_1_304' title='bbox 530 3665 583 3731; x_wconf 89' lang='lat' dir='ltr'><strong>Tu</strong></span> <span class='ocrx_word' id='word_1_305' title='bbox 596 3665 729 3750; x_wconf 89' lang='lat' dir='ltr'><strong>expelle</strong></span> <span class='ocrx_word' id='word_1_306' title='bbox 739 3686 796 3730; x_wconf 90' lang='lat' dir='ltr'><strong>eos</strong></span> <span class='ocrx_word' id='word_1_307' title='bbox 812 3668 899 3746; x_wconf 88' lang='lat' dir='ltr'><strong>inde,</strong></span> <span class='ocrx_word' id='word_1_308' title='bbox 911 3677 948 3733; x_wconf 91' lang='lat' dir='ltr'><strong>ut</strong></span> <span class='ocrx_word' id='word_1_309' title='bbox 963 3670 1121 3751; x_wconf 90' lang='lat' dir='ltr'><strong>quoniam</strong></span> <span class='ocrx_word' id='word_1_310' title='bbox 1140 3669 1239 3735; x_wconf 89' lang='lat' dir='ltr'><strong>fidem</strong></span> <span class='ocrx_word' id='word_1_311' title='bbox 1257 3691 1322 3735; x_wconf 93' lang='lat' dir='ltr'><strong>non</strong></span> <span class='ocrx_word' id='word_1_312' title='bbox 1340 3670 1465 3734; x_wconf 91' lang='lat' dir='ltr'><strong>habent</strong></span> <span class='ocrx_word' id='word_1_313' title='bbox 1481 3670 1648 3750; x_wconf 89' lang='lat' dir='ltr'><strong>ecclesiae,</strong></span> 
     </span>
     <span class='ocr_line' id='line_1_32' title="bbox 296 3769 1649 3854; baseline 0.002 -17"><span class='ocrx_word' id='word_1_314' title='bbox 296 3791 354 3836; x_wconf 91' lang='lat' dir='ltr'><strong>nec</strong></span> <span class='ocrx_word' id='word_1_315' title='bbox 369 3781 541 3837; x_wconf 86' lang='lat' dir='ltr'><strong>versentur</strong></span> <span class='ocrx_word' id='word_1_316' title='bbox 556 3771 590 3834; x_wconf 92' lang='lat' dir='ltr'><strong>in</strong></span> <span class='ocrx_word' id='word_1_317' title='bbox 607 3769 754 3835; x_wconf 88' lang='lat' dir='ltr'><strong>ecclesia.</strong></span> <span class='ocrx_word' id='word_1_318' title='bbox 769 3769 932 3849; x_wconf 84' lang='lat' dir='ltr'><strong>Quoniam</strong></span> <span class='ocrx_word' id='word_1_319' title='bbox 954 3772 1178 3838; x_wconf 73' lang='lat' dir='ltr'><strong>incitaverunt</strong></span> <span class='ocrx_word' id='word_1_320' title='bbox 1191 3785 1229 3852; x_wconf 86' lang='lat' dir='ltr'><strong>te,</strong></span> <span class='ocrx_word' id='word_1_321' title='bbox 1249 3775 1397 3840; x_wconf 86' lang='lat' dir='ltr'><strong>Domine.</strong></span> <span class='ocrx_word' id='word_1_322' title='bbox 1413 3774 1476 3852; x_wconf 89' lang='lat' dir='ltr'><strong>Tu,</strong></span> <span class='ocrx_word' id='word_1_323' title='bbox 1494 3774 1649 3854; x_wconf 91' lang='lat' dir='ltr'><strong>Domine,</strong></span> 
     </span>
     <span class='ocr_line' id='line_1_33' title="bbox 295 3874 1648 3961; baseline -0.001 -19"><span class='ocrx_word' id='word_1_324' title='bbox 295 3897 354 3961; x_wconf 90' lang='lat' dir='ltr'><strong>per</strong></span> <span class='ocrx_word' id='word_1_325' title='bbox 383 3887 536 3942; x_wconf 89' lang='lat' dir='ltr'><strong>naturam</strong></span> <span class='ocrx_word' id='word_1_326' title='bbox 564 3874 669 3939; x_wconf 90' lang='lat' dir='ltr'><strong>dulcis</strong></span> <span class='ocrx_word' id='word_1_327' title='bbox 697 3894 755 3953; x_wconf 90' lang='lat' dir='ltr'><strong>es;</strong></span> <span class='ocrx_word' id='word_1_328' title='bbox 779 3876 837 3939; x_wconf 92' lang='lat' dir='ltr'><strong>sed</strong></span> <span class='ocrx_word' id='word_1_329' title='bbox 863 3877 1065 3959; x_wconf 90' lang='lat' dir='ltr'><strong>quicumque</strong></span> <span class='ocrx_word' id='word_1_330' title='bbox 1098 3888 1291 3961; x_wconf 87' lang='lat' dir='ltr'><strong>peccatores</strong></span> <span class='ocrx_word' id='word_1_331' title='bbox 1327 3889 1404 3944; x_wconf 91' lang='lat' dir='ltr'><strong>sunt</strong></span> <span class='ocrx_word' id='word_1_332' title='bbox 1431 3889 1465 3944; x_wconf 90' lang='lat' dir='ltr'><strong>et</strong></span> <span class='ocrx_word' id='word_1_333' title='bbox 1492 3879 1648 3944; x_wconf 87' lang='lat' dir='ltr'><strong>haeretici</strong></span> 
     </span>
     <span class='ocr_line' id='line_1_34' title="bbox 297 3977 1401 4048; baseline 0.001 -2"><span class='ocrx_word' id='word_1_334' title='bbox 297 3991 448 4046; x_wconf 89' lang='lat' dir='ltr'><strong>naturam</strong></span> <span class='ocrx_word' id='word_1_335' title='bbox 464 3989 542 4045; x_wconf 90' lang='lat' dir='ltr'><strong>tuae</strong></span> <span class='ocrx_word' id='word_1_336' title='bbox 557 3977 744 4043; x_wconf 86' lang='lat' dir='ltr'><strong>dulcedinis</strong></span> <span class='ocrx_word' id='word_1_337' title='bbox 760 3979 841 4042; x_wconf 89' lang='lat' dir='ltr'><strong>vitio</strong></span> <span class='ocrx_word' id='word_1_338' title='bbox 857 3999 918 4044; x_wconf 91' lang='lat' dir='ltr'><strong>suo</strong></span> <span class='ocrx_word' id='word_1_339' title='bbox 934 3989 1066 4044; x_wconf 90' lang='lat' dir='ltr'><strong>vertunt</strong></span> <span class='ocrx_word' id='word_1_340' title='bbox 1083 3981 1114 4044; x_wconf 94' lang='lat' dir='ltr'><strong>in</strong></span> <span class='ocrx_word' id='word_1_341' title='bbox 1132 3983 1401 4048; x_wconf 88' lang='lat' dir='ltr'><strong>amaritudinem.</strong></span> 
     </span>
     <span class='ocr_line' id='line_1_35' title="bbox 337 4082 1651 4166; baseline 0.002 -19"><span class='ocrx_word' id='word_1_342' title='bbox 337 4083 385 4148; x_wconf 87' lang='lat' dir='ltr'><strong>Et</strong></span> <span class='ocrx_word' id='word_1_343' title='bbox 398 4084 678 4147; x_wconf 84' lang='lat' dir='ltr'><strong>laetenturomncs</strong></span> <span class='ocrx_word' id='word_1_344' title='bbox 691 4083 751 4164; x_wconf 88' lang='lat' dir='ltr'><strong>qui</strong></span> <span class='ocrx_word' id='word_1_345' title='bbox 763 4092 895 4164; x_wconf 86' lang='lat' dir='ltr'><strong>sperant</strong></span> <span class='ocrx_word' id='word_1_346' title='bbox 910 4082 944 4145; x_wconf 88' lang='lat' dir='ltr'><strong>in</strong></span> <span class='ocrx_word' id='word_1_347' title='bbox 961 4093 998 4147; x_wconf 87' lang='lat' dir='ltr'><strong>tc.</strong></span> <span class='ocrx_word' id='word_1_348' title='bbox 1016 4085 1068 4147; x_wconf 92' lang='lat' dir='ltr'><strong>Illi</strong></span> <span class='ocrx_word' id='word_1_349' title='bbox 1085 4095 1231 4166; x_wconf 86' lang='lat' dir='ltr'><strong>percant,</strong></span> <span class='ocrx_word' id='word_1_350' title='bbox 1248 4087 1460 4151; x_wconf 83' lang='lat' dir='ltr'><strong>ecclesiastici</strong></span> <span class='ocrx_word' id='word_1_351' title='bbox 1478 4085 1651 4150; x_wconf 91' lang='lat' dir='ltr'><strong>laetentur.</strong></span> 
     </span>
     <span class='ocr_line' id='line_1_36' title="bbox 252 4185 1649 4273; baseline 0 -21"><span class='ocrx_word' id='word_1_352' title='bbox 252 4211 280 4266; x_wconf 84' lang='lat'><strong>35</strong></span> <span class='ocrx_word' id='word_1_353' title='bbox 296 4187 336 4252; x_wconf 86' lang='lat' dir='ltr'><strong>Iu</strong></span> <span class='ocrx_word' id='word_1_354' title='bbox 351 4197 520 4252; x_wconf 86' lang='lat' dir='ltr'><strong>aeternum</strong></span> <span class='ocrx_word' id='word_1_355' title='bbox 533 4185 732 4250; x_wconf 78' lang='lat' dir='ltr'><strong>exultabunt.</strong></span> <span class='ocrx_word' id='word_1_356' title='bbox 745 4186 820 4262; x_wconf 90' lang='lat' dir='ltr'><strong>Hic,</strong></span> <span class='ocrx_word' id='word_1_357' title='bbox 832 4187 871 4248; x_wconf 91' lang='lat' dir='ltr'><strong>ln</strong></span> <span class='ocrx_word' id='word_1_358' title='bbox 888 4197 1070 4264; x_wconf 89' lang='lat' dir='ltr'><strong>aeternum,</strong></span> <span class='ocrx_word' id='word_1_359' title='bbox 1084 4208 1150 4252; x_wconf 95' lang='lat' dir='ltr'><strong>non</strong></span> <span class='ocrx_word' id='word_1_360' title='bbox 1168 4191 1210 4254; x_wconf 91' lang='lat' dir='ltr'><strong>de</strong></span> <span class='ocrx_word' id='word_1_361' title='bbox 1225 4189 1392 4273; x_wconf 87' lang='lat' dir='ltr'><strong>praesenti</strong></span> <span class='ocrx_word' id='word_1_362' title='bbox 1402 4188 1535 4253; x_wconf 91' lang='lat' dir='ltr'><strong>saeculo</strong></span> <span class='ocrx_word' id='word_1_363' title='bbox 1551 4189 1649 4253; x_wconf 91' lang='lat' dir='ltr'><strong>debe-</strong></span> 
     </span>
     <span class='ocr_line' id='line_1_37' title="bbox 297 4289 1652 4374; baseline 0.001 -18"><span class='ocrx_word' id='word_1_364' title='bbox 297 4312 369 4357; x_wconf 90' lang='lat' dir='ltr'><strong>mus</strong></span> <span class='ocrx_word' id='word_1_365' title='bbox 384 4292 504 4370; x_wconf 89' lang='lat' dir='ltr'><strong>dicere,</strong></span> <span class='ocrx_word' id='word_1_366' title='bbox 519 4293 577 4356; x_wconf 87' lang='lat' dir='ltr'><strong>sed</strong></span> <span class='ocrx_word' id='word_1_367' title='bbox 594 4294 636 4357; x_wconf 89' lang='lat' dir='ltr'><strong>de</strong></span> <span class='ocrx_word' id='word_1_368' title='bbox 653 4289 773 4356; x_wconf 82' lang='lat' dir='ltr'><strong>futuro.</strong></span> <span class='ocrx_word' id='word_1_369' title='bbox 790 4291 945 4374; x_wconf 91' lang='lat' dir='ltr'><strong>Denique</strong></span> <span class='ocrx_word' id='word_1_370' title='bbox 972 4312 1038 4355; x_wconf 92' lang='lat' dir='ltr'><strong>non</strong></span> <span class='ocrx_word' id='word_1_371' title='bbox 1066 4293 1163 4372; x_wconf 88' lang='lat' dir='ltr'><strong>dixit,</strong></span> <span class='ocrx_word' id='word_1_372' title='bbox 1180 4295 1212 4358; x_wconf 91' lang='lat' dir='ltr'><strong>in</strong></span> <span class='ocrx_word' id='word_1_373' title='bbox 1229 4296 1362 4359; x_wconf 90' lang='lat' dir='ltr'><strong>saeculo</strong></span> <span class='ocrx_word' id='word_1_374' title='bbox 1378 4292 1532 4358; x_wconf 90' lang='lat' dir='ltr'><strong>exultant</strong></span> <span class='ocrx_word' id='word_1_375' title='bbox 1549 4315 1556 4372; x_wconf 76' lang='grc' dir='ltr'>ς</span> <span class='ocrx_word' id='word_1_376' title='bbox 1583 4293 1652 4371; x_wconf 91' lang='lat' dir='ltr'><strong>sed,</strong></span> 
     </span>
    </p>
   </div>
   <div class='ocr_carea' id='block_1_3' title="bbox 295 4383 1751 4477">
    <p class='ocr_par' dir='ltr' id='par_1_3' title="bbox 295 4383 1751 4477">
     <span class='ocr_line' id='line_1_38' title="bbox 295 4383 1751 4477; baseline 0.001 -17"><span class='ocrx_word' id='word_1_377' title='bbox 295 4396 505 4473; x_wconf 89' lang='lat' dir='ltr'><strong>exultabunt,</strong></span> <span class='ocrx_word' id='word_1_378' title='bbox 531 4396 574 4461; x_wconf 92' lang='lat' dir='ltr'><strong>de</strong></span> <span class='ocrx_word' id='word_1_379' title='bbox 600 4393 713 4460; x_wconf 82' lang='lat' dir='ltr'><strong>futuro</strong></span> <span class='ocrx_word' id='word_1_380' title='bbox 736 4395 865 4460; x_wconf 88' lang='lat' dir='ltr'><strong>dicitur.</strong></span> <span class='ocrx_word' id='word_1_381' title='bbox 894 4395 960 4460; x_wconf 92' lang='lat' dir='ltr'><strong>Hic</strong></span> <span class='ocrx_word' id='word_1_382' title='bbox 988 4398 1077 4462; x_wconf 91' lang='lat' dir='ltr'><strong>enim</strong></span> <span class='ocrx_word' id='word_1_383' title='bbox 1103 4398 1237 4464; x_wconf 88' lang='lat' dir='ltr'><strong>tristitia</strong></span> <span class='ocrx_word' id='word_1_384' title='bbox 1264 4408 1323 4477; x_wconf 91' lang='lat' dir='ltr'><strong>est,</strong></span> <span class='ocrx_word' id='word_1_385' title='bbox 1339 4399 1385 4462; x_wconf 91' lang='lat' dir='ltr'><strong>ibi</strong></span> <span class='ocrx_word' id='word_1_386' title='bbox 1411 4417 1490 4463; x_wconf 90' lang='lat' dir='ltr'><strong>vero</strong></span> <span class='ocrx_word' id='word_1_387' title='bbox 1517 4397 1651 4463; x_wconf 90' lang='lat' dir='ltr'><strong>laetitia.</strong></span> <span class='ocrx_word' id='word_1_388' title='bbox 1747 4383 1751 4391; x_wconf 48' lang='lat'><strong>⁴</strong></span> 
     </span>
    </p>
   </div>
   <div class='ocr_carea' id='block_1_4' title="bbox 297 4629 1650 4784">
    <p class='ocr_par' dir='ltr' id='par_1_4' title="bbox 297 4629 1650 4784">
     <span class='ocr_line' id='line_1_39' title="bbox 327 4629 1650 4706; baseline 0.002 -21"><span class='ocrx_word' id='word_1_389' title='bbox 327 4633 721 4699; x_wconf 71' lang='lat' dir='ltr'><strong>4Antr&#39;rrpr&#39;rtum1antexpirtum</strong></span> <span class='ocrx_word' id='word_1_390' title='bbox 730 4635 759 4684; x_wconf 87' lang='lat' dir='ltr'><strong>B.</strong></span> <span class='ocrx_word' id='word_1_391' title='bbox 842 4633 957 4699; x_wconf 75' lang='lat' dir='ltr'><strong>toquod]</strong></span> <span class='ocrx_word' id='word_1_392' title='bbox 966 4634 1083 4698; x_wconf 82' lang='lat' dir='ltr'><strong>quomodo</strong></span> <span class='ocrx_word' id='word_1_393' title='bbox 1092 4632 1116 4704; x_wconf 89' lang='grc' dir='ltr'><strong>β</strong></span> <span class='ocrx_word' id='word_1_394' title='bbox 1201 4645 1232 4684; x_wconf 83' lang='lat'><strong>22</strong></span> <span class='ocrx_word' id='word_1_395' title='bbox 1241 4629 1402 4704; x_wconf 76' lang='grc' dir='ltr'>ὑπερβατόν]</span> <span class='ocrx_word' id='word_1_396' title='bbox 1410 4633 1584 4706; x_wconf 83' lang='grc' dir='ltr'>υπερβατουμ</span> <span class='ocrx_word' id='word_1_397' title='bbox 1597 4637 1650 4688; x_wconf 87' lang='lat' dir='ltr'><strong>BC.</strong></span> 
     </span>
     <span class='ocr_line' id='line_1_40' title="bbox 297 4709 1441 4784; baseline 0.002 -18"><span class='ocrx_word' id='word_1_398' title='bbox 297 4709 532 4784; x_wconf 73' lang='lat' dir='ltr'><strong>bcsrporrpdrrpou]</strong></span> <span class='ocrx_word' id='word_1_399' title='bbox 549 4715 618 4765; x_wconf 77' lang='grc' dir='ltr'><strong>ΑΒΕ</strong></span> <span class='ocrx_word' id='word_1_400' title='bbox 629 4732 637 4774; x_wconf 83' lang='grc'><strong>;</strong></span> <span class='ocrx_word' id='word_1_401' title='bbox 671 4709 779 4784; x_wconf 76' lang='grc' dir='ltr'>ὕστερον</span> <span class='ocrx_word' id='word_1_402' title='bbox 791 4711 921 4784; x_wconf 81' lang='grc' dir='ltr'>πρότερον</span> <span class='ocrx_word' id='word_1_403' title='bbox 935 4714 959 4782; x_wconf 84' lang='grc' dir='ltr'><strong>β.</strong></span> <span class='ocrx_word' id='word_1_404' title='bbox 1067 4717 1099 4780; x_wconf 81' lang='lat'><strong>36</strong></span> <span class='ocrx_word' id='word_1_405' title='bbox 1109 4716 1237 4778; x_wconf 82' lang='lat' dir='ltr'><strong>exultant]</strong></span> <span class='ocrx_word' id='word_1_406' title='bbox 1248 4719 1400 4767; x_wconf 72' lang='lat' dir='ltr'><strong>exsulabunt</strong></span> <span class='ocrx_word' id='word_1_407' title='bbox 1411 4719 1441 4768; x_wconf 94' lang='lat' dir='ltr'><strong>C.</strong></span> 
     </span>
    </p>
   </div>
   <div class='ocr_carea' id='block_1_5' title="bbox 0 0 2100 5492">
    <p class='ocr_par' dir='ltr' id='par_1_5' title="bbox 0 0 2100 5492">
     <span class='ocr_line' id='line_1_41' title="bbox 0 0 2100 5492; baseline 0 0"><span class='ocrx_word' id='word_1_408' title='bbox 0 0 2100 5492; x_wconf 95' lang='lat' dir='ltr'><strong> </strong></span> 
     </span>
    </p>
   </div>
  </div>
 </body>
</html>
