<?xml version="1.0" encoding="UTF-8"?>
<!DOCTYPE html PUBLIC "-//W3C//DTD XHTML 1.0 Transitional//EN"
    "http://www.w3.org/TR/xhtml1/DTD/xhtml1-transitional.dtd">
<html xmlns="http://www.w3.org/1999/xhtml" xml:lang="en" lang="en">
 <head>
  <title>
</title>
<meta http-equiv="Content-Type" content="text/html;charset=utf-8" />
  <meta name='ocr-system' content='tesseract 3.04.00' />
  <meta name='ocr-capabilities' content='ocr_page ocr_carea ocr_par ocr_line ocrx_word'/>
</head>
<body>
  <div class='ocr_page' id='page_1' title='image "./commentarioliin00morigoog/commentarioliin00morigoog_0693.png"; bbox 0 0 4060 5498; ppageno 0'>
   <div class='ocr_carea' id='block_1_1' title="bbox 511 397 1507 476">
    <p class='ocr_par' dir='ltr' id='par_1_1' title="bbox 511 397 1507 476">
     <span class='ocr_line' id='line_1_1' title="bbox 511 397 1507 476; baseline -0.012 0"><span class='ocrx_word' id='word_1_1' title='bbox 511 397 564 476; x_wconf 87' lang='lat'>82</span> <span class='ocrx_word' id='word_1_2' title='bbox 891 412 1208 473; x_wconf 74' lang='lat' dir='ltr'>suranorum</span> <span class='ocrx_word' id='word_1_3' title='bbox 1243 409 1507 468; x_wconf 66' lang='lat' dir='ltr'>aansnr&#39;rnar</span> 
     </span>
    </p>
   </div>
   <div class='ocr_carea' id='block_1_2' title="bbox 507 603 1901 3398">
    <p class='ocr_par' dir='ltr' id='par_1_2' title="bbox 509 603 1888 1522">
     <span class='ocr_line' id='line_1_2' title="bbox 509 603 1859 691; baseline -0.004 -20"><span class='ocrx_word' id='word_1_4' title='bbox 509 616 515 640; x_wconf 89' lang='lat'>‘</span> <span class='ocrx_word' id='word_1_5' title='bbox 532 609 569 671; x_wconf 91' lang='lat' dir='ltr'>ln</span> <span class='ocrx_word' id='word_1_6' title='bbox 589 609 785 672; x_wconf 81' lang='lat' dir='ltr'>fortitudine</span> <span class='ocrx_word' id='word_1_7' title='bbox 798 610 928 687; x_wconf 83' lang='lat' dir='ltr'>faciam,</span> <span class='ocrx_word' id='word_1_8' title='bbox 945 624 977 674; x_wconf 90' lang='lat' dir='ltr'>et</span> <span class='ocrx_word' id='word_1_9' title='bbox 995 614 1160 691; x_wconf 80' lang='lat' dir='ltr'>sapientia</span> <span class='ocrx_word' id='word_1_10' title='bbox 1175 610 1426 689; x_wconf 83' lang='lat' dir='ltr'>intellegentiae</span> <span class='ocrx_word' id='word_1_11' title='bbox 1442 607 1591 670; x_wconf 82' lang='lat' dir='ltr'>auferam</span> <span class='ocrx_word' id='word_1_12' title='bbox 1604 604 1687 666; x_wconf 87' lang='lat' dir='ltr'>fines</span> <span class='ocrx_word' id='word_1_13' title='bbox 1699 603 1859 685; x_wconf 87' lang='lat' dir='ltr'>gentium&#39;</span> 
     </span>
     <span class='ocr_line' id='line_1_3' title="bbox 512 710 1859 796; baseline -0.004 -20"><span class='ocrx_word' id='word_1_14' title='bbox 512 714 690 794; x_wconf 85' lang='lat' dir='ltr'>etreliqua</span> <span class='ocrx_word' id='word_1_15' title='bbox 715 733 799 796; x_wconf 91' lang='lat' dir='ltr'>quae</span> <span class='ocrx_word' id='word_1_16' title='bbox 824 716 983 796; x_wconf 86' lang='lat' dir='ltr'>longuurn</span> <span class='ocrx_word' id='word_1_17' title='bbox 1010 727 1060 778; x_wconf 89' lang='lat' dir='ltr'>est</span> <span class='ocrx_word' id='word_1_18' title='bbox 1085 735 1295 790; x_wconf 90' lang='lat' dir='ltr'>enumerare,</span> <span class='ocrx_word' id='word_1_19' title='bbox 1320 715 1350 774; x_wconf 93' lang='lat' dir='ltr'>in</span> <span class='ocrx_word' id='word_1_20' title='bbox 1378 713 1498 794; x_wconf 89' lang='lat' dir='ltr'>quibus</span> <span class='ocrx_word' id='word_1_21' title='bbox 1524 710 1650 773; x_wconf 92' lang='lat' dir='ltr'>diaboli</span> <span class='ocrx_word' id='word_1_22' title='bbox 1677 710 1859 789; x_wconf 81' lang='lat' dir='ltr'>superbiam</span> 
     </span>
     <span class='ocr_line' id='line_1_4' title="bbox 512 813 1859 899; baseline -0.006 -20"><span class='ocrx_word' id='word_1_23' title='bbox 512 819 676 899; x_wconf 87' lang='lat' dir='ltr'>propheta</span> <span class='ocrx_word' id='word_1_24' title='bbox 693 819 859 883; x_wconf 83' lang='lat' dir='ltr'>describit.</span> <span class='ocrx_word' id='word_1_25' title='bbox 880 820 1144 883; x_wconf 85' lang='lat' dir='ltr'>Misericordiam</span> <span class='ocrx_word' id='word_1_26' title='bbox 1161 817 1299 880; x_wconf 87' lang='lat' dir='ltr'>Domini</span> <span class='ocrx_word' id='word_1_27' title='bbox 1313 828 1425 880; x_wconf 88' lang='lat' dir='ltr'>cetera</span> <span class='ocrx_word' id='word_1_28' title='bbox 1440 817 1521 878; x_wconf 90' lang='lat' dir='ltr'>vitia</span> <span class='ocrx_word' id='word_1_29' title='bbox 1538 824 1779 896; x_wconf 88' lang='lat' dir='ltr'>promerentur,</span> <span class='ocrx_word' id='word_1_30' title='bbox 1790 813 1859 893; x_wconf 88' lang='lat' dir='ltr'>quia</span> 
     </span>
     <span class='ocr_line' id='line_1_5' title="bbox 512 919 1861 1005; baseline -0.004 -20"><span class='ocrx_word' id='word_1_31' title='bbox 512 923 702 985; x_wconf 89' lang='lat' dir='ltr'>humilitate</span> <span class='ocrx_word' id='word_1_32' title='bbox 718 924 853 985; x_wconf 88' lang='lat' dir='ltr'>subdita</span> <span class='ocrx_word' id='word_1_33' title='bbox 870 934 948 986; x_wconf 92' lang='lat' dir='ltr'>sunt</span> <span class='ocrx_word' id='word_1_34' title='bbox 967 926 1041 987; x_wconf 92' lang='lat' dir='ltr'>Deo</span> <span class='ocrx_word' id='word_1_35' title='bbox 1057 949 1063 988; x_wconf 93' lang='lat'>:</span> <span class='ocrx_word' id='word_1_36' title='bbox 1080 924 1238 1005; x_wconf 88' lang='lat' dir='ltr'>superbia</span> <span class='ocrx_word' id='word_1_37' title='bbox 1260 923 1341 999; x_wconf 92' lang='lat' dir='ltr'>sola,</span> <span class='ocrx_word' id='word_1_38' title='bbox 1369 943 1455 1003; x_wconf 89' lang='lat' dir='ltr'>quae</span> <span class='ocrx_word' id='word_1_39' title='bbox 1483 942 1583 1002; x_wconf 91' lang='lat' dir='ltr'>supra</span> <span class='ocrx_word' id='word_1_40' title='bbox 1611 920 1697 982; x_wconf 90' lang='lat' dir='ltr'>vires</span> <span class='ocrx_word' id='word_1_41' title='bbox 1724 919 1861 1000; x_wconf 86' lang='lat' dir='ltr'>erigitur,</span> 
     </span>
     <span class='ocr_line' id='line_1_6' title="bbox 515 1025 1888 1090; baseline -0.001 -3"><span class='ocrx_word' id='word_1_42' title='bbox 515 1025 589 1087; x_wconf 90' lang='lat' dir='ltr'>Deo</span> <span class='ocrx_word' id='word_1_43' title='bbox 606 1026 737 1088; x_wconf 89' lang='lat' dir='ltr'>resistit.</span> <span class='ocrx_word' id='word_1_44' title='bbox 765 1026 909 1089; x_wconf 85' lang='lat' dir='ltr'>Adulter</span> <span class='ocrx_word' id='word_1_45' title='bbox 940 1040 996 1090; x_wconf 88' lang='lat' dir='ltr'>aut</span> <span class='ocrx_word' id='word_1_46' title='bbox 1027 1027 1207 1090; x_wconf 81' lang='lat' dir='ltr'>fornicator</span> <span class='ocrx_word' id='word_1_47' title='bbox 1235 1026 1350 1088; x_wconf 91' lang='lat' dir='ltr'>oculos</span> <span class='ocrx_word' id='word_1_48' title='bbox 1377 1025 1419 1086; x_wconf 92' lang='lat' dir='ltr'>ad</span> <span class='ocrx_word' id='word_1_49' title='bbox 1436 1025 1567 1086; x_wconf 89' lang='lat' dir='ltr'>caelum</span> <span class='ocrx_word' id='word_1_50' title='bbox 1594 1045 1660 1087; x_wconf 90' lang='lat' dir='ltr'>non</span> <span class='ocrx_word' id='word_1_51' title='bbox 1690 1044 1789 1086; x_wconf 89' lang='lat' dir='ltr'>ausus</span> <span class='ocrx_word' id='word_1_52' title='bbox 1814 1031 1888 1086; x_wconf 65' lang='lat' dir='ltr'>esti</span> 
     </span>
     <span class='ocr_line' id='line_1_7' title="bbox 511 1129 1859 1209; baseline -0.003 -17"><span class='ocrx_word' id='word_1_53' title='bbox 511 1130 651 1208; x_wconf 89' lang='lat' dir='ltr'>elevare,</span> <span class='ocrx_word' id='word_1_54' title='bbox 668 1131 802 1194; x_wconf 91' lang='lat' dir='ltr'>deiecto</span> <span class='ocrx_word' id='word_1_55' title='bbox 815 1131 929 1194; x_wconf 88' lang='lat' dir='ltr'>auimo</span> <span class='ocrx_word' id='word_1_56' title='bbox 947 1131 1210 1194; x_wconf 88' lang='lat' dir='ltr'>misericordiam</span> <span class='ocrx_word' id='word_1_57' title='bbox 1231 1129 1369 1191; x_wconf 89' lang='lat' dir='ltr'>Domini</span> <span class='ocrx_word' id='word_1_58' title='bbox 1387 1129 1643 1209; x_wconf 88' lang='lat' dir='ltr'>deprecabiliter</span> <span class='ocrx_word' id='word_1_59' title='bbox 1659 1137 1773 1209; x_wconf 88' lang='lat' dir='ltr'>sperat</span> <span class='ocrx_word' id='word_1_60' title='bbox 1788 1150 1794 1204; x_wconf 90' lang='lat'>;</span> <span class='ocrx_word' id='word_1_61' title='bbox 1809 1130 1859 1188; x_wconf 90' lang='lat' dir='ltr'>sed</span> 
     </span>
     <span class='ocr_line' id='line_1_8' title="bbox 513 1232 1860 1314; baseline -0.001 -21"><span class='ocrx_word' id='word_1_62' title='bbox 513 1253 611 1312; x_wconf 92' lang='lat' dir='ltr'>quem</span> <span class='ocrx_word' id='word_1_63' title='bbox 624 1234 829 1296; x_wconf 90' lang='lat' dir='ltr'>conscientia</span> <span class='ocrx_word' id='word_1_64' title='bbox 841 1235 999 1309; x_wconf 92' lang='lat' dir='ltr'>declinat,</span> <span class='ocrx_word' id='word_1_65' title='bbox 1013 1235 1044 1296; x_wconf 90' lang='lat' dir='ltr'>in</span> <span class='ocrx_word' id='word_1_66' title='bbox 1061 1245 1146 1296; x_wconf 86' lang='lat' dir='ltr'>terra</span> <span class='ocrx_word' id='word_1_67' title='bbox 1164 1234 1330 1309; x_wconf 90' lang='lat' dir='ltr'>humiliat,</span> <span class='ocrx_word' id='word_1_68' title='bbox 1343 1234 1400 1293; x_wconf 90' lang='lat' dir='ltr'>sed</span> <span class='ocrx_word' id='word_1_69' title='bbox 1415 1232 1525 1294; x_wconf 83' lang='lat' dir='ltr'>elevat</span> <span class='ocrx_word' id='word_1_70' title='bbox 1538 1237 1579 1294; x_wconf 89' lang='lat' dir='ltr'>ad</span> <span class='ocrx_word' id='word_1_71' title='bbox 1594 1233 1734 1296; x_wconf 88' lang='lat' dir='ltr'>eaelum.</span> <span class='ocrx_word' id='word_1_72' title='bbox 1749 1234 1860 1314; x_wconf 88' lang='lat' dir='ltr'>Super·</span> 
     </span>
     <span class='ocr_line' id='line_1_9' title="bbox 512 1335 1860 1420; baseline 0.001 -25"><span class='ocrx_word' id='word_1_73' title='bbox 512 1335 566 1396; x_wconf 89' lang='lat' dir='ltr'>bia</span> <span class='ocrx_word' id='word_1_74' title='bbox 591 1346 623 1399; x_wconf 92' lang='lat' dir='ltr'>et</span> <span class='ocrx_word' id='word_1_75' title='bbox 651 1337 776 1418; x_wconf 87' lang='lat' dir='ltr'>gloriae</span> <span class='ocrx_word' id='word_1_76' title='bbox 804 1340 976 1418; x_wconf 87' lang='lat' dir='ltr'>appetitus</span> <span class='ocrx_word' id='word_1_77' title='bbox 1001 1341 1139 1420; x_wconf 91' lang='lat' dir='ltr'>quando</span> <span class='ocrx_word' id='word_1_78' title='bbox 1167 1340 1256 1401; x_wconf 84' lang='lat' dir='ltr'>levat</span> <span class='ocrx_word' id='word_1_79' title='bbox 1283 1336 1466 1413; x_wconf 89' lang='lat' dir='ltr'>hominem,</span> <span class='ocrx_word' id='word_1_80' title='bbox 1494 1348 1573 1399; x_wconf 89' lang='lat' dir='ltr'>tunc</span> <span class='ocrx_word' id='word_1_81' title='bbox 1599 1338 1764 1412; x_wconf 87' lang='lat' dir='ltr'>humiliat,</span> <span class='ocrx_word' id='word_1_82' title='bbox 1791 1337 1860 1418; x_wconf 91' lang='lat' dir='ltr'>quia</span> 
     </span>
     <span class='ocr_line' id='line_1_10' title="bbox 511 1439 1159 1522; baseline 0.008 -22"><span class='ocrx_word' id='word_1_83' title='bbox 511 1439 683 1502; x_wconf 86' lang='lat' dir='ltr'>inimicum</span> <span class='ocrx_word' id='word_1_84' title='bbox 701 1462 762 1502; x_wconf 93' lang='lat' dir='ltr'>suo</span> <span class='ocrx_word' id='word_1_85' title='bbox 779 1451 918 1522; x_wconf 91' lang='lat' dir='ltr'>peccato</span> <span class='ocrx_word' id='word_1_86' title='bbox 941 1443 1052 1506; x_wconf 90' lang='lat' dir='ltr'>Deum</span> <span class='ocrx_word' id='word_1_87' title='bbox 1071 1444 1159 1518; x_wconf 85' lang='lat' dir='ltr'>iacit.</span> 
     </span>
    </p>

    <p class='ocr_par' dir='ltr' id='par_1_3' title="bbox 507 1543 1901 2775">
     <span class='ocr_line' id='line_1_11' title="bbox 559 1543 1901 1626; baseline -0.005 -19"><span class='ocrx_word' id='word_1_88' title='bbox 559 1543 733 1625; x_wconf 83' lang='lat' dir='ltr'>Usqueqaa</span> <span class='ocrx_word' id='word_1_89' title='bbox 745 1554 930 1626; x_wconf 78' lang='lat' dir='ltr'>peccatores,</span> <span class='ocrx_word' id='word_1_90' title='bbox 948 1545 1097 1620; x_wconf 80' lang='lat' dir='ltr'>Domine,</span> <span class='ocrx_word' id='word_1_91' title='bbox 1119 1566 1280 1626; x_wconf 84' lang='lat' dir='ltr'>usquequo</span> <span class='ocrx_word' id='word_1_92' title='bbox 1301 1553 1478 1624; x_wconf 82' lang='lat' dir='ltr'>peccatores</span> <span class='ocrx_word' id='word_1_93' title='bbox 1497 1543 1765 1625; x_wconf 81' lang='lat' dir='ltr'>gloriabuntur?</span> <span class='ocrx_word' id='word_1_94' title='bbox 1791 1545 1901 1604; x_wconf 80' lang='lat' dir='ltr'>Pet-10</span> 
     </span>
     <span class='ocr_line' id='line_1_12' title="bbox 511 1647 1858 1738; baseline -0.004 -28"><span class='ocrx_word' id='word_1_95' title='bbox 511 1660 604 1711; x_wconf 90' lang='lat' dir='ltr'>cator</span> <span class='ocrx_word' id='word_1_96' title='bbox 628 1653 682 1738; x_wconf 90' lang='lat' dir='ltr'>qui</span> <span class='ocrx_word' id='word_1_97' title='bbox 709 1649 819 1711; x_wconf 90' lang='lat' dir='ltr'>Deum</span> <span class='ocrx_word' id='word_1_98' title='bbox 844 1651 1052 1730; x_wconf 82' lang='lat' dir='ltr'>deprecatur,</span> <span class='ocrx_word' id='word_1_99' title='bbox 1077 1661 1221 1711; x_wconf 88' lang='lat' dir='ltr'>meretur</span> <span class='ocrx_word' id='word_1_100' title='bbox 1246 1650 1378 1710; x_wconf 89' lang='lat' dir='ltr'>veniam</span> <span class='ocrx_word' id='word_1_101' title='bbox 1400 1669 1407 1726; x_wconf 89' lang='lat'><strong>;</strong></span> <span class='ocrx_word' id='word_1_102' title='bbox 1430 1649 1485 1730; x_wconf 90' lang='lat' dir='ltr'>qui</span> <span class='ocrx_word' id='word_1_103' title='bbox 1511 1658 1623 1712; x_wconf 88' lang='lat' dir='ltr'>autem</span> <span class='ocrx_word' id='word_1_104' title='bbox 1648 1648 1809 1727; x_wconf 87' lang='lat' dir='ltr'>gloriatur</span> <span class='ocrx_word' id='word_1_105' title='bbox 1832 1647 1858 1706; x_wconf 91' lang='lat' dir='ltr'>in</span> 
     </span>
     <span class='ocr_line' id='line_1_13' title="bbox 510 1749 1855 1834; baseline -0.003 -20"><span class='ocrx_word' id='word_1_106' title='bbox 510 1751 643 1826; x_wconf 87' lang='lat' dir='ltr'>scelere,</span> <span class='ocrx_word' id='word_1_107' title='bbox 669 1753 831 1833; x_wconf 91' lang='lat' dir='ltr'>superbus</span> <span class='ocrx_word' id='word_1_108' title='bbox 855 1765 931 1815; x_wconf 89' lang='lat' dir='ltr'>est:</span> <span class='ocrx_word' id='word_1_109' title='bbox 955 1765 988 1814; x_wconf 92' lang='lat' dir='ltr'>et</span> <span class='ocrx_word' id='word_1_110' title='bbox 1011 1753 1170 1834; x_wconf 90' lang='lat' dir='ltr'>superbia</span> <span class='ocrx_word' id='word_1_111' title='bbox 1195 1754 1367 1815; x_wconf 89' lang='lat' dir='ltr'>inimicum</span> <span class='ocrx_word' id='word_1_112' title='bbox 1392 1752 1494 1814; x_wconf 87' lang='lat' dir='ltr'>habet</span> <span class='ocrx_word' id='word_1_113' title='bbox 1521 1752 1642 1815; x_wconf 89' lang='lat' dir='ltr'>Deum.</span> <span class='ocrx_word' id='word_1_114' title='bbox 1673 1751 1749 1814; x_wconf 90' lang='lat' dir='ltr'>Hoc</span> <span class='ocrx_word' id='word_1_115' title='bbox 1772 1749 1855 1832; x_wconf 90' lang='lat' dir='ltr'>quod</span> 
     </span>
     <span class='ocr_line' id='line_1_14' title="bbox 509 1852 1858 1939; baseline -0.002 -22"><span class='ocrx_word' id='word_1_116' title='bbox 509 1857 600 1931; x_wconf 91' lang='lat' dir='ltr'>dicit,</span> <span class='ocrx_word' id='word_1_117' title='bbox 618 1864 818 1939; x_wconf 86' lang='lat' dir='ltr'>usquequo?</span> <span class='ocrx_word' id='word_1_118' title='bbox 843 1855 902 1920; x_wconf 78' lang='grc' dir='ltr'>ἀπὸ</span> <span class='ocrx_word' id='word_1_119' title='bbox 919 1852 1012 1932; x_wconf 73' lang='grc' dir='ltr'>ξυνών</span> <span class='ocrx_word' id='word_1_120' title='bbox 1038 1857 1303 1938; x_wconf 87' lang='lat' dir='ltr'>intellegendum</span> <span class='ocrx_word' id='word_1_121' title='bbox 1321 1867 1381 1934; x_wconf 84' lang='lat' dir='ltr'>est,</span> <span class='ocrx_word' id='word_1_122' title='bbox 1398 1867 1433 1918; x_wconf 94' lang='lat' dir='ltr'>ut</span> <span class='ocrx_word' id='word_1_123' title='bbox 1451 1876 1720 1938; x_wconf 86' lang='lat' dir='ltr'>cognoscamus:</span> <span class='ocrx_word' id='word_1_124' title='bbox 1750 1855 1858 1935; x_wconf 92' lang='lat' dir='ltr'>Usque</span> 
     </span>
     <span class='ocr_line' id='line_1_15' title="bbox 509 1965 1857 2048; baseline -0.001 -22"><span class='ocrx_word' id='word_1_125' title='bbox 509 1984 577 2044; x_wconf 94' lang='lat' dir='ltr'>quo</span> <span class='ocrx_word' id='word_1_126' title='bbox 594 1977 786 2045; x_wconf 87' lang='lat' dir='ltr'>peccatores</span> <span class='ocrx_word' id='word_1_127' title='bbox 811 1967 1068 2047; x_wconf 86' lang='lat' dir='ltr'>gloriabuntur?</span> <span class='ocrx_word' id='word_1_128' title='bbox 1087 1987 1262 2048; x_wconf 87' lang='lat' dir='ltr'>usquequo</span> <span class='ocrx_word' id='word_1_129' title='bbox 1284 1965 1477 2030; x_wconf 83' lang='lat' dir='ltr'>effabuntur</span> <span class='ocrx_word' id='word_1_130' title='bbox 1494 1975 1526 2028; x_wconf 85' lang='lat' dir='ltr'>et</span> <span class='ocrx_word' id='word_1_131' title='bbox 1544 1965 1723 2046; x_wconf 89' lang='lat' dir='ltr'>loquentur</span> <span class='ocrx_word' id='word_1_132' title='bbox 1746 1965 1857 2043; x_wconf 91' lang='lat' dir='ltr'>iniqui·</span> 
     </span>
     <span class='ocr_line' id='line_1_16' title="bbox 509 2067 1898 2150; baseline 0.004 -24"><span class='ocrx_word' id='word_1_133' title='bbox 509 2067 638 2129; x_wconf 87' lang='lat' dir='ltr'>tatem?</span> <span class='ocrx_word' id='word_1_134' title='bbox 657 2088 830 2150; x_wconf 89' lang='lat' dir='ltr'>usquequo</span> <span class='ocrx_word' id='word_1_135' title='bbox 847 2068 1025 2150; x_wconf 86' lang='lat' dir='ltr'>loquentur</span> <span class='ocrx_word' id='word_1_136' title='bbox 1041 2088 1158 2130; x_wconf 91' lang='lat' dir='ltr'>omnes</span> <span class='ocrx_word' id='word_1_137' title='bbox 1177 2071 1231 2150; x_wconf 95' lang='lat' dir='ltr'>qui</span> <span class='ocrx_word' id='word_1_138' title='bbox 1250 2080 1431 2150; x_wconf 89' lang='lat' dir='ltr'>operantur</span> <span class='ocrx_word' id='word_1_139' title='bbox 1456 2068 1682 2132; x_wconf 87' lang='lat' dir='ltr'>iniustitiam?</span> <span class='ocrx_word' id='word_1_140' title='bbox 1703 2070 1856 2131; x_wconf 86' lang='lat' dir='ltr'>Humana</span> <span class='ocrx_word' id='word_1_141' title='bbox 1875 2081 1898 2131; x_wconf 83' lang='lat'>15</span> 
     </span>
     <span class='ocr_line' id='line_1_17' title="bbox 507 2170 1856 2255; baseline 0.001 -25"><span class='ocrx_word' id='word_1_142' title='bbox 507 2171 608 2250; x_wconf 88' lang='lat' dir='ltr'>igitur</span> <span class='ocrx_word' id='word_1_143' title='bbox 624 2170 826 2252; x_wconf 83' lang='lat' dir='ltr'>lupatientia</span> <span class='ocrx_word' id='word_1_144' title='bbox 843 2173 906 2234; x_wconf 90' lang='lat' dir='ltr'>Dei</span> <span class='ocrx_word' id='word_1_145' title='bbox 925 2174 1122 2252; x_wconf 89' lang='lat' dir='ltr'>patientiam</span> <span class='ocrx_word' id='word_1_146' title='bbox 1140 2173 1335 2248; x_wconf 80' lang='lat' dir='ltr'>admiratur,</span> <span class='ocrx_word' id='word_1_147' title='bbox 1352 2185 1386 2234; x_wconf 88' lang='lat' dir='ltr'>et</span> <span class='ocrx_word' id='word_1_148' title='bbox 1408 2173 1511 2236; x_wconf 91' lang='lat' dir='ltr'>dicit:</span> <span class='ocrx_word' id='word_1_149' title='bbox 1534 2174 1608 2255; x_wconf 89' lang='lat' dir='ltr'>Ego</span> <span class='ocrx_word' id='word_1_150' title='bbox 1624 2185 1782 2254; x_wconf 90' lang='lat' dir='ltr'>peccator</span> <span class='ocrx_word' id='word_1_151' title='bbox 1798 2193 1856 2234; x_wconf 91' lang='lat' dir='ltr'>non</span> 
     </span>
     <span class='ocr_line' id='line_1_18' title="bbox 508 2273 1857 2359; baseline 0.001 -24"><span class='ocrx_word' id='word_1_152' title='bbox 508 2273 577 2335; x_wconf 85' lang='lat' dir='ltr'>fero</span> <span class='ocrx_word' id='word_1_153' title='bbox 592 2284 783 2355; x_wconf 86' lang='lat' dir='ltr'>peccatores</span> <span class='ocrx_word' id='word_1_154' title='bbox 799 2297 806 2352; x_wconf 94' lang='lat'>;</span> <span class='ocrx_word' id='word_1_155' title='bbox 824 2288 859 2339; x_wconf 88' lang='lat' dir='ltr'>tu</span> <span class='ocrx_word' id='word_1_156' title='bbox 877 2279 982 2339; x_wconf 91' lang='lat' dir='ltr'>iustus</span> <span class='ocrx_word' id='word_1_157' title='bbox 993 2279 1166 2358; x_wconf 90' lang='lat' dir='ltr'>quomodo</span> <span class='ocrx_word' id='word_1_158' title='bbox 1180 2289 1313 2358; x_wconf 86' lang='lat' dir='ltr'>portare</span> <span class='ocrx_word' id='word_1_159' title='bbox 1330 2281 1450 2359; x_wconf 89' lang='lat' dir='ltr'>potes?</span> <span class='ocrx_word' id='word_1_160' title='bbox 1467 2277 1652 2359; x_wconf 90' lang='lat' dir='ltr'>Usquequo</span> <span class='ocrx_word' id='word_1_161' title='bbox 1664 2287 1857 2358; x_wconf 87' lang='lat' dir='ltr'>peccatores,</span> 
     </span>
     <span class='ocr_line' id='line_1_19' title="bbox 510 2376 1856 2462; baseline 0 -22"><span class='ocrx_word' id='word_1_162' title='bbox 510 2376 667 2453; x_wconf 89' lang='lat' dir='ltr'>Domine,</span> <span class='ocrx_word' id='word_1_163' title='bbox 695 2379 956 2460; x_wconf 82' lang='lat' dir='ltr'>gloriabuntur?</span> <span class='ocrx_word' id='word_1_164' title='bbox 986 2381 1064 2442; x_wconf 89' lang='lat' dir='ltr'>Non</span> <span class='ocrx_word' id='word_1_165' title='bbox 1093 2382 1189 2456; x_wconf 91' lang='lat' dir='ltr'>dixit,</span> <span class='ocrx_word' id='word_1_166' title='bbox 1218 2400 1392 2462; x_wconf 90' lang='lat' dir='ltr'>usquequo</span> <span class='ocrx_word' id='word_1_167' title='bbox 1417 2391 1611 2461; x_wconf 88' lang='lat' dir='ltr'>peccatores</span> <span class='ocrx_word' id='word_1_168' title='bbox 1637 2379 1856 2462; x_wconf 87' lang='lat' dir='ltr'>peccabunt?</span> 
     </span>
     <span class='ocr_line' id='line_1_20' title="bbox 511 2481 1855 2566; baseline 0 -22"><span class='ocrx_word' id='word_1_169' title='bbox 511 2481 648 2544; x_wconf 86' lang='lat' dir='ltr'>Grande</span> <span class='ocrx_word' id='word_1_170' title='bbox 667 2482 769 2546; x_wconf 92' lang='lat' dir='ltr'>habet</span> <span class='ocrx_word' id='word_1_171' title='bbox 787 2495 973 2563; x_wconf 85' lang='lat' dir='ltr'>peccatum,</span> <span class='ocrx_word' id='word_1_172' title='bbox 999 2486 1056 2566; x_wconf 93' lang='lat' dir='ltr'>qui</span> <span class='ocrx_word' id='word_1_173' title='bbox 1085 2495 1211 2566; x_wconf 88' lang='lat' dir='ltr'>peccat,</span> <span class='ocrx_word' id='word_1_174' title='bbox 1238 2496 1271 2547; x_wconf 92' lang='lat' dir='ltr'>et</span> <span class='ocrx_word' id='word_1_175' title='bbox 1299 2485 1434 2564; x_wconf 90' lang='lat' dir='ltr'>insuper</span> <span class='ocrx_word' id='word_1_176' title='bbox 1461 2484 1494 2545; x_wconf 92' lang='lat' dir='ltr'>in</span> <span class='ocrx_word' id='word_1_177' title='bbox 1524 2493 1662 2565; x_wconf 85' lang='lat' dir='ltr'>peccato</span> <span class='ocrx_word' id='word_1_178' title='bbox 1693 2485 1855 2566; x_wconf 84' lang='lat' dir='ltr'>gloriatur.</span> 
     </span>
     <span class='ocr_line' id='line_1_21' title="bbox 509 2585 1898 2670; baseline -0.001 -22"><span class='ocrx_word' id='word_1_179' title='bbox 509 2585 715 2666; x_wconf 73' lang='lat' dir='ltr'>Effaluuttu‘</span> <span class='ocrx_word' id='word_1_180' title='bbox 728 2597 759 2649; x_wconf 82' lang='lat' dir='ltr'>el</span> <span class='ocrx_word' id='word_1_181' title='bbox 774 2587 946 2668; x_wconf 84' lang='lat' dir='ltr'>loquentur</span> <span class='ocrx_word' id='word_1_182' title='bbox 960 2588 1201 2670; x_wconf 79' lang='lat' dir='ltr'>iue&#39;qur&#39;talem?</span> <span class='ocrx_word' id='word_1_183' title='bbox 1219 2589 1342 2652; x_wconf 89' lang='lat' dir='ltr'>Omnia</span> <span class='ocrx_word' id='word_1_184' title='bbox 1361 2598 1499 2670; x_wconf 88' lang='lat' dir='ltr'>peccata</span> <span class='ocrx_word' id='word_1_185' title='bbox 1522 2609 1676 2651; x_wconf 91' lang='lat' dir='ltr'>sermone</span> <span class='ocrx_word' id='word_1_186' title='bbox 1692 2589 1855 2651; x_wconf 90' lang='lat' dir='ltr'>velantur:</span> <span class='ocrx_word' id='word_1_187' title='bbox 1872 2602 1898 2636; x_wconf 84' lang='lat'>20</span> 
     </span>
     <span class='ocr_line' id='line_1_22' title="bbox 508 2693 1719 2775; baseline 0.001 -22"><span class='ocrx_word' id='word_1_188' title='bbox 508 2693 665 2773; x_wconf 89' lang='lat' dir='ltr'>superbia</span> <span class='ocrx_word' id='word_1_189' title='bbox 682 2704 794 2756; x_wconf 88' lang='lat' dir='ltr'>autem</span> <span class='ocrx_word' id='word_1_190' title='bbox 812 2697 923 2775; x_wconf 89' lang='lat' dir='ltr'>prodit</span> <span class='ocrx_word' id='word_1_191' title='bbox 941 2695 1164 2775; x_wconf 89' lang='lat' dir='ltr'>iniquitatem,</span> <span class='ocrx_word' id='word_1_192' title='bbox 1179 2696 1260 2756; x_wconf 91' lang='lat' dir='ltr'>dum</span> <span class='ocrx_word' id='word_1_193' title='bbox 1278 2695 1310 2754; x_wconf 92' lang='lat' dir='ltr'>in</span> <span class='ocrx_word' id='word_1_194' title='bbox 1330 2713 1390 2755; x_wconf 86' lang='lat' dir='ltr'>suo</span> <span class='ocrx_word' id='word_1_195' title='bbox 1408 2694 1530 2757; x_wconf 88' lang='lat' dir='ltr'>scelere</span> <span class='ocrx_word' id='word_1_196' title='bbox 1546 2694 1719 2774; x_wconf 88' lang='lat' dir='ltr'>gloriatur.</span> 
     </span>
    </p>

    <p class='ocr_par' dir='ltr' id='par_1_4' title="bbox 507 2797 1897 3398">
     <span class='ocr_line' id='line_1_23' title="bbox 554 2797 1855 2878; baseline -0.002 -20"><span class='ocrx_word' id='word_1_197' title='bbox 554 2797 714 2878; x_wconf 75' lang='lat' dir='ltr'>Populum</span> <span class='ocrx_word' id='word_1_198' title='bbox 734 2808 826 2860; x_wconf 79' lang='lat' dir='ltr'>laeum</span> <span class='ocrx_word' id='word_1_199' title='bbox 847 2798 984 2860; x_wconf 83' lang='lat' dir='ltr'>Domine</span> <span class='ocrx_word' id='word_1_200' title='bbox 999 2798 1269 2873; x_wconf 79' lang='lat' dir='ltr'>lterm&#39;liaveruut,</span> <span class='ocrx_word' id='word_1_201' title='bbox 1285 2797 1537 2861; x_wconf 67' lang='lat' dir='ltr'>alteralitatem</span> <span class='ocrx_word' id='word_1_202' title='bbox 1549 2808 1642 2860; x_wconf 87' lang='lat' dir='ltr'>luam</span> <span class='ocrx_word' id='word_1_203' title='bbox 1655 2807 1855 2860; x_wconf 76' lang='lat' dir='ltr'>vexaverunt.</span> 
     </span>
     <span class='ocr_line' id='line_1_24' title="bbox 509 2900 1855 2983; baseline -0.001 -21"><span class='ocrx_word' id='word_1_204' title='bbox 509 2901 600 2982; x_wconf 83' lang='lat' dir='ltr'>Qui?</span> <span class='ocrx_word' id='word_1_205' title='bbox 617 2904 760 2983; x_wconf 86' lang='lat' dir='ltr'>superbi.</span> <span class='ocrx_word' id='word_1_206' title='bbox 785 2902 928 2964; x_wconf 80' lang='lat' dir='ltr'>Viduam</span> <span class='ocrx_word' id='word_1_207' title='bbox 946 2913 974 2965; x_wconf 86' lang='lat' dir='ltr'>el</span> <span class='ocrx_word' id='word_1_208' title='bbox 988 2903 1150 2965; x_wconf 83' lang='lat' dir='ltr'>advenam</span> <span class='ocrx_word' id='word_1_209' title='bbox 1167 2903 1404 2981; x_wconf 85' lang='lat' dir='ltr'>iuterfecerunt.</span> <span class='ocrx_word' id='word_1_210' title='bbox 1425 2903 1576 2966; x_wconf 84' lang='lat' dir='ltr'>Historia</span> <span class='ocrx_word' id='word_1_211' title='bbox 1597 2900 1773 2964; x_wconf 81' lang='lat' dir='ltr'>manifesta</span> <span class='ocrx_word' id='word_1_212' title='bbox 1786 2911 1831 2961; x_wconf 90' lang='lat' dir='ltr'>est</span> <span class='ocrx_word' id='word_1_213' title='bbox 1848 2923 1855 2961; x_wconf 74' lang='grc' dir='ltr'><strong>ε</strong></span> 
     </span>
     <span class='ocr_line' id='line_1_25' title="bbox 508 3004 1855 3088; baseline -0.002 -21"><span class='ocrx_word' id='word_1_214' title='bbox 508 3009 535 3067; x_wconf 89' lang='lat' dir='ltr'>si</span> <span class='ocrx_word' id='word_1_215' title='bbox 555 3015 668 3068; x_wconf 89' lang='lat' dir='ltr'>autern</span> <span class='ocrx_word' id='word_1_216' title='bbox 695 3007 898 3069; x_wconf 87' lang='lat' dir='ltr'>voluerimus</span> <span class='ocrx_word' id='word_1_217' title='bbox 925 3007 1136 3088; x_wconf 84' lang='lat' dir='ltr'>interpretari</span> <span class='ocrx_word' id='word_1_218' title='bbox 1156 3007 1338 3070; x_wconf 90' lang='lat' dir='ltr'>secundum</span> <span class='ocrx_word' id='word_1_219' title='bbox 1357 3026 1545 3088; x_wconf 84' lang='lat' dir='ltr'>anagogen,</span> <span class='ocrx_word' id='word_1_220' title='bbox 1561 3005 1686 3068; x_wconf 88' lang='lat' dir='ltr'>cotidie</span> <span class='ocrx_word' id='word_1_221' title='bbox 1710 3004 1855 3068; x_wconf 87' lang='lat' dir='ltr'>diabolus</span> 
     </span>
     <span class='ocr_line' id='line_1_26' title="bbox 507 3109 1897 3190; baseline 0.001 -20"><span class='ocrx_word' id='word_1_222' title='bbox 507 3111 669 3190; x_wconf 91' lang='lat' dir='ltr'>superbus</span> <span class='ocrx_word' id='word_1_223' title='bbox 686 3131 762 3173; x_wconf 91' lang='lat' dir='ltr'>cum</span> <span class='ocrx_word' id='word_1_224' title='bbox 788 3111 990 3174; x_wconf 88' lang='lat' dir='ltr'>satellitibus</span> <span class='ocrx_word' id='word_1_225' title='bbox 1016 3111 1084 3173; x_wconf 90' lang='lat' dir='ltr'>suis</span> <span class='ocrx_word' id='word_1_226' title='bbox 1109 3113 1141 3173; x_wconf 94' lang='lat' dir='ltr'>in</span> <span class='ocrx_word' id='word_1_227' title='bbox 1170 3111 1310 3172; x_wconf 87' lang='lat' dir='ltr'>ecclesia</span> <span class='ocrx_word' id='word_1_228' title='bbox 1336 3112 1481 3174; x_wconf 89' lang='lat' dir='ltr'>humiles</span> <span class='ocrx_word' id='word_1_229' title='bbox 1505 3109 1667 3190; x_wconf 91' lang='lat' dir='ltr'>opprimit</span> <span class='ocrx_word' id='word_1_230' title='bbox 1693 3117 1726 3170; x_wconf 92' lang='lat' dir='ltr'>et</span> <span class='ocrx_word' id='word_1_231' title='bbox 1751 3119 1855 3172; x_wconf 89' lang='lat' dir='ltr'>vexat.</span> <span class='ocrx_word' id='word_1_232' title='bbox 1872 3119 1897 3171; x_wconf 79' lang='lat'>23</span> 
     </span>
     <span class='ocr_line' id='line_1_27' title="bbox 508 3213 1854 3296; baseline 0 -22"><span class='ocrx_word' id='word_1_233' title='bbox 508 3213 667 3291; x_wconf 85' lang='lat' dir='ltr'>Dr&#39;centes,</span> <span class='ocrx_word' id='word_1_234' title='bbox 683 3215 760 3278; x_wconf 86' lang='lat' dir='ltr'>Nan</span> <span class='ocrx_word' id='word_1_235' title='bbox 777 3215 899 3278; x_wconf 84' lang='lat' dir='ltr'>videbit</span> <span class='ocrx_word' id='word_1_236' title='bbox 914 3236 969 3278; x_wconf 88' lang='lat' dir='ltr'>nec</span> <span class='ocrx_word' id='word_1_237' title='bbox 984 3216 1147 3296; x_wconf 84' lang='lat' dir='ltr'>intelleget</span> <span class='ocrx_word' id='word_1_238' title='bbox 1162 3215 1253 3277; x_wconf 87' lang='lat' dir='ltr'>Deus</span> <span class='ocrx_word' id='word_1_239' title='bbox 1272 3216 1375 3280; x_wconf 83' lang='lat' dir='ltr'>Iacob.</span> <span class='ocrx_word' id='word_1_240' title='bbox 1395 3215 1595 3278; x_wconf 88' lang='lat' dir='ltr'>Patientiam</span> <span class='ocrx_word' id='word_1_241' title='bbox 1614 3213 1752 3276; x_wconf 90' lang='lat' dir='ltr'>Domini</span> <span class='ocrx_word' id='word_1_242' title='bbox 1769 3215 1854 3294; x_wconf 89' lang='lat' dir='ltr'>iguo·</span> 
     </span>
     <span class='ocr_line' id='line_1_28' title="bbox 509 3319 882 3398; baseline 0.005 -19"><span class='ocrx_word' id='word_1_243' title='bbox 509 3319 652 3380; x_wconf 91' lang='lat' dir='ltr'>rantiam</span> <span class='ocrx_word' id='word_1_244' title='bbox 672 3327 882 3398; x_wconf 86' lang='lat' dir='ltr'>putaverunt.</span> 
     </span>
    </p>
   </div>
   <div class='ocr_carea' id='block_1_3' title="bbox 502 3503 1856 3655">
    <p class='ocr_par' dir='ltr' id='par_1_5' title="bbox 502 3503 1856 3655">
     <span class='ocr_line' id='line_1_29' title="bbox 544 3503 1856 3575; baseline -0.001 -22"><span class='ocrx_word' id='word_1_245' title='bbox 544 3505 834 3570; x_wconf 78' lang='lat' dir='ltr'>tlnfhrtndine]·iueae</span> <span class='ocrx_word' id='word_1_246' title='bbox 848 3507 876 3554; x_wconf 86' lang='lat' dir='ltr'>L.</span> <span class='ocrx_word' id='word_1_247' title='bbox 954 3505 1166 3571; x_wconf 71' lang='lat' dir='ltr'>saca&#39;rrudjaca&#39;em</span> <span class='ocrx_word' id='word_1_248' title='bbox 1181 3508 1209 3556; x_wconf 95' lang='lat' dir='ltr'>L.</span> <span class='ocrx_word' id='word_1_249' title='bbox 1288 3508 1367 3571; x_wconf 83' lang='lat' dir='ltr'>fines]</span> <span class='ocrx_word' id='word_1_250' title='bbox 1380 3509 1452 3556; x_wconf 88' lang='lat' dir='ltr'>LXX</span> <span class='ocrx_word' id='word_1_251' title='bbox 1465 3503 1524 3575; x_wconf 73' lang='grc' dir='ltr'>ὅρια</span> <span class='ocrx_word' id='word_1_252' title='bbox 1537 3525 1544 3564; x_wconf 82' lang='grc'><strong>;</strong></span> <span class='ocrx_word' id='word_1_253' title='bbox 1547 3507 1630 3572; x_wconf 83' lang='lat' dir='ltr'>finem</span> <span class='ocrx_word' id='word_1_254' title='bbox 1643 3508 1701 3556; x_wconf 88' lang='lat' dir='ltr'>cod.</span> <span class='ocrx_word' id='word_1_255' title='bbox 1786 3508 1856 3553; x_wconf 83' lang='lat' dir='ltr'>alea·</span> 
     </span>
     <span class='ocr_line' id='line_1_30' title="bbox 502 3589 1855 3655; baseline -0.001 -19"><span class='ocrx_word' id='word_1_256' title='bbox 502 3603 565 3651; x_wconf 78' lang='lat' dir='ltr'>gum</span> <span class='ocrx_word' id='word_1_257' title='bbox 584 3597 618 3637; x_wconf 89' lang='lat' dir='ltr'>est</span> <span class='ocrx_word' id='word_1_258' title='bbox 635 3590 793 3649; x_wconf 81' lang='lat' dir='ltr'>erenrnerare]</span> <span class='ocrx_word' id='word_1_259' title='bbox 805 3589 938 3638; x_wconf 84' lang='lat' dir='ltr'>emendavi</span> <span class='ocrx_word' id='word_1_260' title='bbox 950 3605 979 3636; x_wconf 87' lang='lat' dir='ltr'>ex</span> <span class='ocrx_word' id='word_1_261' title='bbox 992 3589 1061 3651; x_wconf 78' lang='lat' dir='ltr'>longe</span> <span class='ocrx_word' id='word_1_262' title='bbox 1072 3597 1106 3637; x_wconf 83' lang='lat' dir='ltr'>est</span> <span class='ocrx_word' id='word_1_263' title='bbox 1116 3592 1272 3650; x_wconf 80' lang='lat' dir='ltr'>enreruerari,</span> <span class='ocrx_word' id='word_1_264' title='bbox 1283 3591 1350 3655; x_wconf 91' lang='lat' dir='ltr'>quod</span> <span class='ocrx_word' id='word_1_265' title='bbox 1364 3592 1484 3641; x_wconf 88' lang='lat' dir='ltr'>incodice</span> <span class='ocrx_word' id='word_1_266' title='bbox 1493 3591 1593 3655; x_wconf 87' lang='lat' dir='ltr'>legitur.</span> <span class='ocrx_word' id='word_1_267' title='bbox 1696 3602 1710 3652; x_wconf 83' lang='lat'>3</span> <span class='ocrx_word' id='word_1_268' title='bbox 1723 3589 1855 3637; x_wconf 74' lang='lat' dir='ltr'>Miseriar-</span> 
     </span>
    </p>
   </div>
   <div class='ocr_carea' id='block_1_4' title="bbox 505 3669 1856 4154">
    <p class='ocr_par' dir='ltr' id='par_1_6' title="bbox 505 3669 1856 4154">
     <span class='ocr_line' id='line_1_31' title="bbox 506 3669 1856 3745; baseline 0.001 -19"><span class='ocrx_word' id='word_1_269' title='bbox 506 3679 587 3739; x_wconf 86' lang='lat' dir='ltr'>rliam]</span> <span class='ocrx_word' id='word_1_270' title='bbox 600 3669 667 3728; x_wconf 58' lang='lat' dir='ltr'>meae</span> <span class='ocrx_word' id='word_1_271' title='bbox 679 3679 707 3727; x_wconf 94' lang='lat' dir='ltr'>L.</span> <span class='ocrx_word' id='word_1_272' title='bbox 787 3678 913 3738; x_wconf 86' lang='lat' dir='ltr'>6deiecta]</span> <span class='ocrx_word' id='word_1_273' title='bbox 926 3687 1016 3741; x_wconf 82' lang='lat' dir='ltr'>negecta</span> <span class='ocrx_word' id='word_1_274' title='bbox 1029 3679 1058 3727; x_wconf 91' lang='lat' dir='ltr'>L.</span> <span class='ocrx_word' id='word_1_275' title='bbox 1149 3681 1269 3743; x_wconf 76' lang='lat' dir='ltr'>llgloriae</span> <span class='ocrx_word' id='word_1_276' title='bbox 1281 3682 1417 3745; x_wconf 73' lang='lat' dir='ltr'>appetitus]</span> <span class='ocrx_word' id='word_1_277' title='bbox 1426 3681 1510 3744; x_wconf 74' lang='lat' dir='ltr'>gloria</span> <span class='ocrx_word' id='word_1_278' title='bbox 1522 3683 1616 3744; x_wconf 75' lang='lat' dir='ltr'>appetit</span> <span class='ocrx_word' id='word_1_279' title='bbox 1627 3681 1684 3729; x_wconf 88' lang='lat' dir='ltr'>cod.</span> <span class='ocrx_word' id='word_1_280' title='bbox 1772 3675 1856 3742; x_wconf 77' lang='lat' dir='ltr'>13drrd</span> 
     </span>
     <span class='ocr_line' id='line_1_32' title="bbox 506 3759 1855 3827; baseline 0 -17"><span class='ocrx_word' id='word_1_281' title='bbox 506 3759 682 3822; x_wconf 66' lang='lat' dir='ltr'>Euvdu1=dal</span> <span class='ocrx_word' id='word_1_282' title='bbox 692 3763 793 3818; x_wconf 52' lang='lat' dir='ltr'>norsum</span> <span class='ocrx_word' id='word_1_283' title='bbox 801 3761 925 3824; x_wconf 77' lang='lat' dir='ltr'>upoxr&#39;uln</span> <span class='ocrx_word' id='word_1_284' title='bbox 934 3761 961 3809; x_wconf 89' lang='lat' dir='ltr'>L.</span> <span class='ocrx_word' id='word_1_285' title='bbox 967 3761 1005 3810; x_wconf 86' lang='lat' dir='ltr'>Ci.</span> <span class='ocrx_word' id='word_1_286' title='bbox 1014 3763 1090 3811; x_wconf 85' lang='lat' dir='ltr'>verba</span> <span class='ocrx_word' id='word_1_287' title='bbox 1100 3765 1123 3810; x_wconf 86' lang='lat' dir='ltr'>‘a</span> <span class='ocrx_word' id='word_1_288' title='bbox 1134 3763 1343 3827; x_wconf 86' lang='lat' dir='ltr'>paribus&#39;quibus</span> <span class='ocrx_word' id='word_1_289' title='bbox 1351 3763 1520 3812; x_wconf 85' lang='lat' dir='ltr'>inscribuntur</span> <span class='ocrx_word' id='word_1_290' title='bbox 1529 3765 1703 3812; x_wconf 82' lang='lat' dir='ltr'>Romanorum</span> <span class='ocrx_word' id='word_1_291' title='bbox 1714 3763 1855 3812; x_wconf 87' lang='lat' dir='ltr'>Pontificum</span> 
     </span>
     <span class='ocr_line' id='line_1_33' title="bbox 507 3844 1855 3910; baseline -0.001 -17"><span class='ocrx_word' id='word_1_292' title='bbox 507 3864 529 3896; x_wconf 87' lang='lat' dir='ltr'>v.</span> <span class='ocrx_word' id='word_1_293' title='bbox 545 3863 583 3910; x_wconf 88' lang='lat' dir='ltr'>gr.</span> <span class='ocrx_word' id='word_1_294' title='bbox 596 3844 713 3909; x_wconf 82' lang='lat' dir='ltr'>Gregorii</span> <span class='ocrx_word' id='word_1_295' title='bbox 727 3845 814 3906; x_wconf 84' lang='lat' dir='ltr'>Magni</span> <span class='ocrx_word' id='word_1_296' title='bbox 827 3844 951 3906; x_wconf 86' lang='lat' dir='ltr'>epistulae</span> <span class='ocrx_word' id='word_1_297' title='bbox 963 3861 1013 3893; x_wconf 90' lang='lat' dir='ltr'>non</span> <span class='ocrx_word' id='word_1_298' title='bbox 1026 3844 1069 3892; x_wconf 90' lang='lat' dir='ltr'>uni</span> <span class='ocrx_word' id='word_1_299' title='bbox 1082 3845 1125 3894; x_wconf 89' lang='lat' dir='ltr'>sed</span> <span class='ocrx_word' id='word_1_300' title='bbox 1139 3846 1251 3907; x_wconf 88' lang='lat' dir='ltr'>pluribus</span> <span class='ocrx_word' id='word_1_301' title='bbox 1264 3847 1367 3895; x_wconf 87' lang='lat' dir='ltr'>eaedem</span> <span class='ocrx_word' id='word_1_302' title='bbox 1377 3845 1522 3909; x_wconf 83' lang='lat' dir='ltr'>singulatim</span> <span class='ocrx_word' id='word_1_303' title='bbox 1532 3847 1628 3896; x_wconf 84' lang='lat' dir='ltr'>missae.</span> <span class='ocrx_word' id='word_1_304' title='bbox 1731 3853 1855 3908; x_wconf 66' lang='grc' dir='ltr'>κωμω-</span> 
     </span>
     <span class='ocr_line' id='line_1_34' title="bbox 506 3925 1853 3997; baseline -0.002 -20"><span class='ocrx_word' id='word_1_305' title='bbox 506 3929 601 3987; x_wconf 74' lang='lat' dir='ltr'>caretur]</span> <span class='ocrx_word' id='word_1_306' title='bbox 613 3929 702 3984; x_wconf 83' lang='lat' dir='ltr'>codex,</span> <span class='ocrx_word' id='word_1_307' title='bbox 714 3937 740 3974; x_wconf 86' lang='lat' dir='ltr'>ut</span> <span class='ocrx_word' id='word_1_308' title='bbox 751 3943 816 3985; x_wconf 91' lang='lat' dir='ltr'>reor,</span> <span class='ocrx_word' id='word_1_309' title='bbox 829 3943 874 3989; x_wconf 88' lang='lat' dir='ltr'>pro</span> <span class='ocrx_word' id='word_1_310' title='bbox 887 3935 916 3974; x_wconf 87' lang='lat' dir='ltr'>at</span> <span class='ocrx_word' id='word_1_311' title='bbox 927 3929 1037 3990; x_wconf 69' lang='lat' dir='ltr'>tegantur</span> <span class='ocrx_word' id='word_1_312' title='bbox 1049 3946 1055 3986; x_wconf 87' lang='lat'><strong>;</strong></span> <span class='ocrx_word' id='word_1_313' title='bbox 1068 3930 1172 3977; x_wconf 87' lang='lat' dir='ltr'>verbum</span> <span class='ocrx_word' id='word_1_314' title='bbox 1184 3930 1251 3978; x_wconf 90' lang='lat' dir='ltr'>enim</span> <span class='ocrx_word' id='word_1_315' title='bbox 1263 3946 1379 3993; x_wconf 87' lang='lat' dir='ltr'>graecum</span> <span class='ocrx_word' id='word_1_316' title='bbox 1393 3925 1532 3997; x_wconf 51' lang='lat' dir='ltr'>wilmaro</span> <span class='ocrx_word' id='word_1_317' title='bbox 1545 3931 1577 3979; x_wconf 86' lang='lat' dir='ltr'>ad</span> <span class='ocrx_word' id='word_1_318' title='bbox 1590 3937 1722 3995; x_wconf 78' lang='lat' dir='ltr'>tritamque</span> <span class='ocrx_word' id='word_1_319' title='bbox 1733 3930 1853 3979; x_wconf 87' lang='lat' dir='ltr'>notionem</span> 
     </span>
     <span class='ocr_line' id='line_1_35' title="bbox 505 4007 1849 4073; baseline -0.001 -15"><span class='ocrx_word' id='word_1_320' title='bbox 505 4009 687 4058; x_wconf 87' lang='lat' dir='ltr'>enuntiandam</span> <span class='ocrx_word' id='word_1_321' title='bbox 701 4007 793 4070; x_wconf 84' lang='lat' dir='ltr'>passim</span> <span class='ocrx_word' id='word_1_322' title='bbox 807 4020 949 4072; x_wconf 87' lang='lat' dir='ltr'>usurpatur,</span> <span class='ocrx_word' id='word_1_323' title='bbox 964 4017 988 4058; x_wconf 89' lang='lat' dir='ltr'>et</span> <span class='ocrx_word' id='word_1_324' title='bbox 1001 4013 1078 4072; x_wconf 76' lang='lat' dir='ltr'>legere</span> <span class='ocrx_word' id='word_1_325' title='bbox 1090 4010 1196 4070; x_wconf 86' lang='lat' dir='ltr'>scilicet,</span> <span class='ocrx_word' id='word_1_326' title='bbox 1210 4021 1233 4060; x_wconf 87' lang='lat' dir='ltr'>et</span> <span class='ocrx_word' id='word_1_327' title='bbox 1246 4028 1390 4073; x_wconf 68' lang='lat' dir='ltr'>cognoscere.</span> <span class='ocrx_word' id='word_1_328' title='bbox 1503 4011 1532 4059; x_wconf 89' lang='lat'>16</span> <span class='ocrx_word' id='word_1_329' title='bbox 1543 4013 1699 4072; x_wconf 68' lang='lat' dir='ltr'>adimiretur]</span> <span class='ocrx_word' id='word_1_330' title='bbox 1711 4013 1810 4060; x_wconf 81' lang='lat' dir='ltr'>anrnrr&#39;r.</span> <span class='ocrx_word' id='word_1_331' title='bbox 1826 4011 1849 4056; x_wconf 79' lang='lat' dir='ltr'>l..</span> 
     </span>
     <span class='ocr_line' id='line_1_36' title="bbox 508 4089 1373 4154; baseline 0 -12"><span class='ocrx_word' id='word_1_332' title='bbox 508 4093 539 4141; x_wconf 87' lang='lat'>26</span> <span class='ocrx_word' id='word_1_333' title='bbox 552 4089 685 4154; x_wconf 78' lang='lat' dir='ltr'>intelleget]</span> <span class='ocrx_word' id='word_1_334' title='bbox 697 4091 753 4139; x_wconf 91' lang='lat' dir='ltr'>cod.</span> <span class='ocrx_word' id='word_1_335' title='bbox 769 4091 899 4152; x_wconf 80' lang='lat' dir='ltr'>intellegit,</span> <span class='ocrx_word' id='word_1_336' title='bbox 1004 4093 1170 4153; x_wconf 75' lang='lat' dir='ltr'>Patientiam]</span> <span class='ocrx_word' id='word_1_337' title='bbox 1185 4094 1315 4142; x_wconf 75' lang='lat' dir='ltr'>Patientia</span> <span class='ocrx_word' id='word_1_338' title='bbox 1327 4111 1373 4142; x_wconf 84' lang='lat' dir='ltr'>ms.</span> 
     </span>
    </p>
   </div>
   <div class='ocr_carea' id='block_1_5' title="bbox 502 4235 1852 4726">
    <p class='ocr_par' dir='ltr' id='par_1_7' title="bbox 502 4235 1852 4726">
     <span class='ocr_line' id='line_1_37' title="bbox 550 4235 1852 4318; baseline -0.002 -18"><span class='ocrx_word' id='word_1_339' title='bbox 550 4235 739 4318; x_wconf 67' lang='lat' dir='ltr'>agentium]</span> <span class='ocrx_word' id='word_1_340' title='bbox 767 4240 804 4297; x_wconf 91' lang='lat' dir='ltr'>Is.</span> <span class='ocrx_word' id='word_1_341' title='bbox 826 4259 870 4308; x_wconf 90' lang='lat'>10,</span> <span class='ocrx_word' id='word_1_342' title='bbox 891 4258 933 4314; x_wconf 81' lang='lat'>¹3·</span> <span class='ocrx_word' id='word_1_343' title='bbox 963 4241 1007 4298; x_wconf 87' lang='lat' dir='ltr'>Cf.</span> <span class='ocrx_word' id='word_1_344' title='bbox 1030 4239 1154 4298; x_wconf 91' lang='lat' dir='ltr'>Hieron.</span> <span class='ocrx_word' id='word_1_345' title='bbox 1209 4239 1329 4299; x_wconf 89' lang='lat' dir='ltr'>corruit.</span> <span class='ocrx_word' id='word_1_346' title='bbox 1353 4241 1473 4298; x_wconf 87' lang='lat' dir='ltr'>Dixerat</span> <span class='ocrx_word' id='word_1_347' title='bbox 1495 4241 1597 4300; x_wconf 90' lang='lat' dir='ltr'>enim:</span> <span class='ocrx_word' id='word_1_348' title='bbox 1620 4239 1852 4314; x_wconf 84' lang='lat' dir='ltr'>Fortitudinesa·</span> 
     </span>
     <span class='ocr_line' id='line_1_38' title="bbox 505 4322 1851 4398; baseline -0.005 -14"><span class='ocrx_word' id='word_1_349' title='bbox 505 4325 534 4384; x_wconf 93' lang='lat' dir='ltr'>in</span> <span class='ocrx_word' id='word_1_350' title='bbox 552 4325 658 4382; x_wconf 84' lang='lat' dir='ltr'>Ezech.</span> <span class='ocrx_word' id='word_1_351' title='bbox 687 4339 729 4398; x_wconf 85' lang='lat'>15,</span> <span class='ocrx_word' id='word_1_352' title='bbox 747 4323 784 4392; x_wconf 83' lang='lat'>48</span> <span class='ocrx_word' id='word_1_353' title='bbox 811 4341 855 4395; x_wconf 88' lang='lat' dir='ltr'>sq.</span> <span class='ocrx_word' id='word_1_354' title='bbox 882 4322 1029 4378; x_wconf 87' lang='lat' dir='ltr'>‘Primam</span> <span class='ocrx_word' id='word_1_355' title='bbox 1055 4339 1156 4395; x_wconf 89' lang='lat' dir='ltr'>super·</span> <span class='ocrx_word' id='word_1_356' title='bbox 1206 4325 1288 4395; x_wconf 74' lang='lat' dir='ltr'>crarta,</span> <span class='ocrx_word' id='word_1_357' title='bbox 1304 4331 1332 4380; x_wconf 88' lang='lat' dir='ltr'>et</span> <span class='ocrx_word' id='word_1_358' title='bbox 1344 4325 1489 4398; x_wconf 74' lang='lat' dir='ltr'>sapientia</span> <span class='ocrx_word' id='word_1_359' title='bbox 1504 4323 1711 4398; x_wconf 73' lang='lat' dir='ltr'>intelligentiae</span> <span class='ocrx_word' id='word_1_360' title='bbox 1724 4323 1851 4398; x_wconf 82' lang='lat' dir='ltr'>auferam</span> 
     </span>
     <span class='ocr_line' id='line_1_39' title="bbox 505 4402 1851 4481; baseline -0.005 -15"><span class='ocrx_word' id='word_1_361' title='bbox 505 4408 584 4466; x_wconf 92' lang='lat' dir='ltr'>biam</span> <span class='ocrx_word' id='word_1_362' title='bbox 602 4403 708 4481; x_wconf 88' lang='lat' dir='ltr'>posuit,</span> <span class='ocrx_word' id='word_1_363' title='bbox 726 4403 877 4478; x_wconf 82' lang='lat' dir='ltr'>proprium</span> <span class='ocrx_word' id='word_1_364' title='bbox 890 4402 1002 4460; x_wconf 88' lang='lat' dir='ltr'>diaboli</span> <span class='ocrx_word' id='word_1_365' title='bbox 1016 4403 1155 4478; x_wconf 86' lang='lat' dir='ltr'>primunr·</span> <span class='ocrx_word' id='word_1_366' title='bbox 1206 4405 1343 4462; x_wconf 86' lang='lat' dir='ltr'>terminos</span> <span class='ocrx_word' id='word_1_367' title='bbox 1361 4406 1529 4479; x_wconf 84' lang='lat' dir='ltr'>gentium...</span> <span class='ocrx_word' id='word_1_368' title='bbox 1546 4406 1602 4464; x_wconf 90' lang='lat' dir='ltr'>Et:</span> <span class='ocrx_word' id='word_1_369' title='bbox 1625 4407 1763 4480; x_wconf 74' lang='lat' dir='ltr'>Superlis</span> <span class='ocrx_word' id='word_1_370' title='bbox 1774 4406 1851 4462; x_wconf 84' lang='lat' dir='ltr'>Dens</span> 
     </span>
     <span class='ocr_line' id='line_1_40' title="bbox 503 4484 1848 4565; baseline -0.004 -19"><span class='ocrx_word' id='word_1_371' title='bbox 503 4507 563 4565; x_wconf 91' lang='lat' dir='ltr'>que</span> <span class='ocrx_word' id='word_1_372' title='bbox 579 4501 745 4562; x_wconf 85' lang='lat' dir='ltr'>peccatum.</span> <span class='ocrx_word' id='word_1_373' title='bbox 764 4485 856 4543; x_wconf 90' lang='lat' dir='ltr'>Unde</span> <span class='ocrx_word' id='word_1_374' title='bbox 873 4484 952 4543; x_wconf 90' lang='lat' dir='ltr'>idern</span> <span class='ocrx_word' id='word_1_375' title='bbox 975 4489 1153 4559; x_wconf 83' lang='lat' dir='ltr'>apostolus:</span> <span class='ocrx_word' id='word_1_376' title='bbox 1206 4488 1320 4555; x_wconf 67' lang='lat' dir='ltr'>renitet,</span> <span class='ocrx_word' id='word_1_377' title='bbox 1337 4487 1497 4544; x_wconf 74' lang='lat' dir='ltr'>lueru&#39;libur</span> <span class='ocrx_word' id='word_1_378' title='bbox 1511 4496 1607 4544; x_wconf 81' lang='lat' dir='ltr'>antem</span> <span class='ocrx_word' id='word_1_379' title='bbox 1629 4490 1682 4546; x_wconf 87' lang='lat' dir='ltr'>dat</span> <span class='ocrx_word' id='word_1_380' title='bbox 1699 4486 1848 4563; x_wconf 79' lang='lat' dir='ltr'>gratiam&#39;.</span> 
     </span>
     <span class='ocr_line' id='line_1_41' title="bbox 505 4565 1848 4650; baseline -0.003 -23"><span class='ocrx_word' id='word_1_381' title='bbox 505 4571 552 4628; x_wconf 89' lang='lat' dir='ltr'>Ne</span> <span class='ocrx_word' id='word_1_382' title='bbox 574 4569 704 4645; x_wconf 84' lang='lat' dir='ltr'>inflatus,</span> <span class='ocrx_word' id='word_1_383' title='bbox 730 4565 779 4637; x_wconf 87' lang='lat' dir='ltr'>alt,</span> <span class='ocrx_word' id='word_1_384' title='bbox 803 4565 937 4642; x_wconf 78' lang='lat' dir='ltr'>superbia</span> <span class='ocrx_word' id='word_1_385' title='bbox 959 4567 991 4624; x_wconf 86' lang='lat' dir='ltr'>t&#39;u</span> <span class='ocrx_word' id='word_1_386' title='bbox 1013 4569 1151 4625; x_wconf 74' lang='lat' dir='ltr'>ralra‘um</span> <span class='ocrx_word' id='word_1_387' title='bbox 1246 4585 1271 4644; x_wconf 85' lang='lat'>5.</span> <span class='ocrx_word' id='word_1_388' title='bbox 1283 4569 1411 4626; x_wconf 83' lang='lat' dir='ltr'>Adulter</span> <span class='ocrx_word' id='word_1_389' title='bbox 1421 4577 1476 4626; x_wconf 87' lang='lat' dir='ltr'>aut</span> <span class='ocrx_word' id='word_1_390' title='bbox 1484 4567 1653 4642; x_wconf 78' lang='lat' dir='ltr'>fornicator</span> <span class='ocrx_word' id='word_1_391' title='bbox 1666 4568 1729 4650; x_wconf 87' lang='lat' dir='ltr'>etc]</span> <span class='ocrx_word' id='word_1_392' title='bbox 1740 4569 1848 4628; x_wconf 80' lang='lat' dir='ltr'>Eadem</span> 
     </span>
     <span class='ocr_line' id='line_1_42' title="bbox 502 4649 1829 4726; baseline -0.004 -15"><span class='ocrx_word' id='word_1_393' title='bbox 502 4650 614 4711; x_wconf 77' lang='lat' dir='ltr'>incidat</span> <span class='ocrx_word' id='word_1_394' title='bbox 625 4649 742 4720; x_wconf 81' lang='lat' dir='ltr'>diaboli,</span> <span class='ocrx_word' id='word_1_395' title='bbox 758 4661 877 4724; x_wconf 88' lang='lat' dir='ltr'>propter</span> <span class='ocrx_word' id='word_1_396' title='bbox 892 4665 982 4722; x_wconf 90' lang='lat' dir='ltr'>quam</span> <span class='ocrx_word' id='word_1_397' title='bbox 1005 4649 1044 4707; x_wconf 91' lang='lat' dir='ltr'>de</span> <span class='ocrx_word' id='word_1_398' title='bbox 1066 4651 1151 4710; x_wconf 90' lang='lat' dir='ltr'>caelo</span> <span class='ocrx_word' id='word_1_399' title='bbox 1204 4650 1263 4708; x_wconf 85' lang='lat' dir='ltr'>fere</span> <span class='ocrx_word' id='word_1_400' title='bbox 1279 4650 1427 4709; x_wconf 89' lang='lat' dir='ltr'>habentur</span> <span class='ocrx_word' id='word_1_401' title='bbox 1441 4669 1530 4726; x_wconf 90' lang='lat' dir='ltr'>supra</span> <span class='ocrx_word' id='word_1_402' title='bbox 1545 4652 1610 4709; x_wconf 74' lang='lat'>111²</span> <span class='ocrx_word' id='word_1_403' title='bbox 1626 4671 1694 4726; x_wconf 72' lang='lat'>399,</span> <span class='ocrx_word' id='word_1_404' title='bbox 1718 4669 1751 4708; x_wconf 89' lang='lat'>11</span> <span class='ocrx_word' id='word_1_405' title='bbox 1768 4667 1829 4723; x_wconf 86' lang='lat' dir='ltr'>sqq.</span> 
     </span>
    </p>
   </div>
   <div class='ocr_carea' id='block_1_6' title="bbox 0 0 2034 5495">
    <p class='ocr_par' dir='ltr' id='par_1_8' title="bbox 0 0 2034 5495">
     <span class='ocr_line' id='line_1_43' title="bbox 0 0 2034 5495; baseline 0 0"><span class='ocrx_word' id='word_1_406' title='bbox 0 0 2034 5495; x_wconf 95' lang='lat' dir='ltr'> </span> 
     </span>
    </p>
   </div>
  </div>
 </body>
</html>
