4062 5504
713 433 758 491 tn
782 432 942 492 asama
964 433 1019 504 vr,
1046 451 1101 506 1-7.
1507 446 1584 527 119

218 631 314 692 omni
342 630 430 694 mala
458 650 501 708 re,
517 639 551 694 et
577 629 687 693 adhuc
712 630 836 694 retinet
863 631 1125 696 innocentiam'
1154 634 1372 714 Respondeat
1389 654 1469 716 ergo
1485 633 1581 698 nobis

220 733 399 814 Origenes,
414 735 442 796 si
459 733 587 797 audivit
606 732 791 796 Dominum
810 735 1015 817 loquentem,
1027 737 1113 800 sicut
1125 738 1167 800 de
1184 737 1334 800 Iohanne
1345 749 1379 800 et
1396 739 1466 814 lob,
1479 740 1580 802 etiam

220 837 263 900 de
281 839 457 920 Seraphin,
473 838 564 920 quod
583 837 665 900 nihil
682 838 750 900 illis
765 839 914 902 sanctius
940 839 993 905 sit.
1010 839 1045 904 Si
1071 853 1185 905 autem
1214 863 1282 905 non
1308 842 1446 918 audivit,
1462 851 1583 920 taceat,

219 955 255 1003 et
272 942 347 1004 Deo
362 941 569 1004 diiudicandi
586 952 754 1004 creaturas
770 961 848 1004 suas
875 943 1050 1006 scientiam
1078 944 1297 1026 derelinquat.
1320 947 1464 1010 Dicente
1491 949 1580 1012 enim

185 1061 200 1112 5
223 1045 333 1108 David
350 1047 393 1108 de
410 1046 485 1108 Deo
499 1045 687 1108 ‘Ascendit
704 1065 804 1126 super
820 1045 989 1110 Cherubin
1004 1057 1038 1110 et
1051 1047 1176 1110 volavit
1187 1047 1239 1111 'et
1251 1060 1388 1113 sanctus
1403 1051 1525 1112 Paulus
1538 1051 1580 1113 ad

224 1149 399 1213 Hebraeos
426 1149 474 1212 ait
500 1149 543 1212 de
570 1149 789 1212 tabernaculo
816 1149 849 1212 in
866 1149 933 1232 ty[
934 1199 993 1214 .....
995 1149 1007 1233 ]
1033 1152 1158 1215 iactum
1182 1163 1254 1216 erat
1269 1159 1276 1185 ⁴
1291 1153 1336 1217 Et
1352 1174 1452 1235 super
1467 1174 1579 1217 arcam

221 1253 390 1318 Cherubin
405 1253 532 1334 gloriae
542 1251 779 1314 obumbrantia
791 1253 1059 1334 propitiatorium
1072 1253 1080 1280 '
1094 1277 1101 1332 ;
1115 1256 1338 1337 periculosum
1351 1266 1401 1319 est
1415 1254 1580 1336 Seraphin

220 1360 391 1422 sanctiora
418 1359 527 1422 dicere
552 1375 654 1437 quam
679 1355 860 1432 Cherubin,
876 1367 909 1419 et
927 1356 1064 1420 modum
1083 1357 1250 1422 humanae
1266 1359 1466 1422 humilitatis
1482 1379 1580 1422 exce·

220 1459 308 1525 dere.
326 1462 494 1525 Dominus
510 1461 781 1546 aleieremiam
798 1461 969 1544 loquitur:
987 1469 993 1496 ‘
1008 1462 1227 1527 Probatorem
1244 1464 1323 1528 dedi
1340 1475 1374 1529 te
1390 1466 1422 1527 in
1437 1465 1581 1547 populis,

166 1589 201 1625 ro
220 1575 258 1627 ut
274 1567 395 1646 probes
412 1587 469 1629 eos
482 1567 510 1643 ’ς
526 1575 560 1628 et
577 1565 753 1646 Origenes,
768 1566 864 1648 quasi
880 1567 1041 1647 probator
1055 1567 1250 1631 caelestium
1272 1581 1306 1632 et
1332 1589 1440 1632 rernm
1466 1569 1579 1633 invisi-

221 1773 349 1838 nabiles
366 1784 535 1838 creaturas
550 1775 701 1837 sanctius
716 1775 770 1838 sit.

266 1878 354 1940 Etsi
370 1877 434 1940 huc
451 1897 556 1958 usque
573 1869 745 1940 temeritas
762 1877 987 1958 processisset,
1004 1877 1165 1942 ferremus
1181 1889 1362 1962 utcumque
1378 1882 1448 1942 eius
1465 1900 1578 1943 amen-

220 1983 303 2045 tiam
318 2004 326 2060 ;
344 2002 431 2044 nunc
447 1991 560 2045 autem
579 1981 706 2042 maiora
723 1980 945 2062 blasphemat,
956 1991 991 2045 et
1003 1983 1148 2064 inpietas
1160 1983 1231 2046 eius
1243 1986 1286 2048 ad
1301 1986 1411 2068 ipsum
1425 1987 1579 2068 pervenit

166 2109 199 2159 ¹5
222 2085 343 2150 Deum.
362 2086 484 2148 Filium
510 2085 601 2149 enim
629 2096 662 2149 et
688 2084 851 2166 Spiritum
870 2085 1044 2161 Sanctum,
1061 2088 1155 2170 quasi
1172 2089 1309 2168 quidam
1327 2089 1421 2153 fictor
1439 2090 1528 2168 idoli,
1545 2099 1579 2153 et

220 2211 383 2254 novorum
408 2189 662 2253 simulacrorum
690 2191 853 2265 conditor,
879 2191 1028 2272 appellat
1053 2193 1121 2254 duo
1148 2191 1336 2276 Seraphin;
1366 2205 1399 2258 et
1427 2196 1459 2257 in
1488 2195 1577 2257 hunc

220 2296 385 2377 sacrilegii
411 2296 557 2376 erumpit
586 2294 750 2358 vomitum
781 2300 818 2358 ‘a
843 2296 1019 2378 principali
1044 2295 1173 2360 Sancto
1198 2296 1363 2380 Seraphin
1389 2299 1578 2364 sanctitatis

219 2399 372 2479 accipere
396 2398 614 2474 consortium,
650 2407 683 2460 et
715 2399 801 2460 alter
833 2399 955 2462 clamat
983 2398 1032 2462 ad
1056 2399 1221 2465 alienam:
1261 2401 1405 2465 Sanctus
1435 2400 1579 2465 Sanctus

220 2501 393 2566 Sanctus'.
411 2501 458 2564 Et
474 2503 595 2565 iterum
611 2524 618 2563 :
634 2500 752 2582 ‘Quae
768 2510 855 2578 sunt,
871 2503 990 2584 inquit,
1005 2503 1071 2566 ista
1088 2503 1281 2588 Seraphin?
1299 2506 1467 2568 Domious
1485 2525 1577 2568 meus

160 2630 199 2666 20
218 2618 253 2670 et
281 2605 426 2688 Spiritus
455 2603 629 2669 Sanctus.'
657 2605 759 2688 Quod
788 2605 953 2688 Seraphin
978 2627 998 2670 a
1026 2607 1109 2687 Deo,
1126 2609 1182 2690 qui
1211 2611 1402 2674 sanctitatis
1425 2611 1575 2672 omnium

217 2719 320 2792 caput
336 2720 397 2786 est,
412 2708 604 2790 acceperint
621 2709 851 2788 sanctitatem,
867 2719 900 2773 et
915 2709 1062 2773 clament
1087 2713 1172 2774 alter
1187 2712 1230 2773 ad
1254 2711 1409 2786 alterum,
1432 2710 1578 2774 Sanctus

248 2922 265 2972 6
287 2921 456 2982 tabernaculo]
478 2927 577 2972 iavern.
603 2922 632 2972 C.
733 2921 830 2982 arcam]
850 2921 953 2970 archam
976 2922 1006 2972 C.
1106 2921 1121 2972 8
1142 2929 1168 2971 ei
1189 2924 1301 2985 rrrodrem]
1327 2937 1336 2972 1
1358 2939 1391 2974 m.
1413 2923 1473 2974 add.
1496 2921 1522 2972 in
1543 2923 1574 2972 C.

217 3017 249 3052 to
259 3010 283 3052 et
296 3004 425 3067 Origenes]
436 3017 483 3067 pro
494 3010 522 3052 at
534 3003 673 3065 Origenes?
774 3014 803 3062 14
815 3003 914 3051 maim
936 3003 1098 3067 blasphemati
1118 3005 1207 3069 scripsi
1219 3023 1226 3064 ς
1249 3007 1332 3055 maior
1351 3005 1505 3070 blasphemae
1527 3004 1575 3056 Ca.

213 3085 291 3136 Cont'.
304 3101 381 3150 supra
395 3097 449 3148 113,
464 3097 496 3146 29
507 3085 595 3133 Filius
606 3083 755 3147 blasphemet
766 3099 813 3148 pro
824 3084 934 3132 dilium.
1035 3097 1064 3132 21
1078 3087 1227 3148 acceperint]
1237 3087 1374 3151 acceperint
1388 3087 1417 3137 C.

260 3297 283 3336 1.
299 3274 508 3357 innocentiam]
525 3276 582 3336 lob
599 3297 625 3348 a,
642 3298 668 3353 3.
918 3279 1054 3338 duceret.
1082 3279 1159 3338 Mihi
1188 3279 1314 3358 quidem
1343 3282 1437 3361 magis
1466 3281 1577 3345 arridet

258 3379 283 3416 2.
300 3360 486 3435 Respondeat
513 3379 578 3434 ergo
599 3379 626 3417 n.
657 3361 805 3434 Origenes,
826 3357 869 3439 si]
920 3363 996 3420 haec
1011 3361 1106 3420 aliave
1122 3359 1257 3422 eiusdem
1281 3362 1498 3439 significantiae
1514 3386 1579 3427 sen·

215 3440 436 3516 Interpellandi
465 3441 575 3500 modus
603 3441 688 3499 cuius
712 3441 870 3500 innumera
921 3441 1031 3502 tentia:
1054 3443 1087 3500 in
1112 3439 1215 3522 ly[pa
1229 3447 1528 3521 corporisDomr'nici,
1544 3451 1577 3507 in

213 3521 299 3598 apud
328 3522 552 3600 Hieronymum
583 3520 705 3598 prolerri
745 3534 870 3600 possunt
920 3526 1002 3582 cuius
1014 3523 1237 3583 similitudinem
1251 3528 1407 3587 Iudar’cum
1429 3530 1508 3588 illud
1519 3537 1578 3588 ten·

213 3604 361 3679 exempla.
386 3604 431 3663 Cl.
459 3604 630 3665 Comment.
658 3602 688 3661 in
716 3605 770 3663 Mt.
789 3625 815 3676 a,
835 3619 869 3680 15
922 3602 1043 3684 torriem]
1049 3605 1167 3680 factum
1181 3615 1253 3666 erat.

215 3684 457 3760 ‘Respondeant
472 3685 524 3762 qui
552 3685 763 3745 Hebraeorum
789 3687 868 3745 volu·
963 3703 989 3762 7.
998 3685 1258 3769 propitiatorium]
1274 3691 1371 3749 Hebr.
1389 3711 1417 3766 9,
1434 3709 1461 3768 5.

215 3766 333 3826 minum
369 3765 521 3843 denegant
557 3765 752 3841 veritatem'3
780 3777 809 3827 et
838 3767 868 3825 in
965 3788 1010 3827 10.
1026 3765 1082 3848 eos]
1097 3769 1155 3828 Ier.
1172 3774 1200 3844 ⁶,
1218 3769 1351 3845 apiuxta
1364 3791 1405 3847 gr.

214 3847 410 3907 Tractatibus
434 3867 522 3924 supra
550 3849 615 3907 1112
642 3866 709 3921 217,
729 3868 764 3925 19
793 3851 868 3908 ‘Re-
965 3852 1010 3908 16.
1028 3868 1167 3909 novorum
1189 3853 1412 3912 simulacrorum
1432 3851 1577 3934 condrior]

214 3932 388 4006 spondeant
411 3947 492 3988 nunc
508 3928 624 4000 Iudaei,
641 3931 850 4005 quomodo...'
862 3951 870 4004 ;
923 3930 1051 3991 Hieron.
1069 3931 1164 4006 Epist.
1185 3936 1233 4008 96,
1254 3953 1286 3991 11
1315 3939 1481 3996 ‘novorum
1505 3937 1576 4013 dog·

214 4009 288 4071 ibid.
306 4012 374 4083 418,
395 4029 431 4082 14
448 4011 685 4086 ‘Respondeant
707 4012 825 4083 ludaei,
841 4023 871 4072 et
922 4023 1037 4071 matum
1063 4016 1229 4087 assertor’3
1251 4014 1324 4075 ibid.
1350 4037 1378 4075 n.
1408 4021 1444 4076 16
1460 4022 1577 4078 ‘novae

215 4093 267 4171 qui
285 4105 399 4152 tantum
412 4093 581 4152 secundum
593 4091 774 4151 litteram...'
785 4094 872 4166 5111³
923 4093 1087 4169 impietatis
1100 4105 1229 4156 assertor
1241 4098 1266 4170 '5
1283 4099 1338 4174 Ep.
1360 4118 1424 4173 roo,
1442 4120 1476 4175 13
1492 4099 1576 4161 ‘Ori-

217 4178 265 4246 16,
283 4194 320 4247 14
344 4175 583 4250 ‘Respondeant
606 4172 696 4246 enim,
713 4176 871 4250 quomodo
923 4175 1007 4252 genis
1023 4175 1181 4236 simulacra
1196 4189 1392 4239 contemnant
1403 4181 1418 4240 '.

216 4255 347 4316 exultet'
358 4267 415 4314 etc.
968 4275 1011 4331 17.
1043 4279 1061 4316 a
1090 4259 1255 4336 principali
1287 4260 1393 4319 Sancto
1428 4263 1576 4338 Seraphin

261 4332 617 4416 5.uolaor't]Ps.17,11.
922 4340 1088 4399 sanctitatis
1120 4341 1242 4418 accipere
1271 4339 1457 4424 consortium]
1490 4345 1577 4404 Haec

260 4422 286 4478 6.
304 4420 377 4493 irriy
389 4462 451 4478 .....
461 4419 576 4493 factum
591 4415 669 4498 erat]
684 4418 809 4495 Aliquid
822 4417 870 4478 hic
923 4435 1002 4478 certe
1027 4441 1063 4479 ex
1086 4421 1218 4498 Origene
1233 4424 1365 4499 proferre
1381 4425 1500 4484 videtur
1515 4444 1577 4485 ora-

218 4499 383 4561 desiderari
412 4502 603 4560 manifestum
639 4511 692 4560 est.
723 4501 871 4561 Amellius
923 4515 989 4575 tor;
1016 4521 1094 4578 qnae
1109 4503 1212 4574 nimio,
1229 4515 1260 4564 ut
1287 4523 1364 4576 reor,
1380 4507 1576 4567 orthodoxiae

217 4582 325 4643 rimam
351 4581 392 4640 ita
414 4582 572 4658 supplevit,
589 4593 621 4642 nt
649 4582 870 4658 Hieronymum
924 4584 1024 4642 studio
1039 4584 1068 4642 in
1083 4584 1273 4644 homiliarum
1290 4589 1484 4647 translatione
1497 4608 1575 4666 prae·

219 4666 259 4726 de
285 4663 375 4722 Novo
403 4665 599 4724 Testamento
630 4666 804 4740 loquentem
831 4664 871 4723 in·
924 4664 1090 4724 termiserat
1108 4667 1319 4743 Hieronymus.
