4062 5504
514 433 925 502 EXPOSITIUNCULAE
949 442 995 500 IN
1017 441 1314 502 EVANGELIUM.
1507 450 1579 531 141

229 633 291 716 qui
316 631 444 696 invenit
467 631 560 701 hoino
585 635 783 717 absconsum,
804 639 906 716 vadit,
920 649 953 703 et
975 639 1088 704 vendit
1108 639 1219 706 omnia
1242 659 1324 723 quae
1338 639 1441 719 habet,
1454 649 1487 706 et
1505 641 1586 706 emit

231 757 350 820 agmm
367 737 470 806 illum.

751 861 1065 914 INTERPRETATIO.

275 967 368 1050 Ager
392 967 446 1032 hic
474 967 620 1032 mundus
646 978 706 1034 est.
731 969 922 1034 Thesaurus
937 979 1055 1036 autern
1073 971 1106 1034 in
1123 989 1206 1053 agro
1226 968 1410 1036 absconsus
1436 966 1587 1034 Christus

171 1094 189 1149 5
235 1081 295 1147 est,
307 1073 363 1155 qui
381 1072 478 1136 latuit
494 1073 650 1138 triduana
667 1073 722 1136 illa
735 1073 901 1156 passione.
913 1075 992 1141 Sive
1009 1075 1089 1158 quia
1102 1093 1181 1158 ager
1196 1073 1372 1158 paradisus
1383 1081 1443 1150 est,
1455 1071 1587 1136 thesau-

233 1197 289 1240 rus
305 1186 417 1241 autem
442 1177 512 1242 vita
536 1185 649 1242 eterna
676 1189 735 1242 est.
754 1177 897 1242 Proinde
918 1180 1104 1244 vendamus
1120 1178 1278 1262 quicquid
1303 1177 1336 1242 in
1361 1177 1425 1242 hoc
1451 1175 1587 1240 saeculo

233 1281 406 1359 habemus,
430 1293 464 1346 ut
482 1281 525 1346 ad
543 1280 634 1346 illum
654 1301 772 1364 agrum
790 1283 1032 1364 perveniamus.

841 1419 946 1470 XVIII.

276 1523 324 1586 Et
347 1523 449 1605 coegit
471 1523 642 1606 discipulos
666 1534 704 1588 ut
723 1525 927 1589 ascenderent
954 1545 1079 1598 navem,
1094 1537 1127 1588 et
1133 1527 1359 1609 praecederent
1381 1536 1475 1590 trans
1496 1545 1585 1589 marc

175 1651 214 1688 ro
232 1627 329 1690 donec
354 1629 532 1692 remitteret
554 1627 676 1692 turbas.
692 1629 804 1692 Navis
826 1639 935 1692 antem
961 1629 1030 1692 inm
1055 1640 1128 1693 erat
1142 1631 1178 1692 in
1194 1630 1298 1694 medin
1324 1630 1414 1692 mari
1428 1627 1586 1712 fluctibus

233 1732 366 1796 turbata
379 1755 391 1796 .·
398 1732 477 1812 fuit
489 1731 577 1794 enim
591 1733 777 1796 contrarius
791 1742 915 1798 ventus.
930 1733 1060 1812 Quarta
1070 1742 1180 1796 autem
1193 1733 1313 1816 vr'gilin
1330 1735 1429 1797 noctis
1444 1734 1529 1798 abiit
1541 1733 1590 1796 ad

230 1836 304 1898 illos
317 1835 492 1899 ambulans
507 1835 542 1898 in
559 1837 650 1899 mari
659 1861 674 1912 ,·
700 1846 732 1900 et
753 1857 825 1901 cum
855 1837 1004 1900 viderent
1024 1859 1106 1915 eum,
1122 1838 1251 1902 turbati
1263 1849 1349 1904 sunt.
1364 1838 1464 1903 Dixit
1477 1848 1586 1901 autem

232 1939 350 2004 Simon
365 1941 511 2005 Petrus:
528 1941 677 2017 Domine,
691 1943 724 2004 si
737 1951 826 2019 tues,
843 1942 915 2005 iube
931 1963 979 2005 me
995 1943 1106 2005 venire
1120 1942 1169 2005 ad
1179 1951 1210 2005 te
1222 1952 1319 2024 super
1331 1962 1445 2024 aquas.
1461 1941 1512 2005 At
1532 1941 1586 2005 ille

231 2045 308 2107 ait:
332 2043 420 2109 Veni.
446 2045 494 2108 Et
519 2046 682 2110 descendit
707 2047 828 2110 Petrus
851 2058 1091 2130 superaquam
1117 2046 1300 2123 ambulans,
1326 2056 1365 2110 ut
1390 2047 1516 2111 veniret
1542 2045 1590 2109 ad

173 2173 185 2209 r
192 2168 211 2224 5
231 2150 350 2213 Iesum.
376 2149 497 2212 Videas
511 2159 620 2213 nartem
635 2151 757 2214 Petrus
771 2161 902 2215 ventum
928 2152 1079 2215 ualidum
1095 2151 1272 2216 uenientem
1289 2152 1379 2216 adse
1393 2152 1509 2216 timuit
1520 2175 1535 2227 ,·
1556 2159 1588 2215 et

231 2275 303 2318 cum
319 2254 465 2336 coepisset
480 2254 592 2336 mergi,
606 2253 764 2319 clamavit
777 2255 884 2319 dicem
895 2279 907 2320 .·
921 2255 1063 2320 Domine
1078 2256 1209 2320 salvum
1226 2277 1275 2320 me
1283 2259 1353 2338 jac.

755 2389 1067 2442 INTERPRETATIO.

279 2499 375 2562 Mare
391 2496 516 2558 scilicet
534 2496 703 2561 saeculum
721 2507 771 2560 est
787 2521 793 2572 ;
815 2499 909 2561 navis
925 2507 1047 2576 autern,
1063 2500 1175 2582 inqua
1191 2499 1336 2583 apostoli
1353 2498 1586 2574 ascenderunt,

234 2603 375 2668 ecclesia
400 2611 460 2664 est.
486 2601 587 2684 Quod
612 2611 724 2666 autem
752 2602 843 2678 dicit,
870 2601 1041 2666 Fluctibus
1068 2607 1202 2670 turbata
1230 2615 1289 2682 est,
1315 2605 1378 2667 hoc
1406 2612 1466 2676 est,
1493 2601 1583 2683 quod

173 2737 214 2773 20
232 2707 373 2772 ecclesia
389 2706 619 2789 persecutione
635 2708 794 2788 pulsatur.
811 2705 943 2770 Ventus
960 2717 1072 2771 autern
1089 2710 1274 2772 contrarius
1290 2707 1445 2771 diabolus
1457 2714 1517 2781 est,
1529 2703 1585 2786 qui

233 2813 267 2897 [l.
288 2811 362 2895 ¹32]
379 2811 538 2876 ecclesiae
553 2811 739 2875 contrarius
754 2821 814 2874 est.
831 2809 932 2893 Quod
950 2821 1062 2875 autem
1085 2812 1178 2889 dicit,
1202 2813 1331 2896 Quarta
1347 2811 1462 2894 vigilia
1478 2809 1585 2872 noctis

232 2919 324 2982 venit
341 2917 383 2982 ad
399 2937 458 2980 eos
474 2915 651 2979 ambulans
662 2935 763 2996 super
779 2916 952 2991 mare,hoc
963 2924 1023 2992 est,
1039 2915 1130 2998 quod
1146 2927 1291 2998 quatuor
1303 2915 1477 2998 evangelia
1490 2913 1586 2977 nobis

233 3022 355 3100 attulit,
372 3022 428 3104 qui
452 3021 486 3083 in
502 3029 601 3083 nocte
617 3019 825 3100 ignorantiae
847 3019 1049 3084 iacebamus.
1062 3019 1161 3102 Quod
1178 3031 1291 3085 autem
1309 3021 1399 3098 dicit,
1415 3019 1586 3083 Turbatus

233 3135 283 3190 est
298 3127 414 3189 Petrus
431 3124 502 3188 visa
519 3131 730 3204 tempestate,
742 3121 804 3185 hoc
822 3133 881 3198 est,
897 3125 987 3205 quod
1004 3122 1037 3186 In
1054 3123 1208 3205 passione
1225 3123 1349 3188 Christi
1361 3122 1516 3189 turbatus
1525 3131 1587 3196 est,

173 3251 215 3307 25
233 3242 271 3295 ut
287 3231 390 3296 etiam
407 3228 564 3310 negando
581 3225 662 3290 fides
678 3227 748 3289 eius
764 3227 1042 3308 submergeretur.

796 3361 873 3411 CAP.
897 3362 1015 3411 XVIIII.

276 3473 368 3536 Iesus
390 3479 498 3533 autem
522 3467 608 3532 duit
630 3468 798 3549 discipulis
819 3469 910 3532 suis:
933 3471 1041 3533 Amen
1055 3470 1125 3533 dico
1145 3471 1243 3549 vobis,
1258 3471 1337 3553 quia
1352 3468 1482 3556 difficile
1495 3469 1588 3533 dives

233 3577 373 3641 intrabit
388 3576 422 3637 in
439 3593 575 3654 regnum
590 3573 759 3636 cadomum.
774 3572 899 3636 lienem
922 3573 992 3637 dico
1017 3575 1116 3652 vobis,
1133 3576 1276 3656 facilius
1289 3584 1337 3638 est
1350 3572 1509 3637 camelum
1525 3583 1589 3654 per

222 3683 378 3762 Jbramm
394 3699 471 3742 acus
486 3677 637 3750 transire,
653 3697 752 3758 quam
767 3677 903 3742 divitem
920 3677 955 3740 in
971 3697 1106 3761 regnum
1124 3679 1195 3744 Dei.

176 3833 215 3885 30
752 3811 1066 3864 rurnapaarnrto.

280 3921 429 3986 Divitem
443 3917 604 4002 populum
619 3919 791 3982 Iudaicum
804 3919 953 4003 dicit,qui
964 3939 1039 3983 curn
1051 3921 1177 3985 divitiis
1189 3921 1231 3984 de
1241 3921 1404 4005 Aegypto
1415 3922 1587 3998 exierunt3

232 4029 358 4109 dequo
374 4027 406 4088 in
424 4025 555 4106 psalmo
570 4023 651 4087 dicit
668 4030 674 4055 ‘
692 4023 823 4087 Diuites
839 4034 1003 4106 eguerunt
1015 4035 1049 4087 et
1064 4027 1279 4090 esurierunt.’
1297 4025 1456 4092 Camelus
1468 4033 1583 4090 autern

232 4153 293 4196 nos
310 4131 441 4204 suimus,
457 4129 513 4211 qui
531 4127 611 4190 nihil
630 4135 758 4192 rectum
775 4129 807 4189 in
826 4128 923 4192 nobis
938 4129 1138 4207 habuimus;
1166 4132 1223 4213 qui
1241 4149 1329 4193 nunc
1345 4131 1493 4193 sarcinas
1509 4150 1585 4212 pec·

231 4245 382 4300 catorum
398 4231 623 4313 deposuimus,
639 4242 673 4294 et
688 4251 745 4313 per
755 4230 905 4295 foramen
919 4253 998 4295 acus
1011 4233 1231 4312 introivimus,
1244 4233 1307 4300 hoc
1319 4245 1380 4311 est,
1390 4253 1449 4316 per
1459 4243 1586 4298 arctam

266 4435 277 4472 1
290 4417 370 4479 vadit]
382 4421 405 4472 G
416 4437 424 4480 ς
435 4419 508 4469 vadet
520 4436 547 4482 μ.

276 4609 300 4647 a.
317 4584 414 4668 illum]
432 4589 487 4646 Mt.
508 4607 552 4662 13,
570 4607 616 4660 44·
977 4607 1022 4662 ²9·
1040 4585 1114 4668 Dei]
1131 4589 1188 4648 Mt.
1209 4609 1253 4664 19,
1272 4609 1308 4666 23
1325 4610 1366 4668 sq.

277 4672 320 4728 16.
336 4671 449 4730 salvum
465 4665 578 4749 mefac]
595 4671 650 4729 Mt.
672 4689 716 4741 14,
733 4689 831 4745 22-30.
976 4689 1022 4744 3²·
1039 4668 1218 4750 esurierunt]
1233 4674 1281 4732 Ps.
1298 4691 1346 4749 33,
1365 4693 1409 4734 11.
1442 4689 1445 4695 '
