4060 5498
585 420 842 480 'FRACTATUS
872 419 929 476 DE
958 419 1128 476 PSALMO
1158 419 1251 478 XCV.
1526 412 1579 517 87

219 620 304 702 Quis
322 630 419 701 putas
436 641 480 682 ex
498 622 595 682 nobis
611 631 728 702 captus
744 631 795 682 est
812 631 844 683 et
862 622 893 681 in
912 623 1116 701 captivitatis
1144 631 1352 702 tempestate
1374 625 1578 700 destructus,

218 735 253 786 ut
272 737 347 806 post
365 725 597 808 captivitatem
627 745 740 787 rursus
768 724 992 788 aedificetur?
1022 725 1058 788 Si
1086 745 1203 788 omues
1231 725 1385 789 homines
1412 728 1577 792 conclusit

219 827 312 891 Deus
328 827 392 890 sub
409 837 557 908 peccato,
569 837 602 890 et
618 829 731 890 omnia
746 829 776 888 iu
793 827 1270 908 incredulitateinveuiuntur:
1285 830 1488 914 ubicumque
1501 854 1576 915 pec·

217 943 340 1006 catum,
357 932 400 994 ibi
418 932 596 1014 captivitas
612 957 618 994 :
637 933 691 994 ubi
709 931 898 1012 captivitas,
914 931 958 992 ibi
978 933 1081 1006 ruina,
1100 933 1145 995 ibi
1169 932 1360 996 aedificatio
1388 939 1574 1000 necessaria

184 1045 275 1110 5est.
294 1036 467 1098 Debemus
484 1055 564 1117 ergo
588 1049 720 1099 nostras
745 1036 865 1098 domus
891 1036 1085 1116 diligentius
1111 1038 1332 1108 considerare,
1361 1059 1401 1101 ne
1431 1043 1515 1104 iorte
1542 1045 1573 1105 in

216 1141 329 1222 aliquo
346 1141 539 1212 corruerint,
556 1150 588 1202 et
615 1140 788 1220 indigeant
818 1150 894 1218 post
922 1141 1152 1221 captivitatem
1179 1140 1350 1220 adificari;
1375 1144 1507 1225 quibus,
1534 1167 1576 1208 ne

217 1245 349 1325 penitus
366 1257 532 1318 corruant,
544 1243 636 1306 omni
654 1242 766 1305 labore
784 1254 816 1303 et
834 1243 969 1305 solertia
986 1244 1253 1306 subveniendum
1280 1259 1341 1322 est,
1373 1259 1408 1310 ut
1436 1249 1573 1331 implea-

216 1361 269 1412 tur
283 1349 313 1410 in
334 1349 429 1410 nobis
449 1347 539 1430 quod
559 1349 588 1408 iu
607 1348 730 1409 Exodo
748 1346 993 1428 scriptumest:
1017 1345 1206 1428 ‘Quoniam
1231 1349 1430 1414 obstetrices
1455 1355 1573 1416 timue·

218 1467 293 1517 runt
310 1456 430 1528 Deum,
446 1455 705 1517 aedificaverunt
722 1455 784 1516 sibi
799 1453 918 1516 domos
933 1454 1138 1535 ’.Videquid
1150 1457 1249 1528 dicat,
1267 1453 1435 1536 Quoniam
1454 1458 1571 1522 timue·

171 1589 200 1623 ro
217 1572 293 1623 runt
323 1561 442 1630 Deum.
470 1557 730 1622 aedificaverunt
751 1555 880 1619 domos.
908 1556 999 1636 Ergo
1030 1558 1150 1619 domus
1177 1558 1239 1620 uisi
1264 1559 1385 1620 timore
1416 1560 1478 1620 Dei
1507 1580 1572 1624 non

218 1674 327 1746 potest
346 1662 505 1725 fabricari.
524 1663 559 1726 Si
577 1681 657 1742 ergo
674 1660 751 1722 illae
768 1661 887 1721 timore
905 1658 969 1720 Dei
986 1659 1246 1722 aedificaverunt
1259 1661 1388 1736 domos,
1404 1683 1490 1743 quae
1506 1685 1571 1726 non

218 1778 446 1850 peccaverant,
462 1766 520 1829 sed
538 1767 646 1846 magis
663 1786 738 1826 curn
755 1766 815 1825 Dei
831 1766 1006 1826 voluntate
1023 1765 1183 1824 lecerunt:
1200 1783 1260 1825 nos
1277 1765 1334 1847 qui
1346 1767 1436 1848 capti
1448 1787 1572 1842 sumus,

217 1874 296 1955 quid
314 1871 422 1934 lacere
437 1871 643 1935 debeamus?
662 1868 762 1943 Audi,
779 1877 953 1949 peccator:
984 1868 1147 1930 debemus
1163 1868 1298 1948 quidem
1316 1869 1434 1931 timere
1451 1869 1572 1943 Deum,

218 1999 258 2041 ne
289 1996 487 2057 peccemus;
517 1977 575 2038 sed
602 1976 751 2036 secunda
785 1981 863 2054 post
889 1970 1099 2052 naufragium
1138 1972 1250 2034 tabula
1279 1985 1329 2035 est
1358 1975 1572 2054 paenitentia.

168 2111 196 2158 ις
217 2081 363 2163 Quando
379 2082 499 2142 domus
516 2077 755 2141 aedificabatur
772 2086 848 2156 post
863 2074 1106 2155 captivitatem.
1123 2073 1269 2155 Quando
1284 2078 1406 2140 domus
1419 2077 1572 2142 aedifica-

217 2188 314 2248 batur
329 2210 336 2248 :
354 2205 419 2247 non
437 2183 534 2258 dixit,
551 2181 726 2244 aedificata
743 2189 803 2255 est,
820 2179 897 2260 quia
916 2178 1122 2258 paenitentia
1141 2178 1320 2241 nonhabet
1335 2179 1444 2244 finem.
1458 2182 1572 2244 Iustus

217 2291 341 2372 quippe
359 2296 510 2350 mortuus
527 2285 682 2365 relinquit
701 2283 944 2365 paenitentiam
962 2306 968 2346 :
996 2282 1198 2362 ubicumque
1215 2293 1391 2363 peccatum
1408 2293 1468 2360 est,
1484 2304 1571 2346 sern-

218 2414 275 2475 per
292 2393 422 2454 mordet
444 2388 657 2453 conscientia.
687 2388 769 2449 Ideo
790 2387 921 2462 dicitur,
944 2385 1194 2462 aedificabatur,
1218 2387 1296 2467 quia
1323 2395 1477 2468 tempore
1503 2407 1570 2450 non

219 2495 427 2560 concluditur
441 2516 448 2556 :
464 2503 774 2575 quantumcumque
790 2491 925 2564 vixeris,
944 2490 988 2552 ibi
1005 2509 1137 2570 semper
1153 2490 1300 2553 incurris.

163 2631 198 2666 ιο
264 2604 400 2667 Ceratate
414 2599 556 2662 Domino
570 2596 730 2659 cauticum
748 2615 874 2657 erearum.
906 2595 1010 2656 Vetus
1026 2593 1128 2656 homo
1145 2595 1334 2676 deponitur,
1350 2607 1384 2659 et
1399 2599 1568 2661 extruitur

218 2713 342 2770 riovus:
359 2715 535 2787 propterea
552 2711 707 2766 cantatur
717 2702 884 2763 canticum
903 2718 1037 2762 novum.
1053 2698 1189 2763 Caritate
1201 2699 1342 2761 Domino
1353 2701 1460 2762 orneris
1472 2711 1568 2763 terra.

218 2811 313 2893 Quae
330 2820 402 2873 tota
429 2819 540 2872 mente
556 2807 599 2869 ad
617 2806 803 2869 Dominum
817 2824 977 2866 conversa
993 2811 1055 2879 est,
1070 2803 1103 2864 in
1122 2802 1258 2865 Domini
1275 2802 1487 2867 consessione
1500 2805 1566 2866 lau-

217 2916 276 2976 des
292 2914 362 2976 eius
380 2933 486 2976 novae
502 2912 592 2975 vocis
610 2910 776 2971 suavitate
793 2909 961 2970 decantat.

263 3019 338 3080 Nou
356 3017 518 3081 debemus
535 3016 736 3079 inmemores
752 3033 824 3076 esse
842 3013 1016 3093 promissi:
1033 3013 1075 3074 ad
1093 3012 1257 3092 evangelii
1282 3012 1471 3090 lectionem,
1488 3033 1568 3095 quo-

162 3149 195 3202 ²5
217 3123 306 3184 niam
324 3120 465 3183 difficilis
481 3129 542 3196 est,
564 3119 706 3182 transire
730 3117 901 3179 debemus.
927 3115 1039 3180 Semel
1067 3116 1195 3178 dixisse
1222 3115 1372 3190 sufficiat,
1401 3117 1568 3198 psalmum

216 3227 343 3289 dictum
360 3246 433 3288 esse
459 3245 502 3286 ex
519 3241 660 3304 persona
679 3219 904 3302 paenitentis:
932 3220 974 3280 ad
1003 3239 1103 3298 quarn
1131 3219 1395 3300 intellegentiam
1424 3231 1458 3284 et
1482 3240 1570 3302 quae

217 3330 343 3410 reliqua
358 3338 437 3391 sunt
451 3327 719 3408 applicabuntur.

638 3479 713 3552 DE
747 3477 972 3550 PSALMO
1002 3477 1146 3550 XCVI.

259 3637 393 3701 Titulus
406 3634 525 3716 psalmi
542 3635 588 3696 ita
605 3632 861 3714 praescribitur:
876 3629 1014 3707 Quando
1030 3641 1120 3692 terra
1132 3631 1202 3692 eius
1217 3633 1369 3694 restituta
1381 3644 1436 3695 est.
1450 3633 1567 3715 Quan-

161 3745 260 3814 3odo
286 3741 417 3816 dicitur,
444 3739 594 3800 restituta
629 3747 688 3810 est,
714 3735 904 3797 ostenditur
929 3737 1018 3814 quod
1048 3745 1126 3796 aute
1154 3735 1271 3811 iuerat,
1292 3746 1324 3799 et
1350 3747 1467 3817 postea
1501 3757 1565 3800 non

251 3892 259 3926 1
274 3877 441 3943 captivitatis]
454 3878 475 3925 is
487 3893 517 3924 ex
530 3893 553 3923 es
568 3888 576 3922 1
592 3891 624 3922 rn.
640 3889 703 3921 crrrr.
805 3871 954 3933 tempestate]
966 3887 977 3919 s
990 3885 1078 3934 postea
1090 3889 1144 3935 sup.
1161 3879 1183 3919 te
1195 3873 1290 3922 addita.
1391 3889 1407 3934 4
1419 3875 1508 3933 ruina,
1522 3874 1568 3934 itt]

215 3963 323 4011 Videtur
345 3964 417 4010 desse
441 3960 579 4008 membrum
604 3957 647 4004 ubi
671 3955 760 4013 ruina,
775 3962 800 4002 ut
823 3969 899 4017 supra
923 3963 962 4014 72,
978 3967 1016 4016 23.
1119 3955 1133 4002 6
1157 3954 1258 4018 qur'bur]
1275 3954 1380 4018 scripsi;
1398 3957 1445 4019 qui
1462 3955 1565 4004 ibicod.

216 4044 389 4108 7implcatur]
401 4060 418 4090 rr
431 4053 487 4107 post
501 4044 591 4105 impteti
604 4049 737 4102 expuncta.
840 4037 854 4083 8
871 4037 1019 4097 obstetrices]
1036 4037 1162 4084 obsetrr'ees
1180 4055 1224 4086 rus.
1329 4050 1358 4086 10
1374 4039 1471 4099 deuius]
1488 4039 1569 4086 denras

216 4130 245 4178 L.
349 4140 377 4175 12
385 4123 657 4189 peccaverant]untes
670 4128 742 4168 uuir
758 4137 790 4168 ru.
805 4135 868 4168 corr.
974 4132 1004 4180 14
1008 4119 1145 4182 peruenias]
1154 4123 1283 4182 pere'emur·
1293 4122 1349 4169 cod.
1450 4120 1568 4180 seeuueta]

213 4211 347 4259 secundam
361 4210 390 4259 L.
495 4217 522 4266 17
540 4203 675 4267 relinquit]
693 4201 807 4265 reliquid
822 4217 867 4251 ms.
883 4203 1168 4266 utisupranonsemel.
1274 4201 1417 4264 r8mordct]
1429 4205 1523 4251 urerdit
1536 4203 1564 4250 L.

214 4306 246 4341 22
258 4293 397 4354 est]t1m.
412 4292 471 4340 add.
573 4284 902 4344 28DEPSALMOXCt't]
921 4286 957 4332 Ex
976 4285 1231 4332 trilruscod.MOV.
1333 4283 1568 4346 appraescn'bitur]

214 4373 303 4438 scripsi
315 4393 322 4434 ;
332 4373 499 4437 perscribitur
510 4373 535 4419 lll
551 4390 556 4428 ;
570 4372 690 4418 scribitur
702 4371 757 4417 ΟΥ.
863 4369 968 4427 Qreasur'a
979 4363 1083 4424 testera,
1100 4368 1216 4414 restituta
1227 4366 1272 4426 est]
1286 4368 1311 4413 M
1325 4381 1394 4422 ;om.
1410 4365 1466 4415 OV.

257 4503 282 4558 3.
300 4483 331 4540 iu
346 4477 561 4560 incredulitate]
582 4481 627 4540 Cl.
651 4479 740 4538 Rom.
766 4499 811 4547 11,
830 4498 864 4554 3²
945 4495 988 4547 ¹4·
1012 4475 1135 4532 secunda
1152 4481 1219 4549 post
1232 4474 1423 4548 reausragr'uru
1452 4471 1566 4554 tabula]

214 4575 245 4624 et
259 4564 325 4622 Gal.
342 4585 431 4638 322²·
919 4559 964 4619 Ci.
983 4557 1086 4615 adnot.
1101 4559 1138 4615 ad
1157 4557 1222 4614 111²
1253 4575 1381 4632 134,10.

257 4665 282 4721 9.
298 4642 406 4724 domos]
426 4647 477 4704 Ex.
498 4665 521 4715 1,
538 4664 583 4702 21.
