4060 5498
492 387 541 467 18
865 406 894 466 a.
924 407 1178 469 urnuouuur
1210 403 1476 463 enasnu‘runr

484 601 648 681 sanguine
664 603 783 684 plenae
799 615 886 682 sunt,
915 626 980 669 non
1010 627 1108 689 posse
1128 625 1185 668 eos
1212 605 1244 666 iu
1261 621 1455 686 synagogas
1472 599 1612 664 Domini
1633 596 1841 681 praegregari

485 715 612 768 certum
638 715 699 782 est,
723 709 779 788 qui
808 709 925 789 spiritu
953 709 1199 774 combustionis
1226 717 1305 770 ante
1333 705 1502 788 purgandi
1530 712 1619 768 suut.
1642 701 1841 784 Synagogas

485 819 598 872 autem
617 808 765 890 Domini,
781 810 832 875 vel
849 812 881 874 in
901 815 1068 894 praesenti
1086 812 1323 894 intellegamus
1346 810 1514 886 ecclesias,
1531 806 1593 885 vel,
1610 806 1699 888 quod
1726 802 1843 867 melius

485 921 578 994 puto,
593 913 740 977 diuersas
757 916 848 998 apud
874 917 1008 979 Patrem
1031 919 1063 978 in
1086 915 1287 979 caelestibus
1310 915 1510 988 mansiones,
1534 931 1617 994 quas
1635 910 1759 973 intrare
1775 925 1841 969 non

488 1015 619 1096 poterit,
635 1019 692 1099 qui
710 1029 922 1100 peccatorum
941 1019 1039 1082 suerit
1056 1040 1172 1084 cruore
1189 1039 1368 1101 respersus.
1511 1105 1514 1112 Ι
1861 1029 1873 1082 5

527 1119 598 1182 Nec
611 1141 733 1184 memor
745 1143 798 1184 ero
810 1121 977 1185 nominum
995 1123 1126 1187 illorum
1136 1137 1199 1205 per
1211 1122 1301 1186 labia
1324 1143 1403 1185 mea.
1421 1120 1575 1195 sanctos,
1595 1135 1739 1200 quorum
1759 1113 1841 1177 mul·

485 1223 658 1306 tiplicatae
674 1237 752 1290 sunt
769 1225 990 1304 infirmitates,
1012 1237 1046 1290 et
1070 1247 1215 1310 quorum
1232 1247 1299 1289 non
1312 1223 1527 1306 congregabo
1543 1217 1776 1286 conventicula
1799 1216 1842 1278 de

486 1327 715 1410 sanguinibus,
740 1331 818 1411 quia
842 1329 885 1393 ad
912 1350 965 1392 me
992 1331 1271 1406 acceleraverunt,
1298 1349 1513 1411 nequaquam
1540 1326 1669 1390 vocabo
1695 1321 1841 1407 pristinis

487 1431 688 1509 nominibus,
710 1433 769 1495 sed
792 1433 906 1497 novis:
926 1435 959 1496 id
981 1444 1041 1510 est,
1065 1445 1245 1518 postquam
1271 1435 1303 1497 in
1328 1433 1421 1497 sonte
1446 1451 1522 1495 meo
1545 1451 1602 1494 eos
1626 1431 1749 1505 lavero,
1776 1443 1842 1487 non

485 1537 615 1598 vocabo
632 1547 668 1599 ut
691 1546 770 1599 ante
794 1535 881 1600 filios
908 1537 1093 1614 hominum,
1109 1539 1167 1602 sed
1194 1537 1279 1600 filios
1298 1537 1370 1600 Dei.
1389 1535 1469 1600 Siue
1494 1534 1610 1597 aliter:
1641 1529 1843 1600 immutabo,
1862 1551 1886 1586 ιο

487 1639 603 1721 inquit,
619 1639 758 1702 nomina
774 1639 916 1718 illorum,
932 1651 965 1704 et
981 1642 1024 1704 de
1041 1642 1181 1707 Simone
1198 1645 1332 1705 Petrum
1348 1640 1480 1717 faciam,
1497 1639 1575 1721 quia
1597 1657 1698 1720 super
1714 1646 1841 1719 petram

486 1742 573 1805 illius
593 1762 668 1805 mea
682 1742 822 1807 lundata
842 1755 892 1808 est
905 1745 1048 1809 ecclesia
1063 1768 1070 1824 ;
1086 1747 1128 1809 de
1144 1745 1219 1809 filiis
1243 1745 1398 1816 Zebedei,
1418 1743 1504 1807 filios
1521 1741 1671 1818 tonitrui,
1684 1735 1840 1802 sublimia

485 1847 575 1908 enim
592 1847 656 1908 illis
672 1847 839 1928 evangelii
864 1849 929 1911 mei
946 1859 1157 1913 sacramenta
1180 1869 1254 1912 sum
1277 1849 1526 1912 commissurus.
1551 1845 1623 1909 Nec
1639 1845 1742 1908 modo
1763 1841 1843 1913 istis,

484 1951 544 2014 sed
561 1961 594 2012 et
612 1937 773 2014 Abrahae
789 1953 962 2033 quondam
980 1962 1014 2015 et
1032 1953 1152 2018 Sarrae
1174 1955 1354 2017 immutata
1378 1961 1457 2014 sunt
1478 1950 1635 2026 nomina;
1660 1967 1722 2011 nec
1748 1945 1842 2008 decet

486 2064 523 2117 ut
539 2074 682 2138 quorum
700 2055 769 2118 vita
784 2077 805 2117 a
830 2056 969 2136 pristina
989 2059 1244 2122 conversatione
1260 2058 1392 2121 diversa
1413 2063 1473 2132 est,
1494 2074 1609 2118 eorum
1637 2054 1756 2116 eadem
1777 2052 1843 2113 sint
1861 2067 1884 2120 ις

487 2157 661 2223 vocabula.
679 2158 777 2222 Alius
794 2180 872 2223 vero
888 2160 953 2224 hoc
969 2164 1060 2244 quod
1077 2164 1134 2239 ait,
1148 2161 1178 2224 N
1182 2181 1220 2225 ec
1236 2182 1365 2226 memor
1381 2180 1438 2224 ero
1454 2161 1629 2224 nominum
1646 2175 1762 2221 eorum
1786 2175 1844 2236 per

486 2261 575 2326 labia
598 2283 682 2341 mea,
698 2263 744 2325 sic
761 2263 1037 2346 interpretabitur
1051 2290 1059 2330 :
1072 2285 1139 2330 non
1156 2285 1213 2329 eos
1231 2267 1347 2329 leviter
1360 2275 1393 2328 et
1417 2263 1512 2347 quasi
1529 2263 1722 2326 transitorie
1740 2259 1843 2324 nomi·

489 2366 586 2444 nabo,
603 2368 662 2430 sed
677 2366 810 2430 habebo
827 2369 859 2431 in
878 2368 1046 2450 profundo
1061 2372 1172 2435 cordis
1198 2373 1273 2447 mei,
1293 2371 1456 2433 inanima
1481 2388 1556 2430 mea
1579 2366 1773 2430 continebo.
1799 2363 1843 2426 Ut

487 2470 661 2553 quomodo
677 2471 720 2533 ad
737 2470 945 2536 incredulum
963 2475 1125 2556 populum
1142 2475 1283 2538 dicitur‘
1302 2473 1449 2555 Populus
1475 2471 1529 2534 hic
1553 2471 1652 2535 labiis
1670 2491 1724 2534 me
1740 2471 1842 2533 hono·

489 2584 548 2650 rat,
564 2593 623 2637 cor
639 2593 718 2638 vero
737 2576 808 2638 eius
826 2575 925 2658 longe
941 2588 992 2641 est
1005 2599 1025 2642 a
1036 2599 1090 2642 me
1103 2579 1118 2656 ',
1131 2579 1179 2640 sic
1195 2600 1213 2642 e
1229 2579 1398 2642 contrario
1422 2586 1558 2640 sanctos
1577 2597 1656 2640 suos
1678 2574 1843 2639 Dominus
1859 2589 1887 2628 20

487 2698 552 2741 non
573 2677 668 2740 labiis
685 2688 818 2743 tanturn
837 2681 999 2760 nominet,
1014 2684 1075 2746 sed
1092 2683 1213 2768 intimo
1230 2683 1353 2746 mentis
1368 2692 1483 2746 teneat
1500 2679 1633 2745 affectu.

530 2781 694 2845 Dominus
708 2794 793 2865 pars
807 2783 999 2849 hereditatis
1014 2808 1101 2850 meae
1115 2798 1147 2851 et
1160 2785 1270 2850 calicis
1285 2786 1370 2850 mei:
1386 2795 1421 2848 tu
1437 2805 1470 2848 es
1495 2784 1555 2865 qui
1576 2784 1726 2848 restitues
1759 2785 1843 2847 ltere·

487 2887 625 2949 dilatem
637 2907 741 2951 meam
759 2888 850 2954 milei.
869 2889 1026 2954 Salvator
1039 2902 1153 2955 noster
1169 2892 1203 2955 in
1220 2891 1392 2973 scripturis
1418 2899 1454 2953 et
1480 2888 1634 2970 pontifex
1658 2890 1844 2972 appellatur

488 2999 520 3053 et
532 3011 602 3053 rex.
628 2991 797 3068 Pontifex,
813 2993 845 3055 in
863 3013 924 3057 eo:
940 2993 1010 3057 ‘Tu
1029 3017 1064 3059 es
1080 2998 1236 3059 sacerdos
1253 2997 1285 3058 in
1302 3005 1476 3058 aeternum
1491 2994 1676 3057 secundum
1693 2993 1841 3058 ordinem

489 3092 737 3158 Melchisedech
753 3096 766 3158 ¹.
792 3097 879 3174 Rex,
905 3108 941 3161 ut
968 3097 1033 3161 ibi:
1058 3099 1153 3181 ‘Ego
1176 3111 1289 3163 autem
1315 3099 1519 3162 constitutus
1547 3118 1622 3162 sum
1649 3117 1708 3162 rex
1734 3099 1779 3161 ab
1804 3118 1841 3160 eo
1859 3107 1885 3159 ²5

488 3215 587 3276 super
603 3195 685 3261 Sion
704 3209 854 3262 montem
870 3212 1024 3265 sanctum
1041 3203 1112 3265 eius
1127 3203 1142 3264 ¹.
1160 3202 1354 3267 Secundum
1381 3202 1445 3266 hoc
1471 3223 1550 3284 ergo
1575 3203 1664 3284 quod
1691 3202 1843 3267 sacerdos

525 3359 534 3396 1
546 3351 794 3413 praegregarrloV;
807 3357 952 3418 congregari
965 3357 1000 3404 M.
1103 3358 1158 3418 3iu
1169 3356 1305 3420 praesenti]
1319 3355 1426 3413 M;0t'
1437 3371 1488 3405 om.
1503 3356 1540 3404 in.
1641 3353 1842 3418 oritorumov,

489 3429 567 3478 Psalt.
584 3429 763 3490 Rom3eorum
777 3434 812 3482 M.
919 3449 944 3486 11
958 3436 1041 3498 super]
1053 3437 1208 3501 Ollrsupra
1221 3439 1256 3486 M.
1363 3450 1390 3486 ια
1405 3433 1486 3502 filiis]
1509 3436 1566 3496 OV,
1591 3453 1655 3487 corr.
1680 3453 1712 3488 ex
1726 3438 1789 3503 filio
1810 3437 1842 3485 Μ.

486 3509 562 3571 filios]
583 3510 641 3571 OV,
665 3529 729 3563 corr.
755 3531 785 3564 ex
799 3515 878 3580 filius
901 3520 938 3568 M.
1042 3532 1071 3581 13
1091 3518 1155 3579 illis]
1176 3521 1377 3582 OV;illiusM.
1460 3516 1612 3579 -uuor]OV,
1626 3535 1691 3571 corr.
1705 3523 1795 3570 exrim
1809 3519 1842 3567 lli.

489 3592 541 3642 Nec
558 3593 627 3642 niodo
644 3595 710 3655 istis,
728 3597 772 3646 sed
785 3598 818 3658 et]
835 3598 902 3657 OV;
923 3601 974 3649 Hoc
985 3601 1054 3649 uredo
1062 3609 1086 3650 et
1099 3603 1135 3650 M.
1239 3616 1268 3664 14
1280 3600 1384 3662 Sarrae]
1399 3601 1537 3661 M;Sarae
1549 3601 1605 3652 OV.
1711 3600 1740 3652 18
1753 3600 1844 3660 iambo]

490 3674 548 3734 OV,
560 3691 615 3739 sup.
630 3675 674 3725 liu.
688 3693 752 3727 corr.
766 3695 796 3728 ex
808 3678 882 3728 habeo
896 3682 931 3731 M.
1033 3696 1064 3732 22
1072 3681 1144 3747 porr]
1156 3699 1221 3733 corr.
1236 3701 1265 3733 ex
1274 3693 1337 3748 pras
1350 3685 1386 3734 M.
1489 3694 1520 3748 ας
1533 3680 1579 3742 ibi]
1591 3685 1618 3733 M
1629 3702 1636 3742 ς
1648 3683 1694 3734 ubi
1703 3685 1762 3735 OV.

533 3829 559 3867 a.
575 3809 683 3883 spiritu
697 3811 910 3894 corubustrom's]
934 3817 979 3876 Ci.
998 3818 1038 3874 Is.
1054 3836 1082 3890 4,
1097 3838 1125 3889 4.
1200 3829 1231 3878 ut
1259 3837 1295 3878 ex
1320 3817 1404 3880 Sarai
1433 3821 1523 3879 Sarae
1547 3817 1729 3880 vocabulum
1760 3823 1843 3892 fieret,

536 3888 741 3973 rhombum]
757 3895 1000 3972 Hieronymusin
1015 3899 1144 3972 Dan.1,7
1198 3918 1294 3976 aeque
1318 3902 1375 3960 Dei
1401 3901 1562 3978 imperium
1582 3898 1646 3960 tuit.
1678 3903 1717 3961 Et
1747 3915 1779 3962 ut
1805 3903 1843 3962 ad

496 3975 610 4033 ‘Porro
635 3975 785 4034 Dominus
820 3977 851 4038 in
888 3979 1000 4039 bonam
1030 3990 1144 4055 partem
1198 3983 1842 4058 novuminstrumentumveuiam,utSimon

493 4056 619 4116 uomina
648 4069 743 4116 murat
771 4061 904 4137 antiqua,
934 4075 963 4121 et
992 4081 1028 4121 ex
1056 4061 1144 4121 rebus
1198 4064 1278 4123 Petri
1293 4084 1404 4126 nomen
1415 4069 1572 4144 acciperet,
1588 4065 1682 4125 etfilii
1698 4062 1843 4128 Zebedaei

491 4139 619 4216 imponit
636 4138 781 4199 virtutum
799 4144 964 4204 vocabula:
981 4155 1012 4201 ut
1027 4145 1143 4203 Abram
1196 4147 1354 4206 banereem
1370 4147 1428 4206 hoc
1443 4159 1488 4208 est
1503 4147 1554 4207 filii
1571 4145 1694 4207 tonitrui
1710 4167 1841 4208 vocaren-

492 4225 656 4298 appellaret
670 4223 831 4297 Abraham,
858 4236 886 4283 et
909 4225 988 4285 Sarai
1011 4227 1089 4286 Sara.
1108 4227 1143 4284 In
1196 4238 1251 4300 tur,
1269 4229 1393 4288 Domini
1416 4229 1509 4291 nostri
1539 4229 1607 4288 Iesu
1637 4229 1749 4291 Christi
1775 4247 1842 4290 voce

492 4303 650 4380 evangelio
661 4323 784 4383 quoque
799 4309 957 4384 quondam
973 4308 1079 4368 Simon
1095 4308 1144 4368 Pe·
1197 4322 1388 4387 praeceptum
1405 4324 1449 4371 est
1459 4314 1474 4370 '.

492 4385 528 4443 tri
565 4405 676 4447 nomen
712 4389 839 4466 accepit,
861 4403 891 4448 et
920 4388 972 4448 lilii
994 4389 1143 4451 Zebedaei
1239 4389 1574 4473 eo.ome]1s.29,13.

492 4469 634 4542 appellati
650 4480 718 4529 sunt
735 4471 788 4532 filii
814 4471 937 4531 tonitrui
954 4475 960 4500 ¹
975 4493 984 4546 3
1000 4472 1030 4531 in
1046 4472 1143 4533 Phile·
1237 4493 1282 4548 25.
1300 4473 1514 4546 Melchisedech]
1525 4475 1570 4532 Ps.
1591 4494 1655 4550 109,
1673 4495 1700 4548 α.

494 4566 575 4609 mon.
593 4571 603 4607 r
620 4569 685 4626 sqq.
704 4553 767 4613 ‘Ut
791 4572 827 4613 ex
850 4554 962 4614 Abram
990 4555 1141 4614 Abraham
1237 4559 1283 4616 26.
1300 4552 1373 4636 eius]
1388 4559 1436 4617 Ps.
1459 4578 1486 4630 2,
1504 4558 1530 4614 6.

494 4629 652 4704 diceretur,
671 4632 729 4693 Dei
744 4633 878 4695 iussione
894 4635 1059 4712 perlectum
1075 4649 1141 4712 est,
