4160 5500
536 555 539 560 ,
614 494 806 554 HOMILIA
828 494 874 554 IN
898 493 1049 556 LUCAM
1071 495 1155 566 XVI,
1182 514 1277 571 ¹9·3¹·
1543 495 1625 582 377

272 707 434 790 legimus:
452 709 615 774 Lazarum
633 721 744 774 autern
762 731 827 775 non
847 710 997 794 legimus.
1015 710 1082 776 Sed
1099 711 1154 795 qui
1172 710 1249 774 fecit
1270 711 1445 787 Lazarum,
1462 713 1532 796 ipse
1549 711 1627 780 lecit

271 818 304 875 et
320 809 494 877 Abraham
508 837 516 879 ε
532 815 560 879 si
576 836 689 880 verum
714 815 795 879 dicit
820 815 1004 890 Abraham,
1022 835 1133 879 verum
1159 815 1381 896 intellegimus
1397 825 1432 880 et
1451 817 1625 885 Lazarum.

270 912 389 996 Neque
405 916 494 980 enim
512 918 630 982 umbra
647 921 795 1003 corporis
811 927 844 981 et
862 919 1071 982 mendacium
1089 927 1199 1000 potest
1216 939 1398 1002 congruere
1414 920 1555 987 veritati.

315 1019 422 1086 Homo
444 1023 579 1106 quidam
605 1035 679 1090 erat
700 1025 798 1090 dives.
823 1025 912 1088 Vide
939 1023 1198 1087 misericordiam
1222 1022 1295 1087 Dei.
1313 1023 1459 1087 Lazarus
1485 1045 1621 1107 pauper,

236 1149 250 1204 5
270 1125 427 1206 quoniam
445 1141 581 1192 sanctus
597 1141 677 1207 erat,
693 1131 903 1194 nominatur:
921 1129 1173 1192 isteverodives
1188 1137 1223 1192 et
1243 1127 1404 1209 superbus
1417 1147 1476 1191 nec
1487 1129 1623 1194 nomine

270 1229 404 1310 quidem
431 1231 553 1314 dignus
580 1233 713 1299 habitus
740 1243 799 1298 est.
817 1233 932 1296 Homo
959 1231 1096 1314 quidam
1123 1241 1193 1296 erat
1218 1230 1320 1296 dives.
1338 1233 1517 1314 Propterea
1545 1233 1623 1298 dico

269 1331 403 1414 quidam
417 1358 424 1399 :
440 1336 518 1418 quia
544 1337 640 1421 quasi
665 1337 783 1401 umbra
811 1335 987 1420 praeteriit.
1014 1334 1121 1398 Homo
1144 1333 1279 1416 quidam
1306 1344 1378 1398 erat
1400 1334 1500 1412 dives,
1516 1345 1548 1399 et
1574 1335 1623 1399 in·

270 1437 430 1502 dicebatur
436 1451 586 1523 purpura
612 1452 644 1506 et
657 1441 753 1522 bysso.
771 1441 924 1506 Cinerem
950 1449 983 1504 et
1009 1440 1179 1522 pulverem
1207 1449 1240 1502 et
1268 1447 1390 1503 terram
1414 1459 1559 1522 purpura
1587 1449 1621 1504 et

270 1545 373 1606 serico
388 1545 533 1626 tegebat.
551 1546 597 1610 Et
612 1545 807 1609 induebatur
817 1555 966 1627 purpura
980 1553 1012 1607 et
1026 1544 1123 1625 bysso,
1138 1552 1170 1605 et
1183 1542 1376 1624 epulabatur
1391 1541 1506 1607 cotidie
1519 1544 1622 1625 splen·

219 1675 251 1711 ro
268 1645 348 1712 daile.
367 1647 559 1714 Secundum
573 1649 780 1726 vestimenta,
796 1648 842 1712 ita
855 1659 888 1712 et
905 1648 1129 1731 epulae:ergo
1145 1654 1179 1709 et
1196 1668 1256 1711 nos
1267 1647 1383 1729 quales
1399 1647 1525 1729 epulas,
1540 1647 1621 1712 talia

268 1759 301 1814 et
316 1750 525 1816 uestimenta.

309 1855 357 1918 Et
385 1865 458 1919 erat
486 1857 650 1921 mandans
683 1857 819 1940 quidam
850 1857 977 1922 nomine
1007 1859 1164 1920 Lazarus.
1201 1857 1348 1920 Lazarus
1387 1857 1623 1939 interpretatur

267 1954 477 2048 βοηθούμενος,
494 1961 557 2025 hoc
573 1971 633 2038 est,
648 1963 704 2044 qui
721 1962 855 2026 adiutus
870 1971 942 2026 est:
959 1983 1026 2025 non
1042 1971 1092 2026 est
1105 1959 1245 2036 adiutor,
1259 1959 1316 2022 sed
1337 1959 1479 2023 adiutus.
1493 1959 1623 2044 Pauper

265 2068 352 2131 enim
369 2079 448 2144 erat,
465 2082 497 2136 et
514 2073 546 2136 in
564 2082 760 2156 paupertate
776 2072 822 2137 illi
834 2073 1000 2138 Dominus
1017 2073 1205 2137 adiuvabat.
1219 2068 1287 2148 Qui
1297 2069 1419 2134 iacebat
1430 2069 1621 2136 adranuam

215 2198 224 2234 r
230 2194 245 2249 ς
263 2169 333 2234 eius
348 2171 506 2238 ulceribus
513 2175 637 2262 plenus.
655 2177 758 2242 Dives
782 2179 843 2242 iste
871 2187 1071 2262 purpuratus
1087 2187 1120 2240 et
1144 2175 1339 2259 splendidus
1358 2195 1424 2238 non
1447 2186 1622 2240 accusatur

264 2275 352 2358 quod
369 2297 488 2342 avarus
504 2279 612 2357 luerit,
628 2301 694 2346 non
719 2285 798 2367 quia
823 2303 874 2348 res
900 2283 1025 2346 alienas
1050 2280 1171 2359 tulerit,
1187 2299 1255 2345 non
1271 2281 1349 2364 quia
1365 2280 1494 2345 adulter
1513 2279 1618 2359 fuerit,

263 2400 329 2443 uon
347 2381 424 2464 quia
441 2384 565 2468 aliquid
585 2385 663 2449 mali
680 2385 812 2451 iecerit:
828 2387 899 2451 sola
926 2388 958 2450 in
985 2386 1042 2450 illo
1066 2387 1311 2451 condemnatur
1326 2385 1489 2468 superbia.
1505 2384 1617 2449 Infeli-

263 2484 394 2549 cissime
409 2487 594 2564 hominum,
610 2500 738 2572 partem
766 2489 912 2572 corporis
936 2489 984 2553 tui
1011 2489 1104 2554 vides
1121 2489 1228 2553 iacere
1243 2499 1322 2554 ante
1338 2490 1484 2567 ianuam,
1499 2498 1532 2554 et
1549 2510 1614 2553 non

263 2589 449 2653 misereris?
467 2591 502 2656 Si
521 2589 584 2654 Dei
602 2602 780 2677 praecepta
796 2614 863 2657 non
895 2594 1094 2672 consideras,
1109 2594 1227 2658 saltem
1256 2594 1410 2658 miserere
1428 2592 1617 2657 condicioni

211 2721 243 2758 ιο
262 2704 347 2771 tuae,
363 2703 397 2759 et
408 2693 490 2759 time
507 2715 548 2758 ne
563 2703 597 2759 et
614 2695 685 2778 ipse
711 2697 788 2761 talis
814 2697 972 2762 efficiaris.
990 2697 1081 2781 Quid
1109 2717 1219 2762 servas
1236 2699 1268 2762 in
1285 2698 1417 2764 deliciis¹
1437 2700 1503 2764 tuis
1525 2699 1616 2783 quod

260 2797 461 2881 superfluum
490 2803 566 2863 est?
583 2799 683 2882 Quod
712 2803 823 2880 iactas,
839 2800 946 2866 tribue
972 2802 1004 2864 in
1032 2801 1249 2867 elemosinam
1275 2801 1426 2867 membro
1451 2811 1518 2866 tuo.
1538 2801 1615 2864 Non

259 2905 336 2967 dico
351 2914 387 2968 ut
403 2904 532 2969 auferas
548 2904 672 2968 divitiis
687 2907 774 2972 tuis:
790 2907 879 2990 quod
897 2906 985 2971 foras
1001 2906 1115 2984 iactas,
1132 2907 1235 2972 micas
1253 2925 1388 2970 mensae
1404 2915 1482 2969 tuae
1493 2905 1617 2986 praebe

260 3009 291 3070 in
309 3005 524 3071 elemosinam
543 3008 693 3074 membro
709 3019 776 3074 tuo.
795 3009 865 3089 Qui
879 3011 1000 3075 iacebat
1014 3011 1062 3074 ad
1083 3010 1219 3074 iammm
1234 3011 1311 3076 eius.
1330 3011 1411 3074 ldeo
1427 3009 1557 3073 iacebat
1573 3007 1615 3069 ad

259 3113 402 3190 ianuam,
417 3111 646 3177 crudelitatem
664 3113 743 3177 dum
762 3115 794 3178 in
816 3134 877 3179 suo
900 3136 1039 3200 corpore
1055 3114 1318 3179 demonstraret:
1335 3113 1410 3177 ideo
1427 3111 1557 3175 iacebat
1573 3110 1614 3172 ad

209 3233 240 3287 25
259 3217 402 3294 ianuam,
419 3235 460 3280 ne
486 3215 579 3280 dives
606 3219 739 3297 diceret,
756 3219 834 3283 Non
860 3220 937 3298 vidi,
954 3221 985 3283 in
1012 3220 1138 3302 angulo
1153 3219 1225 3295 tuit,
1239 3217 1387 3299 aspicere
1416 3233 1482 3277 non
1511 3211 1617 3294 potui,

259 3341 357 3386 nemo
373 3321 453 3384 mihi
481 3320 666 3386 nuntiabat.
686 3322 820 3386 Iacebat
846 3332 925 3387 ante
950 3325 1083 3387 ianuam
1100 3347 1107 3386 :
1124 3322 1264 3405 videbas·
1290 3319 1381 3382 illum
1399 3325 1432 3382 et
1449 3317 1566 3380 exiens
1582 3324 1616 3377 et

258 3434 432 3488 reverteas.
449 3423 502 3488 Eo
518 3434 669 3507 tempore
684 3426 821 3508 quando
836 3434 870 3488 te
887 3445 1003 3509 greges
1020 3445 1189 3490 servorum
1214 3434 1247 3488 et
1263 3424 1422 3490 clientum
1439 3438 1614 3504 proseque-

258 3528 386 3604 bantur,
402 3528 457 3590 ille
472 3527 603 3592 iacebat
619 3528 651 3591 in
669 3528 843 3592 ulceribus.
862 3527 899 3592 Si
916 3528 1002 3592 oculi
1019 3529 1067 3593 tui
1085 3529 1237 3610 putridas
1252 3546 1368 3589 carnes
1384 3523 1531 3607 aspicere
1548 3540 1614 3584 non

288 3715 376 3782 ridica]
388 3715 452 3765 codd
466 3731 473 3774 3
485 3715 548 3764 dicit
558 3731 586 3783 χ.
666 3727 679 3777 7
691 3715 763 3782 quia]
777 3715 807 3775 V,
819 3715 842 3764 N
856 3731 909 3780 sup.
923 3715 974 3775 lin;
986 3731 1036 3764 om.
1048 3715 1101 3765 FL.
1187 3713 1202 3763 8
1209 3719 1329 3779 purpura
1340 3719 1363 3761 rt
1373 3709 1448 3774 byrsa]
1459 3717 1569 3759 accusat.
1581 3709 1611 3758 L.

259 3797 372 3848 Ciuere'm
382 3813 403 3847 e.
414 3804 440 3861 p.
454 3812 474 3846 e.
489 3797 595 3859 terram]
606 3797 671 3845 cinis
681 3804 704 3846 et
710 3799 798 3860 pulvis
809 3805 832 3846 et
843 3805 911 3845 terra
923 3813 951 3865 χ,
1048 3804 1168 3861 purpura
1185 3801 1211 3843 et
1228 3795 1302 3844 serica
1313 3789 1414 3856 tegebat]
1434 3799 1579 3856 purpuram
1592 3798 1615 3840 rt

254 3879 359 3928 sericum
365 3877 483 3943 portabat
495 3878 558 3936 v1.;
574 3885 601 3942 p.
615 3893 635 3927 e.
649 3879 728 3941 syrica
740 3885 757 3928 t.
773 3879 810 3938 F;
817 3886 846 3942 p.
860 3896 880 3928 e.
894 3880 967 3927 sirico
978 3886 996 3928 t.
1013 3878 1037 3927 N
1049 3894 1113 3928 corr.
1217 3888 1247 3925 to
1257 3882 1282 3923 et
1292 3875 1345 3936 nas]
1363 3874 1427 3923 codd
1439 3891 1445 3932 ;
1469 3881 1493 3922 et
1504 3873 1572 3922 uelis
1584 3889 1611 3941 χ.

254 3959 347 4024 epulas]
358 3959 460 4023 aepulas
471 3959 653 4022 codd;cpulae
664 3974 692 4026 χ.
797 3961 1013 4023 taqur'rlam]om.
1028 3975 1055 4027 χ.
1165 3970 1194 4020 13
1208 3952 1614 4024 pondou'peuorlracerthcripsir

254 4055 420 4091 eorserorn'oc
431 4040 456 4090 l.
470 4056 490 4089 e.
506 4039 568 4099 FL;
581 4055 763 4091 uoueri-orror
774 4042 799 4092 lr.
813 4059 833 4092 e.
849 4043 873 4092 N
884 4061 891 4102 ;
903 4059 953 4093 om.
965 4059 993 4110 χ.
1093 4043 1140 4106 qui
1150 4042 1254 4090 adiutus
1264 4040 1308 4100 est]
1318 4039 1373 4106 χΝ,
1383 4037 1428 4088 sed
1446 4053 1520 4087 voces
1531 4039 1614 4102 quiet

254 4131 287 4172 ert
298 4131 384 4188 postea
395 4121 420 4172 in
435 4121 459 4171 N
472 4138 556 4172 erasae
568 4125 704 4187 sunt3qua'
713 4125 816 4173 arulr'tus
827 4132 861 4174 est
871 4125 891 4173 F
895 4125 923 4174 L.
991 4123 1267 4191 adr'ular]1;auditar
1280 4121 1456 4180 FL3audr'tus
1470 4121 1504 4170 N.
1574 4119 1617 4168 sed

254 4206 366 4268 aelirum]
378 4205 496 4273 [N3sal
504 4205 608 4255 amlitus
621 4205 673 4254 FL.
779 4220 807 4267 14
819 4207 873 4268 illi]
895 4207 957 4266 FL;
977 4207 1050 4256 illum
1063 4207 1117 4274 χΝ.
1220 4206 1256 4254 ad
1263 4204 1380 4265 ianuam]
1401 4203 1541 4252 arliauuas
1553 4204 1611 4254 FN.

257 4289 285 4337 16
288 4286 382 4353 suerit]
387 4287 446 4352 suit
458 4287 514 4336 FN.
618 4286 648 4336 18
654 4290 764 4352 partem]
777 4290 801 4338 N
814 4289 856 4348 (ci.
872 4305 946 4354 supra
958 4305 981 4354 p.
997 4289 1053 4352 336,
1068 4289 1083 4338 l.
1098 4303 1114 4350 4
1135 4290 1141 4313 ‘
1159 4305 1216 4338 caro
1228 4289 1285 4347 ista,
1304 4303 1378 4351 quam
1398 4286 1519 4351 possides,
1543 4303 1614 4337 meae

253 4373 334 4424 carnis
346 4373 428 4438 portio
440 4381 476 4421 est
490 4370 514 4430 ’ς
526 4378 627 4420 mortem
640 4371 714 4438 put..
827 4384 855 4432 19
866 4372 962 4433 saltem]
973 4371 1057 4418 saltim
1070 4371 1099 4428 F,
1116 4370 1139 4416 N
1151 4385 1214 4417 corr.
1309 4367 1460 4430 condiciani]
1472 4368 1493 4416 F
1503 4385 1510 4426 ;
1521 4368 1611 4418 candit.

253 4455 336 4504 celeri.
439 4466 466 4502 at
480 4453 552 4514 eral
562 4453 649 4515 iactas]
660 4453 725 4516 quil
735 4454 827 4501 iactas?
840 4454 869 4502 F.
971 4454 999 4500 r'rr
1010 4450 1178 4509 elemosinam]
1191 4451 1219 4497 iu
1231 4466 1281 4499 om.
1297 4451 1326 4510 F,
1347 4452 1371 4498 N
1383 4452 1483 4514 supplet
1496 4467 1550 4514 sup.
1565 4449 1610 4499 lin.

253 4551 284 4588 22
303 4537 414 4602 auferas]
433 4537 550 4586 detrahas
569 4537 602 4586 N.
703 4533 769 4598 quod
778 4530 862 4597 saras]
880 4551 943 4598 quas
954 4534 982 4599 Ι.
997 4534 1029 4582 N.
1132 4544 1163 4593 23
1175 4533 1203 4579 in
1222 4531 1305 4593 elem]
1325 4531 1353 4579 iu
1371 4531 1429 4581 add.
1444 4547 1500 4596 sup.
1515 4533 1559 4581 lin.
1575 4532 1610 4582 N.

253 4633 284 4682 24
295 4621 467 4670 credelitatem
486 4619 558 4680 duur]
571 4619 616 4668 1²1.
625 4636 633 4677 ;
652 4625 682 4667 ut
698 4618 867 4666 crudelitatem
883 4615 927 4674 N;
949 4622 977 4664 ul
997 4615 1167 4662 errulelitateru
1187 4613 1277 4662 divitis
1290 4629 1318 4682 χ,
1420 4615 1452 4664 26
1463 4614 1611 4674 nuntiabat]

253 4703 389 4752 nunciabat
401 4701 677 4770 ZFL3uuutialm'tin
690 4701 784 4760 rasura)
798 4699 831 4748 N.
902 4695 1213 4757 virlebaslcoddwr'rlelal
1221 4711 1249 4763 χ.
1319 4694 1350 4744 28
1358 4695 1488 4760 putridas]
1494 4695 1613 4760 putrellas

254 4786 275 4835 F
286 4785 409 4852 (petrides
419 4801 475 4850 sup.
490 4783 557 4846 lta).

306 4900 418 4943 Auentini-'t
427 4899 578 4940 Maredsotana
588 4898 632 4945 tlt,
642 4912 662 4936 z.
1536 4894 1562 4942 48
